2459 3817
255 183 337 247 62
638 181 714 240 ΙΝ
744 181 809 254 Q.
843 181 1058 241 CAEC.
1089 181 1324 241 DIVIN.
1408 180 1571 241 CAP.
1600 190 1687 242 22.
1731 188 1783 248 S.
1824 190 1907 245 73.

253 334 430 392 nimis
455 331 769 404 diligenter
783 338 1072 390 acturum.
1102 327 1299 391 Habet
1320 330 1477 390 enim
1508 330 1650 389 nihil
1678 333 1841 404 quod
1868 331 1927 389 in
1952 331 2295 392 offensione

254 414 572 488 deperdat=
603 421 670 473 ut
694 410 1042 486 turpissime
1071 411 1667 488 flagitiosissimeque
1697 412 1999 483 discedat,
2034 412 2177 471 nihil
2212 415 2295 473 de

255 498 384 555 suis
415 494 719 554 veteribus
762 494 1126 554 ornamentis
1159 494 1444 568 requiret.
1501 492 1599 555 72.
1642 496 1697 552 A
1726 494 1903 554 nobis
1931 497 2153 555 multos
2182 496 2289 555 ob-

255 578 421 637 sides
466 577 647 637 habet
684 577 948 650 populus
988 577 1331 649 Romanus,
1380 594 1537 651 quos
1576 585 1644 636 ut
1674 577 2009 636 incolumes
2042 592 2286 636 conser-

251 676 426 732 vare,
451 658 604 719 tueri
619 704 634 731 ‚
659 659 1016 719 confirmare
1038 674 1111 718 ac
1128 674 1489 732 recuperare
1504 657 1815 732 possimus
1830 704 1844 728 ‚
1872 658 2034 717 omni
2048 658 2291 734 ratione

251 741 364 801 erit
396 740 816 801 dimicandum.
858 740 1053 800 Habet
1076 741 1367 799 honorem
1394 756 1572 814 quem
1596 740 1886 815 petimus,
1909 740 2091 799 habet
2112 755 2287 815 spem

254 840 435 897 quam
459 822 833 897 propositam
856 822 1032 882 nobis
1048 823 1339 882 habemus
1354 868 1369 893 ‚
1393 821 1573 881 habet
1587 822 2086 882 existimationem
2100 824 2289 881 multo

255 906 508 976 sudore,
542 905 749 964 labore
785 903 1131 978 vigiliisque
1156 904 1499 965 collectam:
1536 914 1601 963 ut
1626 905 1679 963 si
1714 904 1771 962 in
1808 904 1924 963 hac
1960 920 2147 963 causa
2177 920 2282 963 no-

253 997 440 1046 strum
471 985 735 1046 officium
764 1003 836 1045 ac
871 986 1240 1060 diligentiam
1270 984 1756 1060 probaverimus,
1785 985 1968 1057 haec,
2003 1001 2162 1059 quae
2197 986 2283 1044 di·

251 1069 344 1141 xi,
374 1068 632 1127 retinere
660 1084 770 1142 per
797 1070 1089 1142 populum
1116 1070 1454 1128 Romanum
1487 1067 1809 1129 incolumia
1836 1084 1907 1127 ac
1941 1068 2113 1126 salva
2140 1084 2281 1141 pos-

253 1150 468 1210 simus:
514 1150 567 1211 si
606 1151 893 1211 tantulum
923 1149 1224 1210 offensum
1255 1150 1694 1223 titubatumque
1737 1150 1843 1221 sit,
1888 1159 1952 1209 ut
1984 1165 2083 1219 ea,
2128 1163 2287 1223 quae

253 1232 592 1306 singillatim
609 1248 680 1290 ac
711 1232 815 1292 diu
835 1232 1088 1292 collecta
1111 1240 1267 1302 sunt,
1304 1250 1425 1293 uno
1456 1241 1729 1306 tempore
1762 1232 2044 1290 universa
2065 1232 2281 1305 perda-

251 1329 404 1373 mus.
460 1311 558 1375 73.
601 1313 1009 1388 Quapropter,
1050 1313 1316 1397 iudices,
1358 1324 1623 1374 vestrum
1672 1322 1766 1373 est
1808 1312 2071 1385 deligere
2100 1328 2279 1385 quem

253 1394 613 1468 existimetis·
643 1395 921 1454 facillime
962 1411 1151 1469 posse
1189 1396 1659 1469 magnitudinem
1700 1411 1922 1454 causae
1952 1410 2025 1453 ac
2075 1393 2279 1453 iudicii

255 1474 555 1536 sustinere
585 1476 735 1547 fide,
777 1475 1116 1554 diligentia,
1149 1478 1438 1550 consilio,
1479 1477 1849 1538 auctoritate.
1892 1479 2025 1536 Vos
2056 1476 2110 1537 si
2138 1475 2279 1534 mihi

252 1558 318 1631 Ω.
370 1557 689 1618 Caecilium
732 1557 1230 1631 anteposueritis,
1282 1576 1397 1633 ego
1451 1576 1547 1619 me
1594 1558 1881 1633 dignitate
1930 1566 2279 1633 superatum

249 1638 754 1700 non‘arbitrabora
784 1640 1052 1713 populus
1077 1641 1387 1701 Romanus
1416 1658 1495 1701 ne
1514 1650 1633 1700 tam
1661 1640 2005 1715 honestam,
2037 1648 2159 1700 tam
2184 1656 2277 1699 se-

205 1780 210 1785 .
249 1738 454 1782 veram
493 1721 959 1795 diligentemque
1013 1725 1460 1783 accusationem
1504 1739 1701 1797 neque
1754 1722 1930 1782 vobis
1970 1722 2281 1797 placuisse

250 1821 449 1879 neque
479 1803 675 1865 ordini
703 1813 908 1867 nostro
937 1804 1181 1878 placere
1212 1805 1532 1867 arbitretur
1559 1806 1892 1879 providete.
