2459 3817
212 108 345 175 270
774 105 923 170 PRO
954 106 1020 167 L.
1052 106 1377 169 MURENA
1412 106 1714 167 ORATIO.

213 259 376 323 enim
410 258 677 322 sciebam
706 257 1015 319 catilinam
1048 275 1167 319 non
1202 262 1356 319 latus
1385 268 1490 319 aut
1521 268 1810 331 ventrem,
1859 256 1970 319 sed
2002 262 2274 332 caputet

213 346 439 406 collum
466 343 668 405 solere
698 351 908 417 petere
934 372 1039 418 --,
1071 358 1282 403 verum
1323 352 1388 402 ut
1417 358 1630 403 omnes
1657 342 1799 401 boni
1831 339 2273 401 animadverte·

214 437 375 499 rent,
421 434 511 498 et,
557 441 741 499 quum
782 423 841 483 in
887 433 1047 485 metu
1092 434 1153 487 et
1194 423 1468 501 periculo
1511 426 1829 485 consulem
1859 422 2164 497 viderent,
2208 422 2270 485 id

213 510 383 586 quod
435 517 531 569 est
584 510 840 579 sactum,
902 508 982 569 ad
1037 524 1215 583 opem
1272 507 1766 585 praesidiumque
1819 514 2271 569 concurrerent.

214 594 425 667 ltaque
471 608 657 667 quum
696 599 783 663 te,
844 590 1049 661 Servi,
1102 588 1515 653 remissiorem
1557 589 1619 651 in
1661 591 1928 667 petendo
1969 598 2269 667 putarent,

212 674 525 736 Catilinam
556 682 617 736 et
644 690 759 751 spe
786 682 846 736 et
877 674 1213 749 cupiditate
1241 672 1677 736 inflammatum
1707 675 2002 749 viderent,
2034 676 2272 746 omnes,

213 758 317 835 qui
348 758 509 819 illam
540 758 618 819 ab
651 774 718 817 re
747 760 993 835 publica
1024 766 1262 837 pestem
1297 758 1607 832 depellere
1639 756 1994 834 cupiebant,
2035 758 2116 817 ad
2137 756 2269 817 Mu-

210 858 419 904 renam
448 859 518 904 se
554 839 755 903 statim
782 842 1182 903 contulerunt.
1265 839 1365 901 53.
1405 844 1628 919 Magna
1658 850 1754 903 est
1783 850 1982 905 autem
2011 838 2272 902 comitiis

212 926 637 988 consularibus
697 926 1015 1001 repentina
1072 926 1452 986 voluntatum
1513 922 1854 999 inclinatio,
1910 924 2271 1001 praesertim

212 1027 399 1085 quum
442 1007 715 1070 incubuit
758 1009 838 1068 ad
878 1007 1073 1068 virum
1114 1008 1341 1069 bonum
1383 1015 1443 1068 et
1491 1004 1694 1085 multis
1739 1006 1875 1069 aliis
1905 1006 2272 1068 adiumentis

212 1092 520 1168 petitionis
550 1100 845 1152 ornatum.
916 1090 1028 1166 Qui
1060 1109 1247 1167 quum
1278 1090 1713 1154 honestissimo
1742 1100 1914 1167 patre
1935 1100 2122 1167 atque
2144 1105 2269 1150 ma·

212 1175 472 1246 ‘oribuffi
536 1174 985 1235 modestissima
1040 1174 1488 1251 adolescentia,
1550 1174 1887 1236 clarissima
1947 1172 2268 1249 legatione,

212 1269 495 1335 praetura
543 1259 797 1334 probata
837 1258 899 1317 in
940 1260 1101 1330 iure,
1142 1268 1314 1333 grata
1352 1258 1414 1319 in
1458 1274 1740 1329 munere,
1786 1266 1998 1319 ornata
2033 1258 2094 1318 in
2130 1273 2268 1333 pro-

210 1342 440 1409 vincia,
490 1340 746 1415 petisset
790 1338 1111 1414 diligenter
1152 1350 1211 1401 et
1252 1340 1334 1401 ita
1364 1342 1650 1415 petisset,
1689 1351 1756 1402 ut
1786 1357 1987 1417 neque
2022 1340 2270 1401 minanti

210 1425 457 1484 cederet
501 1438 701 1497 neque
744 1422 1031 1497 cuiquam
1071 1424 1425 1496 minaretur,
1474 1424 1614 1484 huic
1645 1424 1986 1500 mirandum
2021 1431 2117 1485 est
2143 1438 2268 1483 ma-

211 1523 333 1582 gno
382 1504 731 1566 adiumento
776 1504 1067 1566 Catilinae
1124 1504 1386 1567 subitam
1436 1524 1611 1583 spem
1666 1510 2019 1570 consulatus
2077 1504 2266 1582 adipi·

212 1588 422 1651 scendi
456 1589 690 1650 luisse?

378 1672 476 1737 54.
512 1674 684 1734 Nunc
714 1670 857 1735 mibi
884 1672 1097 1735 tertius
1126 1672 1228 1734 ille
1257 1677 1432 1735 locus
1465 1684 1560 1736 est
1574 1674 1849 1753 reliquus
1865 1674 2156 1736 orationis
2191 1676 2269 1738 do

207 1757 470 1821 ambitus
515 1756 901 1832 criminibuS,
943 1767 1348 1835 perpurgatus
1391 1759 1468 1819 ab
1511 1758 1620 1831 iis,
1662 1758 1937 1834 quiante
1972 1776 2068 1819 me
2098 1758 2265 1819 dixe-

213 1850 379 1915 runt,
420 1860 457 1900 a
496 1858 628 1914 me,
674 1841 963 1917 quoniam
1004 1841 1086 1903 ita
1114 1842 1370 1903 Murena
1397 1842 1617 1917 voluit,
1655 1844 2107 1903 retractandus=
2145 1858 2266 1918 quo

210 1923 269 1984 in
291 1926 431 1986 loco
454 1928 515 1987 C.
529 1928 839 1997 Postumo,
874 1924 1150 1986 familiari
1182 1942 1354 1999 meo,
1385 1924 1774 1987 ornatissimo
1812 1924 1973 1998 viro,
2009 1927 2086 1986 de
2116 1925 2260 1985 divi-

213 2024 418 2066 sorum
452 2006 692 2067 indiciis
721 2016 783 2068 et
811 2009 889 2068 de
916 2008 1319 2083 deprehensis
1353 2008 1664 2085 pecuniiS,
1694 2008 2070 2069 adolescenti
2100 2008 2266 2083 inge·

212 2088 389 2149 nioso
430 2098 492 2149 et
532 2089 725 2162 bono,
770 2089 901 2154 Ser.
944 2090 1250 2166 Sulpicio,
1293 2092 1371 2151 de
1400 2090 1669 2167 equitum
1703 2092 2022 2164 centuriis,
2051 2092 2132 2151 Μ.
2159 2092 2264 2153 Ca-

211 2174 356 2249 toni,
393 2172 617 2233 homini
647 2171 708 2232 in
738 2172 902 2234 omni
923 2173 1142 2235 virtute
1170 2173 1509 2246 excellenti,
1541 2175 1618 2233 de
1635 2174 1833 2248 ipsius
1851 2174 2264 2247 accusatione,

211 2257 289 2315 de
318 2265 567 2317 senatus
598 2258 907 2328 consulto,
940 2258 1018 2317 de
1049 2272 1117 2317 re
1146 2254 1392 2353 publica
1415 2254 1829 2331 respondebo.
1894 2258 2133 2319 XXVII.
2165 2256 2263 2319 55.

211 2339 335 2399 Sed
384 2355 609 2413 pauca,
654 2355 813 2415 quae
854 2354 1055 2399 meum
1096 2340 1362 2399 animum
1409 2348 1658 2416 repente
1700 2351 2050 2414 moverunt,
2095 2342 2268 2419 prius

210 2422 288 2481 de
320 2421 385 2480 L.
416 2422 707 2482 Murenae
736 2422 977 2481 fortuna
1006 2438 1369 2519 conquerar.
1450 2424 1600 2483 Nam
1633 2441 1818 2499 quum
1849 2441 2040 2501 saepe
2068 2435 2266 2501 antea,

210 2503 462 2574 iudiceS‚
494 2512 555 2564 et
583 2522 660 2565 ex
690 2504 944 2565 aliorum
973 2496 1235 2567 miseriis
1264 2514 1326 2568 et
1352 2523 1431 2566 ex
1459 2506 1610 2566 meis
1638 2508 1800 2568 curis
1831 2508 2267 2586 laboribusque

212 2586 533 2647 cotidianis
576 2589 914 2649 fortunatos
958 2604 1069 2648 eos
1109 2586 1387 2649 homines
1423 2588 1783 2663 iudicarem,
1831 2592 1936 2667 qui
1975 2595 2189 2654 remoti
2229 2610 2268 2653 a

210 2670 427 2733 studiis
464 2669 807 2733 ambitionis
852 2670 1038 2734 otium
1068 2688 1141 2732 ac
1170 2672 1659 2749 tranquillitatem
1686 2674 1850 2735 vitae
1882 2677 2076 2737 secuti
2107 2685 2264 2748 sunt,

210 2764 334 2815 tum
360 2770 509 2815 vero
542 2754 603 2815 in
634 2754 729 2816 his
758 2757 823 2817 L.
846 2756 1137 2817 Murenae
1167 2756 1345 2819 tantis
1373 2766 1619 2833 tamque
1647 2758 1996 2833 improvisis
2029 2759 2264 2833 pericu-

210 2836 285 2897 lis
316 2835 397 2896 ita
427 2854 561 2898 sum
590 2838 792 2903 animo
814 2842 1128 2914 adfectuS,
1173 2850 1242 2904 ut
1270 2858 1392 2902 non
1423 2858 1645 2918 queam
1678 2840 1826 2903 satis
1867 2856 2068 2914 neque
2099 2856 2261 2898 com·

211 2936 451 2981 munem
495 2922 758 2984 omnium
788 2932 1059 2985 nostrum
1088 2924 1510 2986 condicionem
1543 2942 1745 3000 neque
1774 2922 1954 2983 huius
1984 2930 2263 2982 eventum

210 3007 637 3081 fortunamque
664 3006 967 3068 miserari:
1015 3006 1119 3083 qui
1150 3007 1434 3083 primum,
1479 3010 1620 3067 dum
1649 3024 1726 3067 ex
1754 3004 2088 3065 honoribus
2119 3020 2262 3064 con-

212 3087 394 3151 tinuis
437 3088 699 3150 familiae
739 3092 1157 3165 maiorumque
1200 3108 1448 3151 suorum
1497 3106 1683 3149 unum
1715 3087 2096 3148 adscendere
2127 3104 2262 3162 gra-

214 3173 353 3235 dum
381 3172 686 3250 dignitatis
710 3182 965 3235 conatus
990 3181 1103 3244 est,
1134 3176 1296 3234 venit
1323 3173 1380 3233 in
1409 3172 1759 3247 periculum,
1794 3186 1870 3230 ne
1894 3181 1954 3233 et
1980 3188 2072 3245 ea,
2104 3189 2263 3249 qnae

250 3302 264 3318 .
281 3301 298 3318 .
316 3304 331 3319 .
351 3259 580 3330 relicta,
606 3265 666 3318 et
688 3256 859 3327 haec,
886 3271 1045 3331 quae
1061 3254 1135 3312 ab
1160 3255 1298 3329 ipso
1324 3264 1534 3330 parata
1546 3256 1713 3328 sunt,
1737 3256 1987 3331 amittat,
2015 3258 2254 3331 deinde,

216 3352 472 3417 propter
493 3340 757 3402 studium
781 3354 983 3399 novae
1011 3336 1221 3407 laudis,
1265 3339 1440 3397 etiam
1472 3337 1529 3397 in
1563 3341 1786 3401 veteris
1820 3343 2102 3405 fortunae
2131 3344 2253 3405 dis-

20 3654 271 3717 Α
