2459 3817
158 131 287 197 204
609 132 757 197 PRO
786 133 993 197 REGE
1024 132 1413 197 DEIOTARO
1474 131 1778 194 ORATIO.

162 294 381 348 exacta
412 294 609 351 aetate
644 288 1013 349 defecerant.
1100 287 1318 361 Itaque
1334 284 1684 349 Deiotarum
1717 301 1902 362 quum
1929 286 2144 361 plures
2183 288 2246 348 in

162 386 391 447 equum
418 371 826 444 sustulissent,
857 370 1025 445 quod
1058 370 1315 431 haerere
1342 368 1404 429 in
1437 387 1514 431 eo
1539 386 1733 431 senex
1762 378 2008 445 posset,
2043 371 2242 431 admi·

159 456 281 515 rari
332 455 711 517 solebamusz
757 453 857 513 hic
905 469 1068 523 vero·
1098 454 1495 526 adolescenS,
1546 453 1650 527 qui
1703 470 1880 514 meus
1921 454 1982 513 in
2027 452 2240 514 Cilicia

159 536 355 613 muca,
387 538 447 597 in
480 536 734 597 Graecia
762 535 1089 597 commilito
1121 534 1249 607 fuit,
1281 552 1468 613 quum
1490 535 1553 596 in
1587 536 1691 598 illo
1717 544 1929 597 nostro
1957 536 2242 599 exercitu

162 620 461 697 equitaret
500 634 639 680 cum
684 617 817 681 suis
858 619 1113 682 delectis
1154 619 1497 696 equitum,
1525 636 1685 696 quos
1727 638 1850 681 una
1879 636 2017 681 cum
2047 636 2123 680 eo
2154 620 2244 681 ad

156 700 509 777 Pompeium
553 710 726 777 pater
764 700 1040 775 miserat,
1098 720 1256 777 quos
1319 718 1660 765 concursus
1707 706 1912 765 facere
1953 701 2236 767 solebat!

159 800 341 862 quam
371 800 443 845 se
469 784 729 847 iactare!
758 802 941 862 quam
966 794 1303 850 ostentare!
1350 803 1532 862 quam
1559 785 1787 849 nemini
1820 786 1881 846 in
1909 787 2014 847 illa
2043 802 2236 852 causa

160 865 364 930 studio
414 876 477 930 et
530 870 863 947 cupiditate
910 871 1282 931 concedere!
1335 868 1438 931 29.
1493 870 1690 943 Quum
1747 886 1897 931 vero
1955 869 2238 931 exercitu

161 951 389 1012 amisso
435 968 586 1027 ego,
630 954 735 1029 qui
778 952 953 1031 pacis
996 969 1240 1029 semper
1267 963 1480 1015 auctor
1505 952 1604 1029 sui,
1629 960 1799 1031 [post
1817 952 2236 1014 Pharsalicum

163 1037 495 1111 proelium]
554 1054 780 1099 suasor
836 1037 1095 1099 fuissem
1152 1050 1462 1095 armorum
1521 1049 1648 1094 non
1707 1036 2242 1109 deponendorum,

165 1122 281 1181 sed
325 1120 840 1193 afficiendarum,
898 1119 1063 1181 hunc
1120 1119 1201 1179 ad
1244 1133 1443 1178 meam
1485 1116 1914 1177 auctoritatem
1961 1134 2086 1177 non
2131 1135 2243 1194 po-

162 1206 251 1265 tui
296 1205 637 1279 adducere,
678 1205 845 1279 quod
879 1213 941 1264 et
978 1205 1115 1279 ipse
1143 1202 1399 1263 ardebat
1422 1198 1625 1263 studio
1671 1200 1832 1263 illius
1868 1201 2008 1265 belli
2037 1213 2100 1267 et
2130 1221 2240 1281 pa·

161 1288 236 1348 tri
268 1286 417 1350 satis
448 1288 793 1349 faciendum
822 1303 967 1348 esse
996 1286 1415 1348 arbitrabatur.
1469 1284 1643 1345 Felix
1672 1284 1792 1346 ista
1821 1286 2044 1349 domus
2077 1304 2242 1363 quae

164 1387 289 1432 non
344 1370 759 1444 impunitatem
806 1372 1006 1431 solum
1035 1370 1262 1443 adepta
1303 1369 1414 1440 sit,
1459 1368 1574 1429 sed
1593 1370 1926 1429 accusandi
1954 1372 2138 1433 etiam
2168 1372 2242 1433 li·

164 1452 454 1513 centiam·
494 1453 888 1513 calamitosus
926 1450 1252 1517 Deiotarus
1295 1452 1401 1526 qui
1433 1460 1494 1512 et
1531 1441 1635 1512 ab
1638 1467 1747 1527 eo,
1793 1450 1900 1528 qui
1924 1452 1986 1514 in
2015 1451 2240 1516 iisd-em

166 1533 386 1595 castris
416 1532 617 1607 fuerit,
646 1540 685 1607 †
715 1550 841 1595 non
864 1536 1051 1597 modo
1082 1537 1250 1611 apud
1279 1542 1362 1606 te,
1397 1536 1514 1597 sed
1545 1536 1725 1596 etiam
1757 1553 1794 1595 a
1823 1536 1954 1597 suis
1987 1552 2245 1601 accuse-

164 1618 293 1677 tur!
349 1618 485 1678 Vos
513 1626 727 1679 vestra
755 1620 1033 1680 secunda
1064 1622 1339 1690 fortuna,
1373 1620 1619 1688 Castor,
1651 1635 1778 1682 non
1805 1620 2074 1695 potestis
2103 1622 2244 1684 sine

166 1699 657 1776 propinquorum
692 1703 1040 1765 calamitate
1070 1720 1215 1765 esse
1253 1703 1565 1765 contenti?

290 1786 392 1847 xl.
424 1782 525 1847 30.
578 1785 712 1849 Sint
738 1802 890 1847 sane
918 1785 1298 1861 inimicitiae,
1346 1802 1505 1863 quae
1547 1802 1690 1849 esse
1738 1804 1860 1849 non
1901 1785 2241 1847 debebant·

176 1884 278 1929 rex
318 1870 478 1930 enim
506 1870 829 1932 Deiotarus
872 1880 1134 1932 vestram
1172 1870 1456 1931 familiam
1495 1871 1794 1931 abiectam
1823 1880 1884 1933 et
1913 1870 2244 1930 obscuram

172 1968 205 2013 e
230 1953 503 2014 tenebris
528 1953 587 2013 in
618 1957 815 2015 lucem
836 1957 1145 2016 evocavit=
1180 1955 1320 2029 quis
1339 1962 1506 2015 tuum
1528 1961 1767 2028 patrem
1789 1954 2117 2027 anteaquis
2141 1968 2236 2013 es-

166 2044 263 2096 set
292 2053 475 2111 quam
508 2037 683 2097 cuius
710 2054 901 2111 gener
930 2046 1099 2100 esset
1140 2037 1412 2100 audivit?
1443 2037 1571 2097 Sed
1602 2037 1884 2113 quamvis
1914 2037 2152 2109 ingrate
2179 2043 2244 2096 et

166 2118 351 2193 impie
394 2118 869 2181 necessitudinis
906 2137 1128 2181 nomen
1170 2119 1616 2197 repudiaretis,
1657 2129 1856 2182 tamen
1892 2118 2241 2179 inimicitias

167 2199 479 2263 hominum
512 2218 680 2263 more
709 2220 923 2279 gerere
957 2204 1284 2280 poteratis,
1314 2221 1435 2266 non
1472 2204 1614 2264 ficto
1651 2203 1902 2265 crimine
1929 2201 2244 2277 insectari,

82 2330 93 2341 .
164 2301 285 2345 non
316 2293 609 2361 expetere
635 2287 850 2363 vitam,
892 2304 1015 2349 non
1046 2287 1266 2363 capitis
1297 2303 1636 2349 arcessere.
1723 2288 1902 2349 Estm
1933 2285 2243 2346 conceda-

162 2375 263 2429 tur
290 2366 444 2429 haec
488 2386 741 2445 quoque
785 2370 1087 2432 acerbitas
1143 2376 1205 2430 et
1247 2371 1374 2432 odii
1416 2370 1799 2445 magnitudo:
1847 2370 2114 2442 adeone,
2172 2378 2243 2431 ut

165 2450 368 2510 omnia
408 2452 571 2511 vitae
612 2453 953 2529 salutisque
996 2452 1336 2516 communis
1375 2462 1561 2529 atque
1613 2455 1793 2516 etiam
1845 2451 2240 2515 humanitatis

162 2531 297 2595 iura
327 2532 671 2597 violentur?
716 2538 978 2599 Servum
1018 2536 1348 2599 sollicitare
1376 2537 1600 2611 verbis,
1646 2554 1762 2613 spe
1789 2534 2242 2612 promissisque

164 2632 576 2695 corrumpere,
615 2622 921 2683 abducere
946 2623 1215 2691 domum,
1246 2628 1459 2683 contra
1487 2621 1798 2682 dominum
1828 2635 2084 2692 armare,
2115 2618 2240 2679 hoc

162 2708 258 2760 est
282 2718 405 2763 non
435 2703 542 2764 uni
576 2706 937 2782 propinquo,
970 2706 1083 2766 sed
1114 2703 1396 2766 omnibus
1425 2702 1666 2766 familiis
1689 2704 1985 2771 nefarium
2010 2702 2240 2763 bellum

160 2782 451 2846 indicere.
556 2788 707 2849 Nam
750 2788 869 2849 ista
900 2790 1250 2863 corruptela
1283 2788 1446 2849 servi
1487 2787 1542 2849 si
1569 2804 1693 2849 non
1723 2789 1908 2849 modo
1939 2784 2241 2862 impunita·

160 2866 359 2941 fuerit,
397 2872 509 2931 sed
543 2873 719 2933 etiam
748 2888 787 2932 a
812 2878 977 2933 tanta
1006 2871 1367 2934 auctoritate
1391 2872 1751 2947 approbata,
1783 2869 1932 2932 nulli
1969 2868 2236 2947 parietes

159 2958 433 3013 nostram
480 2956 770 3029 salutem,
820 2957 1022 3017 nullae
1062 2956 1267 3030 leges,
1310 2956 1474 3016 nulla
1505 2953 1638 3017 iura
1667 2954 2031 3017 custodient.
2113 2952 2238 3012 Ubi

160 3034 318 3095 enim
350 3033 447 3112 id,
488 3037 657 3113 quod
696 3038 859 3101 intus
886 3046 986 3101 est
1010 3047 1195 3114 atque
1229 3050 1534 3111 nostrum,
1565 3038 1815 3115 impune
1843 3038 2088 3099 evolare
2127 3050 2236 3111 po-

158 3125 279 3179 test
308 3128 644 3196 contraque
672 3138 787 3183 nos
818 3138 1129 3199 pugnare,
1170 3121 1282 3183 fit
1265 3139 1325 3182 m
1355 3121 1667 3183 dominatu
1699 3120 1981 3193 servituS,
2011 3119 2076 3181 in
2105 3134 2237 3179 ser

160 3200 350 3269 vitute
380 3204 744 3267 dominatus.
832 3204 933 3265 31.
979 3205 1027 3265 Ο
1069 3212 1375 3280 tempora,
1420 3221 1459 3265 o
1499 3213 1736 3266 mores!
1785 3206 1889 3265 Cn.
1934 3202 2240 3265 Domitius

158 3278 293 3355 ille,
324 3302 507 3358 quem
534 3304 653 3349 nos
687 3288 860 3363 pueri
889 3289 1238 3361 consulem,
1267 3302 1618 3359 censorem,
1663 3287 2012 3385 pontificem
2041 3286 2238 3347 maxi-

158 3376 324 3425 mum
356 3367 651 3443 vidimus,
692 3386 878 3445 quum
907 3369 1184 3431 tribunus
1220 3370 1422 3447 plebis
1451 3370 1530 3431 Μ.
1565 3371 1862 3434 Scaurum
1895 3368 2238 3447 principem
