2459 3817
836 151 1001 214 cAP.
1030 155 1213 214 5—7.
1258 156 1310 218 ς.
1343 157 1604 215 14—21.
2179 157 2253 222 “2

194 305 313 366 bus
346 317 464 378 ego
493 302 699 377 rebus,
727 300 983 376 iudices,
1014 299 1097 362 ita
1126 300 1418 362 flectebar
1446 301 1650 364 animo
1690 308 1878 376 atque
1920 301 2262 376 frangebar,

196 395 262 448 ut
286 386 405 446 iam
431 400 512 446 ex
539 386 831 447 memoria
858 403 1015 461 quas
1054 384 1200 446 mihi
1246 383 1368 459 ipsi
1412 386 1642 447 fecerat
1681 382 1937 445 insidias
1991 385 2260 459 depone-

196 486 343 540 rem,
380 475 447 529 ut
474 466 593 528 iam
622 468 959 530 irnrnissum
1000 485 1144 530 esse
1189 469 1268 528 ab
1297 483 1374 529 eo
1407 469 1471 529 C.
1502 467 1879 540 cornelium,
1923 467 2030 543 qui
2075 467 2264 527 mein

198 550 454 612 sedibus
483 551 656 626 meis,
684 551 747 612 in
777 561 1119 628 conspectu
1146 551 1359 613 uxoris
1391 567 1461 612 ac
1490 551 1815 612 liberorum
1842 567 2116 613 meorum
2141 559 2263 612 tru-

195 635 447 708 cidaret,
470 633 887 700 obliviscerer.
932 636 1099 710 Ome
1129 633 1286 695 side
1311 651 1434 696 uno
1458 650 1554 694 me
1585 633 1936 709 cogitasset,
1963 651 2085 709 qua
2115 635 2262 695 mol-

198 717 327 779 litia
354 735 493 779 sum
527 716 711 778 animi
741 735 815 780 ac
843 719 1109 791 ienitate,
1148 733 1478 792 numquam
1506 717 1854 778 mehercule
1896 717 2058 778 illius
2087 717 2261 778 lacri-

192 800 309 862 mis
348 817 425 861 ac
475 801 763 877 precibus
808 801 1203 864 restitissem=
1276 799 1374 861 19.
1421 800 1535 862 sed
1573 816 1759 875 quum
1808 799 1956 860 mihi
2009 803 2243 875 patriae

190 901 379 960 quum
410 893 752 946 vestrorum
782 885 1221 960 periculorum,
1258 901 1444 958 quum
1477 882 1658 944 huius
1687 881 1876 955 urbiS,
1917 901 2104 957 quum
2129 884 2262 943 illo-

186 983 323 1028 rum
341 968 732 1028 delubrorum
754 976 941 1043 atque
958 968 1341 1042 templorum,
1365 983 1550 1042 quum
1574 979 1904 1040 puerorum
1928 964 2264 1040 infantium,

190 1067 379 1124 quum
408 1059 817 1111 matronarum
846 1066 919 1110 ae
941 1050 1243 1125 virginum
1273 1050 1554 1110 veniebat
1585 1048 1648 1108 in
1677 1055 1959 1120 mentem,
1989 1056 2052 1109 et
2078 1063 2263 1122 quum

188 1130 333 1192 illae
359 1132 619 1193 infestae
642 1148 718 1192 ac
750 1133 1031 1192 funestae
1064 1134 1233 1192 faces
1257 1132 1736 1205 universumque
1757 1128 1949 1191 totius
1978 1127 2146 1191 urbis
2176 1129 2264 1190 in-

192 1212 493 1285 cendium,
524 1231 715 1289 quum
732 1216 874 1287 tela,
906 1231 1092 1290 quum
1108 1215 1359 1288 caedes,
1393 1231 1577 1290 quum
1601 1213 1824 1274 civium
1851 1229 2049 1286 cruor,
2079 1229 2263 1288 quum

191 1295 349 1356 cinis
385 1295 617 1371 patriae
648 1298 881 1358 versari
908 1305 1049 1358 ante
1078 1299 1296 1358 oculos
1330 1305 1516 1372 atque
1558 1297 1820 1359 animum
1851 1295 2142 1358 memoria
2168 1311 2260 1356 re-

189 1378 411 1439 fricare
447 1388 773 1455 coeperat,
820 1388 947 1442 tum
978 1378 1250 1455 denique
1289 1379 1348 1441 ei
1377 1379 1773 1454 resistebam,
1817 1395 2020 1454 neque
2061 1381 2263 1440 solum

186 1461 272 1524 illi
306 1461 469 1524 hosti
497 1479 573 1522 ac
600 1462 961 1538 parricidae,
993 1464 1107 1525 sed
1150 1462 1248 1524 his
1278 1463 1460 1525 etiam
1491 1463 1856 1540 propinquis
1888 1461 2070 1536 illius,
2103 1463 2262 1522 Mar·

188 1544 377 1618 cellis,
410 1546 569 1621 pat-ri
602 1554 662 1606 et
694 1545 850 1619 filio,
888 1563 1156 1622 quorum
1184 1549 1339 1608 alter
1367 1549 1530 1624 apud
1567 1563 1663 1608 me
1695 1545 1970 1622 parentis
1999 1545 2262 1621 gravita-

186 1637 325 1702 tem,
357 1629 510 1690 alter
528 1629 637 1690 filii
661 1629 1021 1692 suavitatem
1044 1629 1388 1692 obtinebatz
1420 1645 1624 1706 neque
1647 1647 1746 1690 me
1767 1629 2104 1691 arbitrabar
2127 1628 2262 1690 sine

186 1727 423 1772 summo
460 1713 694 1773 scelere
726 1727 934 1786 posse,
968 1715 1137 1788 quod
1166 1713 1531 1774 maleficium
1565 1712 1628 1772 in
1661 1711 1798 1772 aliis
1821 1711 2260 1784 vindicassem,

186 1793 351 1854 idem
378 1792 439 1853 in
462 1795 702 1855 illorum
728 1794 921 1867 socio,
950 1813 1143 1869 quum
1172 1795 1425 1866 scirem,
1467 1795 1820 1854 defendere.
1909 1792 2012 1854 20.
2056 1795 2262 1865 Atque

188 1875 351 1936 idem
383 1891 500 1950 ego
550 1892 753 1950 neque
779 1876 841 1935 P.
872 1877 1101 1937 Sullam
1148 1876 1494 1952 supplicem
1551 1876 1709 1936 ferre
1756 1891 1960 1950 neque
2009 1876 2262 1936 eosdem

183 1959 510 2020 Marcellos
559 1974 671 2032 pro
720 1958 904 2019 huius
955 1959 1244 2034 periculis
1293 1958 1681 2020 lacrimantes
1727 1959 2009 2033 aspicere
2057 1973 2262 2032 neque

184 2041 369 2102 huius
409 2041 489 2100 M.
536 2040 897 2115 Messallae,
946 2041 1207 2102 hominis
1253 2041 1625 2116 necessarii,
1687 2056 1909 2116 preces
1955 2039 2262 2102 sustinere

183 2123 391 2200 potui:
432 2139 635 2199 neque
668 2123 828 2184 enim
864 2133 965 2186 est
997 2141 1188 2186 causa
1224 2125 1553 2186 adversata
1582 2133 1868 2197 naturae,
1917 2141 2033 2186 nec
2075 2124 2260 2185 homo

184 2223 303 2268 nec
336 2223 437 2268 res
480 2206 937 2268 misericordiae
978 2224 1153 2268 meae
1194 2206 1576 2284 repugnavit.
1662 2205 1978 2282 Nusquam
2016 2223 2260 2281 nomen,

183 2305 490 2364 nusquam
517 2289 837 2364 vestigium
869 2292 1095 2352 saerata
1134 2293 1363 2354 nullum
1399 2291 1647 2364 crimen,
1684 2293 1916 2353 nullum
1949 2289 2259 2355 indicium.

182 2373 351 2434 nulla
382 2372 663 2448 suspitio.
765 2373 1027 2449 Suscepi
1057 2391 1325 2448 eausam,
1359 2374 1682 2450 Torquate,
1729 2374 2002 2449 suscepi,
2053 2382 2116 2434 et
2142 2374 2260 2434 rec.

181 2454 443 2517 libenter
470 2465 537 2517 ut
560 2473 692 2530 me,
722 2473 909 2532 quem
932 2457 1079 2518 boni
1103 2466 1509 2532 constantem,
1537 2465 1604 2519 ut
1629 2473 1837 2533 spero,
1869 2472 2118 2531 semper
2151 2471 2258 2517 ex·

178 2538 575 2612 istimassent,
610 2542 893 2602 eumdem
922 2557 1001 2602 ne
1028 2541 1290 2617 improbi
1323 2542 1570 2617 quidem
1607 2541 1923 2602 crudelem
1963 2540 2257 2601 dicerent.

347 2624 481 2683 VII.
522 2621 624 2684 21.
662 2625 779 2686 Hic
806 2625 890 2687 ait
910 2639 984 2684 se
1005 2623 1123 2698 ille,
1145 2624 1405 2698 iudices,
1427 2641 1685 2700 reg-num
1709 2640 1912 2686 meum
1944 2625 2104 2684 ferre
2137 2635 2258 2684 non

182 2721 393 2781 posse.
438 2706 615 2780 Quod
644 2709 905 2781 tandem,
928 2705 1252 2784 Torquate,
1283 2713 1586 2784 regn-um?
1629 2709 2018 2779 consulatus,
2050 2707 2257 2777 credo,

180 2789 329 2848 mei:
359 2789 419 2848 in
452 2805 574 2864 quo
600 2805 723 2864 ego
746 2789 1049 2866 imperavi
1070 2790 1220 2851 nihil
1260 2799 1321 2852 et
1341 2799 1554 2852 contra
1582 2791 1858 2866 patribus
1888 2788 2258 2864 conscriptis

176 2880 244 2932 et
271 2870 450 2933 bonis
474 2871 761 2934 omnibus
786 2871 995 2948 parui:
1028 2874 1236 2948 quoin
1258 2875 1616 2948 magistratu
1653 2889 1776 2933 non
1807 2872 2142 2942 institutum
2163 2878 2260 2933 est

178 2953 468 3016 videlicet
488 2971 527 3015 a
557 2971 655 3017 me
682 2972 958 3030 regnum,
991 2958 1109 3017 sed
1137 2971 1514 3030 repressum.
1584 2958 1682 3015 An
1711 2964 1840 3018 tum
1863 2955 1923 3015 in
1953 2964 2118 3017 tanto
2147 2956 2257 3014 im·

180 3034 353 3111 perio
374 3045 665 3114 tantaque
684 3046 991 3114 potestate
1017 3055 1141 3100 non
1168 3038 1328 3100 dicis
1351 3053 1448 3100 me
1471 3037 1666 3100 fuisse
1685 3053 1916 3113 regem,
1945 3053 2106 3098 nunc
2137 3033 2256 3112 pri·

183 3127 389 3181 vatum
417 3136 677 3196 regnare
700 3121 902 3183 dicist
932 3139 1057 3198 quo
1078 3123 1326 3184 tandem
1357 3122 1646 3184 nomine?
1689 3122 1866 3196 Quod
1893 3121 1953 3181 in
1985 3137 2148 3196 quos
2172 3127 2254 3179 te·

176 3202 465 3264 stimouia
480 3203 705 3278 dixisti,
721 3205 779 3264 in
788 3204 935 3281 quit,
949 3205 1215 3268 damnati
1235 3214 1410 3267 sunt=
1445 3222 1629 3282 quem
1645 3205 1930 3267 defendis
1955 3210 2163 3278 sperat
2187 3215 2276 3262 se-

176 3284 527 3347 absolutum
555 3285 647 3349 iri.
686 3287 801 3349 Hic
838 3287 944 3350 tibi
958 3305 1074 3364 ego
1091 3290 1169 3351 de
1184 3289 1717 3352 testimoniismeis
1732 3290 1852 3350 hoc
1867 3285 2218 3360 respondeo
2235 3293 2259 3346 τ’·
2305 3329 2318 3360 ·.

180 3366 235 3427 si
258 3368 477 3430 falsum
508 3369 783 3447 dixerim,
812 3379 873 3434 te
902 3371 965 3433 in
989 3373 1244 3434 eosdem
1275 3372 1538 3434 dixisse=
1569 3373 1664 3432 sin
1698 3383 1926 3444 verum,
1956 3383 2082 3428 non
2110 3383 2257 3429 esse
