2459 3817
795 153 955 212 CAP.
979 160 1241 214 63--65.
1284 160 1335 218 s.
1364 159 1457 211 131
1486 160 1693 213 -135.
2189 154 2271 215 93

221 305 506 366 omnibus
545 302 842 364 machinis
887 318 962 363 ac
995 301 1337 373 tormentis,
1374 301 1471 374 vi,
1496 302 1785 361 ,exercitu
1800 346 1815 373 ,
1848 300 2045 375 copiis
2076 318 2267 377 oppu-

217 402 470 462 gnat-er,
515 386 594 445 de
635 401 760 445 uno
803 383 1114 458 sagittario
1159 400 1261 444 me
1302 383 1475 457 queri
1517 382 1866 445 convenire.
1940 386 2097 443 Acta
2136 402 2269 446 mea

220 470 340 530 sibi
367 470 451 529 ait
475 467 820 543 displicere.
876 466 1028 539 Quis.
1051 466 1291 526 nescit?
1326 467 1431 541 qui
1456 468 1653 539 legem
1681 478 1879 525 meam
1908 474 2269 538 contemnat,

223 568 382 627 quae
428 548 692 609 dilucide
736 556 898 609 vetat
935 549 1319 623 gladiatores.
1344 548 1589 609 biennio
1608 594 1627 621 ,
1681 565 1803 622 quo
1854 547 1993 623 quis
2030 549 2271 621 petierit

218 642 328 695 aut
358 631 650 707 petiturus
683 631 790 705 sit,
833 631 1026 691 dare?
1088 630 1228 693 134.
1282 632 1350 690 In
1378 648 1502 707 quo
1530 629 1665 693 eius
1699 630 2093 693 temeritatem
2111 630 2269 692 satis

217 715 454 789 mirari,
487 713 753 789 iudices,
787 729 911 774 non
941 730 1122 787 queo.
1193 713 1365 773 Facit
1390 712 1777 788 apertissime
1798 721 2017 775 contra
2042 716 2239 789 legem

219 797 366 859 facit
401 796 490 869 is,
537 796 642 870 qui
676 812 882 871 neque
925 796 1084 856 elabi
1126 813 1208 856 ex
1251 794 1479 857 iudicio
1521 795 1896 857 iucunditate
1925 814 2039 857 sua
2068 814 2269 872 neque

217 878 407 941 emitti
447 878 640 953 gratia
683 888 890 953 potest
929 894 1132 953 neque
1171 877 1395 952 opibus
1428 886 1491 939 et
1519 876 1790 953 potentia
1817 880 1987 952 leges
2016 895 2089 939 ac
2117 878 2269 939 iudi—

211 962 318 1023 cia
365 961 761 1036 perfringere.
831 961 998 1033 Quae
1038 976 1142 1021 res
1187 959 1493 1021 hominem
1520 959 1805 1034 impellit,
1831 969 1898 1021 ut
1924 961 2004 1021 sit
2031 970 2151 1020 tam
2179 960 2267 1020 iu—

220 1050 612 1119 temperans?
655 1046 697 1119 †
737 1043 862 1101 Iste
894 1042 1080 1102 nimia
1111 1042 1341 1116 gloriae
1370 1042 1701 1117 cupiditate
1729 1042 2010 1104 familiam
2040 1042 2265 1117 gladia—

220 1126 464 1198 toriam,
488 1126 703 1196 credo,
733 1130 996 1185 nanctus
1027 1132 1123 1183 est
1147 1125 1530 1199 speciosam,
1573 1124 1869 1197 nobilem,
1916 1126 2263 1199 gloriosam.

217 1208 404 1267 Norat
443 1205 646 1266 studia
677 1205 916 1280 populi,
948 1206 1194 1265 videbat
1236 1208 1533 1267 clamores
1560 1215 1622 1269 et
1645 1222 1987 1271 concursus
2015 1208 2249 1269 futuros

216 1290 353 1349 Hac
396 1288 856 1377 exspectatione
895 1290 1090 1349 elatus
1132 1288 1317 1349 homo
1356 1288 1627 1363 flagrans
1668 1288 1997 1365 cupiditate
2036 1290 2267 1365 gloriae

218 1380 426 1431 tenere
447 1386 518 1431 se
538 1386 664 1430 non
694 1354 906 1452 potuit,
935 1370 1082 1445 quin
1110 1388 1222 1431 eos
1245 1371 1619 1445 gladiatores
1644 1371 1976 1444 induceret,
2009 1388 2270 1447 quorum

213 1460 388 1513 esset
414 1452 556 1527 ipse
581 1436 1042 1527 pulcherrimus.
1109 1452 1176 1515 Si
1198 1454 1281 1515 ob
1308 1470 1445 1515 eam
1488 1470 1741 1517 causam
1782 1464 2105 1531 peccaret,
2152 1470 2268 1530 pro

215 1535 446 1595 recenti
485 1536 698 1610 popuii
725 1536 984 1596 Romani
1024 1536 1085 1595 in
1124 1552 1196 1597 se
1238 1536 1539 1597 beneficio
1578 1537 1864 1611 populari
1912 1536 2114 1597 studio
2144 1538 2264 1597 ela·

215 1626 346 1689 tuS,
389 1626 588 1678 tamen
629 1618 978 1693 ignosceret
1021 1636 1231 1679 nemo·
1285 1636 1471 1693 quum
1514 1636 1662 1679 vero
1708 1636 1787 1679 ne
1824 1620 1902 1679 de
1948 1618 2267 1680 venalibus

219 1699 464 1773 quidem
483 1700 758 1781 homines
779 1702 1029 1773 electoS,
1059 1703 1171 1762 sed
1197 1718 1277 1760 ex
1305 1700 1629 1776 ergastulis
1655 1710 1895 1774 emptos
1924 1699 2267 1761 nominibus

217 1770 604 1855 gladiatoriis
625 1782 854 1842 ornarit
881 1792 944 1843 et
971 1785 1184 1843 sortito
1215 1784 1373 1843 alios
1402 1782 1738 1853 SamniteS,
1780 1780 1939 1841 alios
1969 1797 2266 1856 provoca-

215 1872 384 1923 tores
425 1862 664 1933 tecerit,
710 1871 876 1925 tanta
921 1865 1191 1936 licentia,
1230 1872 1395 1926 tanta
1426 1867 1629 1937 legum
1661 1864 2033 1937 contemptio
2063 1880 2268 1924 nonne

219 1960 400 2019 quem
442 1943 720 2006 habitura
759 1944 838 2006 sit
873 1945 1102 2005 exitum
1143 1944 1553 2019 pertimescit?
1600 1943 1741 2005 135.
1796 1945 1920 2005 Sed
1950 1946 2133 2006 habet
2162 1948 2267 2006 de-

217 2024 533 2087 fensiones
541 2026 726 2087 duas:
748 2027 1041 2100 primum:
1065 2026 1178 2096 Do,
1200 2024 1413 2099 inquit,
1430 2024 1793 2085 bestiarios:
1814 2028 1917 2085 lex
1934 2023 2165 2097 scripta
2185 2034 2270 2083 est

217 2108 298 2169 de
323 2107 776 2181 gladiatoribus.
807 2139 892 2153 —-
917 2104 1179 2169 Festive.
1236 2106 1513 2182 Accipite
1535 2106 1766 2181 aliquid
1794 2106 1975 2167 etiam
2006 2106 2265 2168 acutius,

217 2188 394 2251 Dicet
419 2206 490 2253 se
518 2206 641 2253 non
671 2190 1075 2265 gladiatores,
1119 2192 1233 2250 sed
1266 2206 1453 2249 unum
1478 2188 1875 2263 gladiatorem
1910 2190 2055 2247 dare
2084 2197 2145 2249 et
2176 2198 2265 2251 to-

217 2281 338 2332 tam
367 2272 729 2333 aedilitatem
757 2272 826 2332 in-
849 2288 1068 2333 munus
1095 2272 1214 2333 hoc
1244 2271 1645 2335 transtulisse.
1717 2271 2034 2331 Praeclara
2061 2270 2267 2331 aedili-

219 2362 344 2425 tas!
390 2353 563 2417 Unus
591 2356 719 2426 leo,
764 2354 1010 2415 ducenti
1046 2354 1336 2415 bestiarii.
1376 2356 1621 2442 ,Verum
1660 2362 1867 2413 utatur
1900 2354 2015 2413 hac
2056 2355 2265 2414 defen·

216 2435 422 2497 sione·
465 2436 644 2510 cupio
687 2452 828 2497 eum
855 2453 1006 2497 suae
1033 2452 1261 2498 causae
1287 2437 1617 2497 confidere.
1690 2436 1861 2497 Solet
1892 2436 2055 2497 enim
2084 2436 2268 2498 tribu-

217 2534 334 2579 nos
385 2517 584 2593 plebis
623 2520 936 2593 appellare
963 2528 1028 2580 et
1050 2519 1114 2579 vi
1141 2519 1431 2582 iudicium
1459 2518 1833 2593 disturbare,
1880 2536 2067 2594 quum
2109 2518 2263 2579 diffi-

222 2602 324 2661 dit.
384 2600 590 2696 Quem
607 2618 731 2663 non
760 2610 880 2663 tam
909 2602 1203 2676 admiror,
1246 2602 1416 2677 quod
1446 2617 1641 2661 meam
1676 2602 1873 2697 legem
1918 2603 2263 2675 contemnit,

215 2682 526 2743 hominis
509 2682 764 2756 mimici,
805 2702 986 2759 quam
1015 2686 1185 2757 quod
1211 2684 1303 2745 sic
1336 2676 1567 2757 sta‘tuit,
1604 2683 1852 2745 omnino
1882 2686 2265 2745 consularem

218 2766 416 2839 legem
459 2766 684 2827 nullam
727 2774 960 2839 putare.
1024 2766 1344 2827 Caeciliam
1390 2765 1657 2835 Didiam,
1704 2764 1996 2827 Liciniam
2038 2766 2267 2827 Iuniam

219 2848 604 2921 contempsit.
663 2846 936 2911 Etiamne
977 2848 1142 2921 eiuS,
1184 2865 1367 2923 quem
1412 2864 1525 2909 sua
1556 2850 1693 2921 lege
1724 2857 1785 2908 et
1817 2864 1933 2908 suo
1965 2848 2267 2909 beneficio

217 2938 512 3000 ornatum,
543 2928 853 2999 munitum,
881 2938 1174 2989 armatum
1203 2931 1360 2990 solet
1384 2928 1649 3003 gloriari,
1676 2928 1739 2988 C.
1767 2930 2046 2993 Caesaris
2074 2934 2271 3005 legem

130 3078 138 3089 ¹
219 3012 298 3071 de
324 3010 606 3087 pecuniis
634 3010 988 3086 repetundis
1021 3028 1144 3075 non
1176 3020 1347 3086 putat
1373 3028 1517 3073 esse
1543 3012 1786 3087 legem?
1811 3013 1887 3073 Et
1918 3014 2085 3075 aiunt
2111 3013 2267 3074 alios

219 3108 392 3166 esse,
435 3094 542 3167 qui
579 3102 718 3153 acta
747 3093 1024 3155 Caesaris
1064 3094 1447 3165 rescindant,
1488 3110 1676 3169 quum
1720 3094 1875 3155 haec
1904 3095 2133 3170 optima
2165 3096 2269 3153 lex

219 3185 282 3235 et
317 3177 394 3235 ab
440 3175 544 3236 illo
590 3191 808 3238 socero
849 3176 982 3237 eius
1017 3184 1078 3237 et
1105 3178 1182 3237 ab
1210 3177 1331 3237 hoc
1354 3177 1648 3245 adsecula
1680 3177 2061 3253 negligatur?
2089 3176 2270 3235 LXV.

223 3254 292 3317 Et
316 3257 623 3319 >cohortari
647 3274 840 3320 ausus
867 3269 964 3319 est
993 3268 1317 3321 accusator
1347 3258 1411 3319 in
1442 3258 1558 3319 hac
1598 3275 1788 3320 causa
1832 3275 1977 3331 voS,
2014 3258 2269 3331 iudiceS,

219 3347 284 3399 ut
311 3338 639 3416 aliquando
669 3341 890 3401 essetis
919 3342 1137 3415 severi,
1163 3341 1493 3416 aliquando
1522 3340 1882 3402 medicinam
1905 3340 2271 3403 adbiberetIs
