2459 3817
768 120 933 183 cAP.
966 129 1228 185 10—13.
1271 128 1326 190 s.
1355 131 1620 186 25-32.
2120 112 2265 195 219,

147 268 367 331 Credo
402 267 563 331 enim
588 287 739 344 vos,
768 271 1008 335 nobiles
1038 272 1340 345 homines,
1379 291 1602 350 magna
1635 276 1938 352 quaedam
1956 286 2236 352 spectan-

150 360 277 426 tes,
302 368 427 413 non
454 353 795 429 pecuniam,
820 363 888 415 ut
910 357 1157 430 quidam
1179 356 1360 419 nimis
1383 358 1615 420 creduli
1645 360 2052 434 suspicantur,
2079 378 2238 437 quae

152 451 411 511 semper
438 436 519 497 ab
548 435 925 513 amplissimo
957 456 1207 515 quoque
1257 439 1724 517 clarissimoque
1751 450 2100 519 contempta
2124 452 2236 517 est,

158 535 295 581 non
342 535 499 595 opes
541 519 849 583 violentas
902 528 966 585 et
1016 524 1250 598 populo
1294 524 1574 586 Romano
1629 522 1877 587 minime
1919 526 2236 587 terendam

162 603 539 675 potentiam,
588 605 705 665 sed
748 604 1063 667 caritatem
1106 605 1334 667 civium
1377 613 1445 667 et
1483 606 1744 683 gloriam
1771 604 2234 685 concupivisse.

150 682 273 741 Est
296 691 499 747 autem
540 683 735 759 gloria
774 684 909 745 laus
948 691 1114 746 recte
1152 684 1458 747 factorum
1499 700 1982 760 magnorumque
2011 684 2071 745 in
2107 700 2238 750 rem

153 766 471 843 publicam
506 765 877 842 meritorum,
906 783 1068 846 quae
1103 784 1294 842 quum
1321 767 1534 842 optimi
1561 766 1864 843 cuiusque
1893 777 2018 829 tum
2051 768 2236 829 etiam

148 848 559 912 multitudinis
584 850 928 911 testimonio
951 851 1405 926 comprobatur.
1445 850 1548 913 30.
1577 850 1874 923 Dicerem,
1899 851 2233 927 Dolabella,

148 934 267 1008 qui
288 942 459 995 recte
483 933 778 995 sactorum
801 934 1035 993 fruetus
1057 941 1244 1007 esset,
1269 932 1388 995 nisi
1412 941 1471 994 te
1493 941 1736 1008 praeter
1798 941 2040 993 ceteros
2062 935 2235 1008 paul-

150 1017 355 1092 lisper
382 1031 527 1076 esse
560 1022 879 1089 expertum
910 1016 1198 1080 viderem.
1264 1015 1456 1089 Quem
1481 1024 1659 1091 potes
1688 1014 2000 1076 recordari
2027 1014 2088 1075 in
2113 1015 2234 1078 vita

152 1098 443 1159 illuxisse
470 1097 577 1159 tibi
608 1097 769 1159 diem
799 1096 1112 1159 laetiorem
1142 1115 1325 1173 quam
1368 1114 1556 1173 quum
1589 1097 1838 1173 expiato
1871 1100 2026 1172 foro,
2054 1098 2236 1161 dissi·

151 1190 304 1257 pato
336 1196 646 1243 concursu
676 1178 1019 1256 impiorum,
1049 1180 1430 1256 principibus
1454 1180 1708 1243 sceleris
1733 1196 1936 1257 poena
1955 1180 2255 1255 adfectiS‚.

146 1266 336 1340 [urbe
352 1263 637 1325 incendio
672 1271 736 1324 et
772 1262 984 1325 caedis
1026 1273 1191 1333 metu
1209 1265 1494 1339 liberata]
1524 1273 1584 1327 te
1627 1264 1875 1326 domum
1904 1263 2236 1338 recepistir

152 1346 349 1409 Cuius
381 1343 644 1420 ordiniS,
692 1344 867 1408 cuius
898 1347 1169 1423 generis,
1206 1347 1382 1409 cuius
1415 1347 1682 1424 denique
1717 1348 1996 1409 fortunae
2025 1346 2230 1409 studia

155 1442 287 1493 tum
316 1429 485 1491 laudi
514 1438 579 1491 et
596 1430 981 1505 gratulationi
1023 1439 1163 1491 tuae
1196 1447 1268 1491 se
1307 1448 1431 1492 non
1475 1432 1863 1493 obtulerunttl
1897 1429 2051 1505 Quin
2082 1429 2228 1493 mihi

151 1514 360 1589 etiam,
390 1530 513 1590 quo
548 1523 799 1575 auctore
828 1522 889 1575 te
915 1512 1085 1575 inhis
1113 1516 1302 1575 rebus
1325 1514 1410 1575 uti
1432 1514 1893 1587 arbitrabantur,
1917 1521 1981 1575 et
2005 1513 2232 1589 gratias

154 1596 309 1661 boni
341 1596 455 1657 viri
500 1598 765 1671 agebant
797 1604 858 1659 et
883 1607 987 1659 tuo
1016 1599 1262 1661 nomine
1301 1599 1774 1671 gratulabantur.
1859 1598 2230 1669 Recordare,

154 1696 419 1755 quaeso,
446 1680 783 1754 Dolabella,
815 1696 1189 1743 consensum
1218 1680 1386 1741 illum
1416 1680 1650 1753 theatri,
1681 1697 1867 1755 quum
1892 1696 2106 1741 onmes
2129 1695 2232 1739 ea-

159 1780 295 1824 rum
326 1778 527 1823 rerum
557 1763 744 1835 obliti,
779 1771 1032 1837 propter
1062 1779 1217 1837 quas
1249 1764 1490 1823 fuerant
1528 1762 1634 1823 tibi
1656 1760 1894 1834 offensi,
1925 1761 2230 1835 significa-

160 1853 303 1906 rent
348 1860 419 1907 se
452 1844 755 1906 beneficio
788 1862 953 1907 novo
982 1845 1336 1907 memoriam
1369 1846 1596 1908 veteris
1642 1844 1876 1907 doloris
1902 1842 2228 1905 abiecisse.

158 1929 263 1991 31.
300 1928 471 1988 Hanc
505 1938 598 1999 tu,
637 1928 701 1987 P.
730 1929 1048 1989 Dolabella
1088 1960 1173 1975 -
1214 1944 1434 2003 magno
1463 1930 1690 2004 loquor
1718 1944 1856 1989 cum
1882 1928 2099 1988 dolore
2125 1961 2228 2003 —-‚

158 2014 319 2073 hanc
346 2021 429 2084 tu,
459 2014 729 2085 iuquam,
758 2009 1013 2087 potuisti
1040 2028 1241 2087 aequo
1265 2012 1467 2072 animo
1499 2019 1724 2073 tantam
1751 2010 2102 2087 dignitatem
2126 2013 2230 2073 de-

162 2100 442 2171 ponere?
480 2094 634 2155 xm.
682 2096 773 2157 Tu
800 2102 1033 2168 autem,
1066 2095 1151 2155 M.
1182 2094 1444 2167 Antoni,
1473 2128 1556 2139 -
1584 2095 1900 2156 absentem
1930 2095 2089 2154 enim
2118 2111 2231 2170 ap·

161 2180 323 2255 pello
344 2210 430 2223 —-
462 2194 649 2239 unum
679 2177 846 2240 illum
876 2176 1036 2239 diem
1054 2224 1069 2252 ,
1107 2178 1316 2254 quoin
1345 2177 1501 2240 aede
1528 2179 1783 2253 Telluris
1814 2186 2065 2240 senatus
2101 2178 2228 2252 luit,

164 2279 285 2323 non
319 2260 603 2325 omnibus
632 2260 739 2322 his·
760 2261 1101 2333 mensibus,
1146 2262 1370 2337 quibus
1410 2269 1472 2323 te
1513 2262 1758 2336 quidam
1793 2262 2044 2323 multum
2068 2277 2107 2320 a
2134 2277 2231 2322 me

160 2345 593 2407 dissentientes
622 2346 865 2408 beatum
894 2353 1138 2420 putant,
1180 2343 1552 2422 anteponis?
1591 2345 1757 2419 Quae
1786 2345 1898 2407 fuit
1925 2342 2118 2432 oratio
2150 2345 2231 2406 de

161 2430 539 2493 concordia?
570 2435 803 2503 quanto
826 2433 999 2487 metu
1019 2424 1251 2488 veteris
1274 2424 1438 2497 mali,
1461 2430 1692 2499 quanta
1711 2420 2125 2483 sollicitudine
2145 2419 2226 2478 ci-

166 2515 327 2577 vitas
353 2522 483 2575 tum
504 2530 541 2573 a
562 2519 626 2575 te
647 2512 905 2574 liberata
929 2517 1041 2583 est,
1069 2525 1258 2585 quum
1281 2510 1579 2583 collegam
1604 2514 1772 2567 tuum
1796 2502 2098 2580 depositis
2120 2501 2228 2597 5¹³5?

166 2598 407 2662 micitiis
428 2597 658 2659 oblitus
686 2592 1103 2670 auspiciorum
1135 2610 1174 2653 a
1194 2602 1257 2653 te
1289 2593 1429 2669 ipso
1461 2606 1698 2670 augure
1724 2588 1940 2666 populi
1966 2590 2230 2648 Romam

172 2681 583 2743 nuntiatorum
604 2680 711 2742 illo
735 2678 999 2755 primum
1018 2677 1119 2738 die
1150 2678 1452 2751 collegam
1475 2674 1585 2735 tibi
1615 2686 1759 2733 esse
1782 2670 2054 2742 voluisti,
2084 2676 2228 2729 tuus

172 2780 397 2842 parvus
408 2765 572 2825 filius
584 2766 645 2823 in
659 2762 1019 2837 Capitolium
1036 2775 1074 2820 a
1087 2767 1149 2825 te
1166 2762 1394 2821 missus
1409 2758 1582 2833 pacis
1596 2757 1784 2816 obses
1800 2754 1929 2814 t'uit.
1967 2750 2068 2813 32.
2094 2752 2228 2827 Quo

173 2856 423 2911 senatus
446 2846 546 2907 die
566 2844 803 2917 laetior,
827 2860 953 2919 quo
978 2846 1250 2919 populus
1276 2844 1634 2903 Romanus?
1665 2836 1772 2912 qui
1793 2836 2040 2915 quidem
2063 2838 2233 2895 nulla

166 2927 227 2989 in
260 2924 543 2989 contione
573 2940 863 2999 umquam
902 2920 1280 2998 frequentior
1307 2919 1435 2983 ruit.
1519 2922 1670 2981 Tum
1700 2918 1969 2995 denique
1991 2917 2230 2979 ‘liberati

171 3025 277 3087 per
301 3002 869 3081 virossortissimos
890 3005 1268 3079 videbamur,
1304 3002 1466 3081 quia,
1488 3012 1554 3065 ut
1573 3002 1657 3063 illi
1679 3004 2018 3076 voluerunt,
2050 3000 2228 3062 liber·

170 3102 345 3157 tatem
388 3108 512 3170 pax
549 3090 1059 3167 consequebatur.
1145 3086 1454 3163 Proximo,
1488 3088 1698 3161 altero,
1727 3086 1934 3159 tertio,
1965 3083 2231 3159 denique

172 3176 415 3252 reliquis
474 3172 821 3237 consecutis
868 3171 1088 3234 diebus
1130 3187 1258 3233 non
1299 3170 1739 3234 intermittebas
1783 3168 1961 3246 quasi
2001 3168 2232 3228 donum

173 3258 419 3334 aliquod
456 3256 681 3325 cotidie
720 3257 964 3318 adferre
989 3255 1081 3317 rei
1112 3254 1423 3333 publicae=
1466 3252 1792 3315 maximum
1835 3260 2037 3313 autem
2065 3246 2230 3325 illud,
2344 3291 2353 3300 a

174 3343 335 3420 quod
368 3340 697 3405 dictaturae
724 3356 946 3405 nomen
980 3338 1298 3403 sustulisti.
1373 3338 1540 3399 Haec
1568 3335 1770 3399 inusta
1797 3342 1892 3397 est
1916 3350 1954 3395 a
1984 3341 2060 3409 tc,
2091 3348 2129 3393 a
2151 3338 2228 3401 te.

620 3639 661 3679 d

2229 3692 2432 3767 Α
