2459 3817
213 133 334 201 136
517 143 529 148 ”
653 137 804 199 PRO
839 138 904 197 T.
934 135 1172 198 ANNIO
1203 136 1497 197 MILONE
1528 133 1836 198 ORATIO.

205 303 320 340 mos
357 295 466 338 erat
495 289 591 338 iter
621 288 936 354 facientibus,
1064 289 1162 340 diis
1195 286 1345 338 cincti
1374 289 1727 352 sequebantur.
1774 287 1928 337 Erant
1956 301 2069 336 cum
2098 285 2291 341 Clodio

207 365 469 423 praeterea
503 364 606 406 tres
637 359 845 407 comites
875 357 1002 416 eins,
1039 373 1106 408 ex
1139 357 1325 420 quibus
1357 371 1513 420 eques
1548 355 1806 406 Romanus
1840 369 1991 418 unus,
2026 353 2080 404 0.
2101 355 2285 408 Gausi-

208 427 324 475 nius
381 422 557 494 Scola,
595 426 697 476 duo
739 426 806 477 de
862 424 1012 490 plebe
1047 426 1167 475 novi
1199 425 1461 485 homines,
1506 425 1561 473 P.
1590 425 1917 488 Pomponius,
1948 421 2005 474 G.
2045 421 2279 476 clodius.

207 493 329 544 Milo
371 493 526 544 raeda
555 493 834 543 vehebatur
868 507 984 542 eum
1015 507 1176 546 uxore
1205 493 1423 552 Fausta,
1462 492 1566 542 fllia
1598 491 1660 542 1..
1696 490 1864 543 Sullae
1898 491 2194 552 dictatoris,
2226 500 2283 541 et

208 562 277 610 M.
315 559 464 610 Fufio
505 559 756 612 familiare
793 575 908 614 suo.
977 559 1297 624 Sequebatur
1338 573 1431 612 eos
1475 561 1716 626 magnum
1754 573 2024 610 servorum
2068 573 2283 624 agmen,

209 629 340 677 inter
371 642 500 689 quos
531 626 841 692 gladiatores
875 644 1080 694 quoque
1113 637 1285 688 erant,
1325 642 1391 676 ex
1424 627 1609 690 quibus
1644 627 1746 676 duo
1783 628 1907 687 noti,
1942 625 2197 676 Eudamus
2230 635 2287 675 et

209 695 392 748 Birria.
459 695 502 744 11
531 696 584 744 in
617 695 796 745 ultimo
823 701 1026 763 agmine
1055 697 1248 746 tardius
1281 703 1457 744 euntes
1488 710 1605 745 cnm
1636 696 1801 746 servis
1824 695 1883 746 P.
1916 693 2079 744 Clodii
2112 696 2285 744 rixam

209 764 590 812 commiserunt.
671 763 755 814 Ad
789 780 940 830 quem
986 764 1255 814 tumultum
1300 778 1454 825 quum
1500 763 1804 828 respexisset
1840 762 2042 813 Clodius
2078 764 2284 812 minita-

209 831 428 892 bundus,
463 829 725 880 humerum
759 832 866 882 eius
899 831 1062 894 Birria
1083 829 1393 896 rhomphaea
1414 831 1629 884 traiecit.
1663 829 1786 880 Inde
1818 845 1975 894 quum
2008 837 2115 880 orta
2142 837 2283 880 esset

207 912 410 964 pugna,
453 895 629 963 plures
659 898 917 950 Miloniani
935 906 1337 951 accucurrerunt.
1363 898 1566 948 Clodius
1613 897 1901 948 vulneratus
1936 899 1993 946 in
2020 899 2282 948 tabernam

210 966 496 1030 proximam
518 968 572 1018 iu
589 967 856 1018 Bovillano
877 965 1075 1016 delatus
1093 977 1185 1020 est.
1227 968 1347 1016 Milo
1365 975 1417 1016 ut
1434 966 1671 1028 cognovit
1686 964 2003 1016 vulneratam
2027 964 2283 1026 Clodium,

211 1048 366 1096 quum
403 1034 502 1084 sibi
536 1033 870 1100 periculosius
905 1035 1034 1086 illud
1069 1036 1222 1084 etiam
1254 1033 1371 1084 vivo
1398 1047 1461 1083 eo
1497 1032 1723 1084 futurum
1754 1033 2071 1099 intelligeret,
2105 1033 2282 1082 occiso

210 1109 378 1152 autem
427 1089 671 1168 magfflmi
717 1100 964 1154 solacium
1011 1110 1147 1152 esset
1189 1101 1482 1160 habiturus,
1538 1101 1691 1150 etiam
1745 1103 1791 1150 si
1836 1101 2097 1152 subeunda
2138 1107 2281 1150 esset

212 1183 399 1234 poena,
437 1171 692 1220 exturbari
723 1171 931 1222 taberna
963 1171 1130 1224 iussit.
1203 1169 1321 1219 Fuit
1353 1169 1715 1234 antesignanus
1750 1181 2014 1220 servorum
2058 1170 2165 1218 eius
2200 1168 2277 1219 M.

209 1235 464 1287 Saufeius.
536 1239 704 1299 Atque
731 1238 804 1286 ita
833 1237 1042 1290 Clodius
1069 1239 1235 1288 latens
1269 1244 1521 1288 extractus
1556 1245 1635 1287 est
1664 1236 1937 1300 multisque
1986 1237 2281 1286 vulneribus

211 1304 488 1357 confectus.
561 1303 786 1355 Cadaver
835 1307 946 1356 eius
975 1309 1028 1356 in
1061 1307 1145 1355 via
1178 1305 1434 1365 relictum,
1476 1305 1765 1368 quia-servi
1803 1304 1969 1355 Clodii
2002 1312 2091 1354 aut
2121 1305 2282 1354 occisi

211 1381 350 1422 erant
391 1380 477 1421 aut
522 1372 745 1436 graviter
778 1373 936 1423 saucii
967 1374 1218 1432 latebant,
1268 1371 1386 1426 Sex.
1421 1373 1609 1422 ‘Pedius
1638 1379 1838 1422 senator
1852 1409 1867 1432 ,
1916 1373 2007 1436 qui
2056 1373 2185 1422 forte
2214 1387 2281 1421 ex

209 1453 321 1487 mre
358 1439 410 1486 in
445 1439 624 1491 urbem
657 1441 1014 1500 revertebatur,
1046 1439 1249 1490 sustulit
1272 1447 1324 1490 et
1356 1441 1537 1490 lectica
1573 1456 1666 1492 sua
1702 1440 1913 1492 Romam
1942 1441 2065 1491 ferri
2100 1441 2279 1490 iussit:

213 1520 226 1554 ι
263 1520 318 1554 se
348 1519 520 1554 rursus
554 1507 748 1566 eodem,
782 1509 914 1558 unde
948 1518 1056 1559 erat
1090 1522 1344 1574 egressus,
1372 1523 1429 1558 se
1466 1509 1673 1576 recepit.
1712 1507 1961 1560 Pcrlatum
1983 1515 2062 1558 est
2094 1523 2283 1574 corpus

249 1571 372 1622 lodii
403 1579 520 1624 ante
547 1571 763 1638 primam
791 1577 956 1626 noctis
983 1576 1160 1626 horam
1191 1575 1494 1638 intimaeque
1519 1576 1683 1642 plebis
1702 1584 1752 1626 et
1770 1592 2027 1627 servorum
2056 1577 2283 1626 maxima

211 1639 478 1691 multitudo
525 1655 707 1707 magno
760 1643 899 1694 luctu
944 1658 1129 1710 corpus
1170 1645 1224 1692 in
1276 1644 1403 1692 atrio
1450 1645 1630 1694 domus
1673 1647 1894 1710 positum
1928 1645 2277 1695 circumstetit.

213 1710 446 1775 Augebat
482 1720 648 1762 autem
680 1711 800 1762 facti
834 1713 1073 1763 invidiam
1107 1727 1238 1763 uxor
1276 1711 1439 1762 Clodii
1475 1713 1667 1772 Fulvia,
1700 1729 1829 1776 quae
1860 1728 1975 1762 cum
2010 1713 2171 1762 effusa
2206 1713 2277 1760 la·

211 1779 514 1829 mentatione
549 1778 760 1830 vulnera
793 1783 904 1831 eius
935 1781 1248 1835 ostendebat.
1287 1780 1448 1830 Maior
1472 1787 1675 1847 postera
1710 1781 1794 1831 die
1819 1781 1932 1831 luce
1965 1781 2133 1846 prima
2150 1780 2283 1829 mul-

209 1845 369 1896 titudo
408 1847 633 1898 eiusdem
669 1851 868 1916 generis
904 1850 1148 1900 conlluxit
1175 1848 1559 1914 compluresque
1596 1851 1700 1900 noti
1734 1848 1964 1900 homines
1994 1848 2105 1898 elisi
2143 1859 2279 1904 suut,

189 1914 338 1976 ⁸inter
373 1930 499 1980 quos
531 1915 585 1966 G.
626 1917 869 1968 Vibienus
905 1926 1124 1972 senator.
1181 1917 1302 1966 Erat
1336 1918 1514 1966 domus
1554 1917 1732 1979 Clodii,
1768 1925 1882 1966 aute
1910 1930 2102 1982 paucos
2136 1931 2280 1965 men-

209 1995 294 2033 ses
342 1991 512 2047 empta
558 1984 623 2033 de
663 1983 730 2033 Μ.
769 1981 989 2047 Scauro,
1036 1987 1090 2034 in
1119 1985 1332 2035 Palatio.
1417 1985 1606 2035 Eodem
1636 1985 1696 2035 T.
1746 1985 1997 2034 Munatius
2042 1983 2284 2043 Plancus,

209 2049 362 2098 frater
390 2051 450 2100 L.
488 2050 659 2102 Planci
690 2053 932 2112 oratoris,
977 2059 1029 2102 et
1059 2052 1119 2111 Q.
1156 2054 1429 2120 Pompeius
1464 2052 1652 2113 Rufus,
1690 2051 1863 2103 Sullae
1912 2052 2168 2104 dictatoris
2216 2067 2281 2101 ex

207 2115 314 2166 fllia
345 2131 519 2181 nepos,
555 2119 747 2167 tribuni
779 2116 850 2183 pl.
884 2130 1299 2180 accucurrerunt,
1339 2122 1513 2184 eisque
1541 2120 1858 2172 hortantibus
1895 2119 2079 2187 vulgus
2114 2121 2283 2184 impe-

209 2186 362 2232 ritum
395 2199 581 2249 corpus
616 2185 808 2236 undum
845 2201 904 2236 ac
938 2187 1182 2250 lutatum,
1221 2189 1297 2238 sic
1328 2195 1384 2238 ut
1415 2191 1467 2238 in
1500 2187 1628 2238 lecto
1660 2197 1767 2238 erat
1800 2189 2037 2254 positum,
2073 2193 2130 2236 ut
2164 2187 2277 2236 vul·

207 2266 328 2302 nera
361 2251 521 2304 videri
549 2262 774 2319 possent,
812 2257 864 2303 in
896 2254 1061 2306 forum
1091 2255 1269 2306 detulit
1295 2264 1345 2306 et
1378 2257 1431 2306 in
1466 2258 1639 2306 rostris
1671 2259 1857 2321 posuit.
1918 2257 1992 2306 lbi
2029 2269 2123 2320 pro
2155 2269 2279 2304 con-

208 2320 343 2369 tione
381 2319 592 2370 Plancus
628 2328 677 2369 et
708 2320 996 2388 Pompeius,
1027 2325 1116 2386 qui
1150 2325 1566 2389 competitoribus
1598 2325 1799 2375 Milonis
1828 2324 2115 2386 studebant,
2147 2324 2279 2373 invi·

210 2387 346 2436 diam
377 2387 554 2438 Miloni
584 2387 823 2439 fecerunt.
873 2389 1095 2455 Populus
1131 2391 1259 2441 duce
1292 2389 1409 2440 Sex.
1443 2391 1616 2443 clodio
1654 2393 1822 2441 scriba
1856 2407 2039 2457 corpus
2075 2389 2132 2441 P.
2160 2389 2277 2440 Clo-

209 2455 280 2503 dii
325 2454 379 2503 iu
413 2456 605 2505 curiam
647 2456 816 2507 intulit
843 2459 1185 2521 cremavitque
1233 2459 1488 2510 subselliis
1528 2470 1577 2509 et
1623 2459 1956 2511 tribunalibus
2004 2464 2054 2510 et
2084 2459 2281 2519 mensis

211 2529 259 2571 et
293 2521 556 2572 codicibus
597 2523 945 2577 librariorum:
1016 2539 1118 2592 quo
1163 2527 1281 2592 igue
1327 2534 1377 2577 et
1412 2527 1526 2592 ipsa
1558 2542 1756 2591 quoque
1788 2529 1927 2577 curia
1955 2527 2189 2592 flagravit
2222 2534 2273 2575 et

209 2593 328 2638 item
365 2591 540 2642 Porcia
572 2593 808 2660 basilica,
843 2610 973 2660 quae
1007 2601 1113 2644 erat
1148 2596 1194 2643 ei
1236 2596 1405 2654 iuncta
1424 2631 1441 2660 ‚
1474 2596 1706 2647 ambusta
1736 2601 1827 2650 est.
1898 2595 2091 2645 Domus
2150 2609 2272 2658 quo-

209 2671 307 2722 que
341 2657 408 2708 Μ.
444 2657 627 2726 Lepidi
655 2661 1006 2728 interregis—
1027 2663 1071 2712 is
1108 2663 1241 2711 euim
1277 2663 1599 2729 magistratus
1631 2662 1823 2712 curulis
1859 2670 1962 2712 erat
1998 2668 2273 2713 creatus·—

209 2733 258 2774 et
305 2725 527 2777 absentis
561 2727 763 2780 Milonis
800 2731 976 2780 eadem
1014 2727 1101 2780 illa
1131 2728 1371 2780 Clodiana
1401 2729 1670 2780 multitudo
1706 2731 2046 2796 oppugnavit,
2088 2728 2273 2780 deinde

209 2793 409 2858 sagittis
451 2795 657 2862 repulsa
704 2805 798 2848 est.
863 2799 992 2848 'rum
1039 2797 1202 2847 fasces
1240 2813 1304 2848 ex
1347 2799 1469 2850 luco
1506 2797 1755 2848 Libitinae
1792 2807 1961 2862 raptos
1995 2797 2163 2847 attulit
2208 2799 2272 2846 ad

209 2861 411 2910 domum
445 2862 697 2930 Scipionis
729 2873 778 2915 et
805 2865 1045 2931 Hypsaei,
1091 2865 1274 2915 deinde
1303 2862 1370 2916 ad
1398 2865 1568 2916 hortos
1606 2863 1694 2921 Cn,
1734 2867 1977 2931 Pompeii,
2010 2865 2277 2915 clamitans

209 2943 324 2978 eum
355 2932 504 2982 modo
537 2932 812 2992 consulem,
849 2934 999 2984 modo
1036 2935 1348 2984 dictatorem.

333 2998 626 3050 Incendium
667 3003 834 3050 curiae
884 3003 1124 3051 maiorem
1177 3001 1431 3066 aliquanto
1468 3001 1867 3068 indignationem
1912 3001 2133 3052 civitatis
2160 3015 2272 3050 mo-

208 3073 349 3115 verat
392 3081 541 3131 quam
577 3067 860 3118 interfectio
909 3067 1088 3121 Clodii.
1143 3069 1316 3133 Itaque
1350 3070 1487 3130 Milo,
1522 3085 1669 3135 quem
1701 3071 1873 3135 opinio
1920 3069 2082 3118 fuerat
2116 3070 2277 3119 ivisse

209 3133 260 3180 iu
297 3133 636 3184 voluntarium
669 3135 922 3201 exsilium,
959 3137 1149 3185 invidia
1182 3139 1587 3189 adversariorum
1620 3146 1871 3187 recreatus
1890 3145 2036 3187 nocte
2056 3150 2119 3186 ea
2140 3137 2275 3186 redi-

208 3207 314 3249 erat
352 3201 593 3263 Romam,
627 3216 729 3265 qua
777 3203 979 3253 incensa
1014 3212 1120 3253 erat
1155 3205 1313 3266 curia,
1350 3207 1651 3269 petebatque
1696 3203 1853 3255 nihilo
1901 3205 2123 3254 deterius
2151 3218 2265 3252 ccu-

207 3265 455 3318 sulatum:
511 3278 684 3335 aperte
739 3285 940 3334 quoque
975 3271 1195 3320 tributim
1252 3273 1303 3321 iu
1347 3272 1575 3340 singulos
1620 3273 1761 3322 milia
1806 3273 1996 3322 assium
2043 3271 2273 3324 dederat.

207 3329 504 3386 Contionem
553 3339 599 3388 ei
648 3344 770 3402 post
799 3337 990 3400 aliquot
1028 3339 1136 3388 dies
1171 3337 1333 3389 'dedit
1379 3339 1445 3389 M.
1483 3335 1959 3391 Caelius'tribnnus
2001 3340 2071 3404 pl.
2121 3346 2272 3400 atque
