2459 3817
281 77 399 142 138
720 75 797 134 ΙΝ
844 75 905 134 C.
949 71 1274 132 VERREM
1315 69 1484 130 ACT.
1515 70 1588 136 11.
1632 70 1775 132 LIB.
1803 73 1880 128 V.

280 242 437 303 gena
466 223 628 286 milia
670 223 941 286 modium
957 269 975 298 ,
1024 239 1183 297 quae
1209 219 1584 290 Mamertinis
1623 221 1982 298 remiseras,
2019 221 2330 288 addidisti.

280 310 493 382 Neque
526 307 646 369 hoc
696 305 837 368 dico
876 305 1133 367 caeteris
1162 321 1288 366 non
1315 312 1481 366 recte
1507 303 1898 380 imperatum,
1933 305 2046 366 sed
2073 303 2326 368 Mamer-

281 390 443 462 ιίιιίε,
476 388 585 464 qui
612 397 783 450 eraut
810 387 871 448 in
904 388 1119 450 eadem
1158 403 1348 448 causa
1376 396 1436 454 et
1467 385 1690 461 quibus
1721 386 2072 462 superiores
2117 403 2328 450 omnes

289 476 787 548 praetoresJitem
812 479 877 533 ut
904 470 1162 536 caeteris
1197 470 1564 545 imperarant
1585 469 2028 546 pecuniamque
2051 486 2130 530 ex
2151 487 2328 532 sena·

282 565 381 616 tus
414 557 694 616 consulto
724 562 786 614 et
816 571 895 616 ex
926 555 1061 629 lege
1092 552 1532 625 dissolverant,
1575 551 1672 614 his
1701 552 1840 614 dico
1875 569 1996 615 non
2035 561 2202 617 recte
2236 571 2328 614 re·

282 637 554 698 missum.
632 637 709 698 Et
743 645 811 698 ut
849 637 968 700 hoc
1008 635 1399 709 beneficium,
1453 651 1636 712 quem
1675 635 1754 694 ad
1805 635 2054 699 modum
2093 635 2330 712 dicitur,

282 718 495 782 trabali
540 721 718 782 clavo
760 721 1005 795 figeret,
1058 736 1190 780 cum
1241 717 1499 784 consilio
1551 733 1800 780 causam
1835 717 2328 783 Mamertinorum

282 804 601 879 cognoscit
637 810 697 864 et
736 804 817 866 de
846 801 1087 865 consilii
1117 802 1417 864 sententia
1455 800 1826 870 Mamertinis
1865 816 1936 861 se
1967 801 2328 864 frumentum

280 903 401 948 non
422 883 731 962 imperare
761 887 1137 962 pronuntiat.
1198 887 1300 948 54.
1333 885 1561 948 Audite
1591 885 1906 949 decretum
1938 883 2328 954 mercennarii

280 968 583 1046 praetoris
627 984 709 1029 ex
761 968 958 1042 ipsius
1013 965 1444 1029 commentario
1491 974 1553 1026 et
1600 964 1953 1040 cognoscite
1997 975 2222 1041 quanta
2266 966 2327 1027 in

280 1051 607 1112 scribendo
636 1051 937 1126 gravitaS,
984 1058 1209 1124 quanta
1251 1047 1774 1118 inconstituendo
1817 1047 1948 1112 iure
1987 1048 2068 1110 sit
2119 1058 2323 1110 aucto-

278 1134 445 1195 ritas.
470 1132 686 1194 Recita
698 1131 1211 1196 commentarium.
1232 1133 1389 1194 120.
1403 1131 1747 1195 &libenter
1765 1131 1850 1192 ait
1869 1148 1933 1192 se
1945 1132 2194 1205 facere.-
2218 1131 2325 1193 ita·

280 1233 401 1292 que
426 1214 761 1291 perscribit.
789 1215 962 1290 Quid,
981 1215 1034 1276 si
1048 1215 1167 1276 hoc
1181 1215 1370 1278 verbo
1384 1230 1506 1277 non
1523 1229 1702 1278 esses
1723 1230 1892 1287 usus,
1923 1215 2181 1289 libenter,
2211 1230 2327 1278 nos

278 1298 562 1360 videlicet
590 1298 839 1359 invitum
865 1306 926 1358 te
958 1305 1278 1372 quaestuz·
1313 1299 1516 1360 facere
1540 1303 1933 1372 putaremus?
1969 1298 2066 1358 Ac
2087 1299 2161 1358 de
2187 1313 2328 1360 con·

278 1384 399 1440 silit·
416 1383 720 1441 sententia.
758 1379 1137 1442 Praeclarum
1168 1378 1410 1442 recitari
1443 1378 1790 1452 consilium,
1846 1377 2081 1440 iudices
2100 1425 2114 1454 ,
2155 1380 2325 1440 audi·

282 1461 413 1523 stis.
471 1462 683 1522 Utrum
713 1461 888 1522 vobis
916 1461 1236 1524 consilium
1277 1462 1519 1523 tandem
1565 1461 1862 1537 praetoris
1893 1461 2132 1524 recitari
2159 1461 2328 1524 vide-
2417 1533 2426 1542 ,

279 1546 485 1618 batur,
516 1561 701 1620 quum
728 1543 1070 1607 audiebatis
1105 1543 1378 1616 nomina,
1418 1560 1496 1604 an
1525 1545 1858 1620 praedonis
1893 1543 2328 1620 improbissimi

278 1627 545 1690 societas
570 1636 753 1704 atque
782 1627 1147 1690 comitams‘e
1200 1625 1303 1688 55.
1336 1627 1426 1687 En
1455 1629 1771 1688 foederum
1799 1626 2194 1702 interpretes,
2225 1644 2327 1692 so-

280 1711 513 1773 cietatis
551 1719 867 1786 pactores,
907 1709 1223 1786 religionis
1271 1719 1583 1778 auctores!
1641 1711 1981 1786 Numquam
2025 1709 2084 1770 in
2120 1710 2323 1772 Sicilia

280 1796 637 1857 frumentum
667 1795 911 1871 publice
932 1803 1028 1856 est
1044 1803 1318 1869 emptum
1343 1794 1490 1870 quin
1511 1791 1883 1855 Mamertinis
1908 1810 2021 1868 pro
2045 1793 2326 1868 portione

279 1877 707 1951 imperaretur,
738 1885 879 1940 ante
910 1894 1091 1952 quam
1124 1877 1246 1939 hoc
1274 1879 1580 1941 delectum·
1601 1877 2102 1953 praeclarumque
2127 1877 2326 1939 consi-

280 1958 419 2020 tium
446 1959 559 2019 iste
590 1959 771 2030 dedit,
804 1967 870 2020 ut
898 1960 976 2020 ab
998 1959 1095 2022 his
1118 1976 1340 2022 numos
1358 1959 1664 2035 acciperet
1687 1975 1760 2020 ac
1785 1957 1879 2023 sui
1905 1958 2118 2020 similis
2140 1967 2323 2022 esset.

276 2045 491 2114 ltaque
520 2044 748 2102 tantum
775 2041 965 2102 valuit
1009 2041 1187 2104 istius
1222 2041 1448 2106 decreti
1480 2041 1840 2117 auctoritas,
1883 2050 2174 2118 quantum
2219 2042 2321 2102 de-

276 2123 407 2185 buit
429 2122 563 2184 eius
592 2123 873 2196 hominiS,
906 2123 1031 2197 qui,
1060 2141 1097 2184 a
1128 2124 1351 2200 quibus
1385 2127 1748 2187 snunentum
1767 2141 1969 2186 emere
1991 2123 2323 2200 debuisset.

274 2206 352 2268 iis
398 2207 708 2270 decretum
744 2205 1143 2269 vendidisset.
1226 2207 1376 2268 Nam
1414 2206 1617 2270 statim
1655 2209 1721 2270 L.
1761 2207 2074 2282 Metellus,
2117 2215 2184 2269 ut
2224 2206 2324 2268 isti

276 2289 606 2364 successit,
648 2307 729 2351 ex
758 2289 820 2348 C.
854 2288 1211 2353 Sacerdotis
1235 2300 1298 2352 et
1325 2307 1403 2352 ex
1438 2291 1582 2352 Sex.
1609 2290 1910 2354 Peducaei
1938 2289 2206 2352 instituto
2249 2306 2322 2350 ac

272 2371 880 2440 litterisl'rumentum
910 2372 1284 2436 Mamertinis
1317 2372 1654 2450 imperavit.
1709 2375 1889 2444 XXII,
1919 2373 2020 2436 56.
2055 2374 2203 2434 Tum
2237 2371 2322 2433 illi

267 2452 696 2516 intellexerunt
722 2471 792 2516 se
820 2455 915 2529 id,
950 2456 1115 2530 quod
1158 2473 1195 2517 a
1235 2458 1394 2518 malo
1433 2465 1682 2518 auctore
1727 2455 2048 2528 emissent,
2095 2454 2321 2516 diutius

272 2535 549 2597 obtinere
580 2555 701 2598 non
729 2553 937 2612 posse.
985 2541 1326 2614 Ageporro
1345 2585 1360 2612 ‚
1395 2549 1488 2612 tu,
1533 2539 1634 2614 qui
1664 2548 1783 2602 tam
1813 2539 2165 2616 religiosum
2180 2537 2320 2612 ‚exi-

272 2618 500 2682 stimari
529 2628 589 2682 te
618 2621 862 2683 voluisti
888 2621 1273 2696 interpretem
1303 2624 1644 2696 foederum,
1672 2639 1782 2684 cur
1805 2617 2324 2684 Tauromenitanis

262 2703 652 2775 ¹frumentum,
684 2719 795 2766 cur
821 2703 1051 2766 Netinis
1072 2703 1424 2779 imperasti?
1455 2722 1709 2780 quarum
1731 2705 2037 2770 civitatum
2061 2712 2323 2778 utraque

291 2785 585 2847 oederata
614 2795 728 2848 est.
772 2790 865 2848 Ac
893 2785 1090 2848 Netini
1124 2788 1367 2862 quidem
1397 2787 1516 2850 sibi
1546 2804 1668 2848 non
1699 2789 2021 2850 defuerunt
2042 2803 2115 2847 ac
2141 2785 2323 2848 simul

271 2871 667 2942 pronuntiasti
716 2870 971 2931 libenter
997 2878 1057 2932 te
1084 2869 1457 2938 Mamertinis
1486 2869 1822 2944 remittere,
1865 2880 1924 2932 te
1950 2869 2230 2931 adierunt
2257 2877 2324 2930 et

270 2950 547 3011 eamdem
575 2969 745 3012 suam
775 2969 1023 3014 causam
1053 2953 1321 3014 foederis
1351 2963 1496 3015 esse·
1511 2953 1870 3016 docuerunt.
1911 2954 2004 3014 Tu
2021 2951 2192 3013 aliter
2213 2951 2321 3012 de·

272 3049 523 3094 cernere
564 3035 778 3096 eadem
822 3035 881 3096 in
912 3051 1101 3098 causa
1146 3051 1268 3097 non
1309 3035 1580 3111 potuisti.
1653 3035 2008 3098 Pronuntias
2067 3033 2322 3097 Netinos

269 3117 633 3178 frumentum
663 3119 809 3178 dare
838 3135 957 3178 non
994 3117 1248 3179 debere:
1293 3127 1353 3179 et
1380 3120 1458 3180 ab
1484 3119 1582 3180 his
1625 3128 1823 3180 tamen
1858 3119 2075 3196 exigis.
2153 3116 2322 3178 Cedo

265 3198 408 3258 mihi
442 3199 715 3260 eiusdem
744 3199 1043 3276 praetoris
1087 3200 1315 3263 litteras
1358 3211 1418 3263 et
1453 3216 1652 3262 rerum
1681 3203 2061 3266 decretarum
2103 3211 2164 3263 et
2193 3201 2317 3260 sru-

271 3283 451 3342 menti
492 3283 790 3356 imperati.
858 3283 1163 3344 Limina
1202 3299 1402 3344 annun
1440 3300 1848 3344 necas-rannu.
1911 3283 2064 3356 Quid
2111 3283 2318 3358 potius
