2459 3817
229 101 349 168 152
676 102 827 166 PRO
873 103 942 164 Τ.
977 101 1214 165 ANNIO
1258 101 1549 167 MILONE
1594 105 1899 168 ORATIO.

227 271 397 348 ‘guod
426 275 490 330 te
520 269 691 331 aiunt
719 269 1026 345 eripuisse
1057 286 1094 330 e
1122 271 1309 331 domo
1342 277 1404 332 et
1434 288 1511 331 ex
1546 270 1765 332 mediis
1798 270 1983 333 armis
2012 270 2329 348 turbaque

224 361 528 415 nocturna
560 361 873 428 tamquam
895 351 1232 415 Palladium
1260 353 1608 424 sustulisse,
1645 361 1715 415 ut
1735 357 2124 431 praeclarum
2145 355 2328 418 vide-

223 436 369 498 licet
400 453 626 496 munus
648 443 838 511 atque
860 434 1333 498 instrumentum
1356 437 1701 499 tribunatus
1725 439 1805 498 ad
1828 437 2113 512 aliquem,
2139 437 2201 498 si
2216 455 2326 498 na-

223 527 360 582 ctus
379 535 574 590 esseS,
611 518 716 594 qui
728 526 836 580 tuo
856 518 1104 581 arbitrio
1120 519 1493 580 tribunatum
1510 526 1771 595 gereret,
1800 520 2046 581 deferre
2061 537 2324 596 posses.

222 607 432 677 Atque
460 617 577 677 per
601 645 616 660 .
643 644 660 660 .
687 644 702 661 .
729 645 745 661 .
801 602 900 662 An
923 600 1103 663 huius
1126 603 1228 662 ille
1250 603 1425 679 legis,
1458 619 1645 678 quam
1668 604 1919 665 Clodius
1945 619 1982 662 a
2007 618 2080 664 se
2099 602 2325 664 inven-

219 701 348 746 tam
372 681 697 760 gloriatur,
723 684 1093 746 mentionem
1117 687 1326 747 facere
1348 702 1537 747 ausus
1563 693 1734 748 esset
1756 685 1898 748 vivo
1912 685 2159 755 Milone,
2189 703 2322 746 non

223 767 423 828 dicam
461 769 762 830 consulet
811 767 904 828 De
945 775 1224 830 nostrum
1258 769 1415 829 enim
1447 769 1718 830 omnium
1953 785 2081 830 non
2108 770 2317 830 audeo

225 855 416 909 totum
446 847 676 908 dicere.
761 847 983 907 Videte
1015 847 1164 923 quid
1200 863 1277 907 ea
1309 847 1437 908 vitii
1459 849 1560 907 lex
1592 848 1869 910 habitura
1900 848 2093 920 fuerit,
2129 850 2309 910 cuius

222 929 576 1006 periculosa
601 927 782 989 etiam
806 929 1207 1005 reprehensio
1239 938 1350 990 est.
1397 931 1471 990 Et
1498 931 1745 1005 aspexit
1770 947 1866 991 me
1894 929 2013 991 illis
2053 929 2307 1006 quidem

225 1012 440 1084 oculis,
474 1012 705 1086 quibus
733 1019 860 1074 tum
889 1012 1144 1086 solebat,
1185 1029 1371 1087 quum
1401 1014 1680 1074 omnibus
1712 1013 1918 1074 omnia
1942 1013 2306 1075 minabatur.

221 1095 432 1157 Movet
453 1109 552 1154 me
575 1093 806 1169 quippe
829 1094 1032 1156 lumen
1057 1095 1297 1156 curiae!
1328 1095 1481 1154 Xlll.
1507 1095 1706 1169 Quid?
1728 1104 1792 1158 tu
1815 1111 1912 1156 me
1937 1095 2045 1156 tibi
2066 1095 2305 1158 iratum¹

229 1177 444 1252 Sexte,
474 1183 688 1252 putaS‚
728 1175 904 1238 cuius
929 1186 994 1239 tu
1017 1176 1500 1238 inimicissimum
1540 1179 1726 1239 multo
1776 1179 2089 1239 crudelius
2119 1159 2305 1240 etiatd

227 1259 510 1334 poenitus
549 1275 651 1332 es,
694 1275 878 1334 quam
925 1267 1055 1320 erat
1105 1259 1514 1322 humanitatis
1530 1276 1703 1321 meae
1728 1263 2043 1337 postulare
2062 1269 2093 1320 ι
2118 1261 2211 1322 Tu
2236 1263 2303 1322 P.

229 1341 418 1403 clodii
451 1348 766 1402 cruentum
797 1343 1061 1402 cadaver
1087 1342 1323 1403 eiecisti
1353 1342 1566 1416 domo,
1596 1351 1661 1404 tu
1693 1343 1755 1403 in
1786 1343 2097 1419 publicum
2124 1345 2301 1405 abie-

231 1423 382 1494 cisti,
416 1431 484 1483 tu
503 1422 832 1497 spoliatum
866 1423 1250 1499 imaginibus,
1280 1425 1615 1502 exsequiIS,
1649 1443 1892 1503 pompa,
1925 1425 2301 1502 laudatione,

228 1503 660 1568 infelicissimis
683 1504 864 1580 lignis
891 1505 1373 1577 semiustilatum,
1392 1509 1705 1569 nocturnis
1730 1508 1984 1569 canibus
1998 1509 2300 1569 dilanian-

227 1590 369 1649 dum
413 1585 735 1663 reliquisti.
824 1587 956 1662 Qua
987 1605 1059 1650 re
1099 1587 1216 1650 etsi
1243 1590 1474 1651 nefarie
1509 1591 1723 1664 fecisti,
1752 1593 1974 1666 tamn,
2004 1592 2296 1667 quoniam

225 1669 287 1730 in
321 1677 459 1744 meo
489 1669 737 1732 inimico
763 1671 1177 1734 crudelitatem
1207 1673 1643 1750 exprompsisti
1674 1681 1855 1747 tuam,
1887 1675 2139 1735 laudare
2171 1691 2297 1734 non

228 1771 503 1834 possum,
537 1753 723 1815 irasci
753 1763 917 1816 certe
939 1772 1060 1817 non
1091 1755 1309 1816 debeo.

349 1835 454 1898 34.
485 1837 797 1916 [Audistis,
836 1839 1088 1912 iudices,
1139 1845 1421 1914 quantum
1462 1840 1655 1900 Clodu'
1696 1839 1874 1918 inter]
1882 1837 2055 1899 fucrit
2095 1837 2297 1899 occidi

222 1919 540 1982 Milonem·
573 1917 909 1981 convertite
931 1920 1168 1981 animos
1199 1936 1363 1982 nunc
1398 1921 1666 1981 vicissim
1695 1923 1776 1981 ad
1805 1922 2107 1982 Milonem.
2141 1918 2300 1995 Quid

223 2003 470 2064 Milonis
504 2001 791 2063 intererat
826 2002 1082 2064 interfici
1119 2003 1435 2064 Clodium?
1474 2003 1631 2078 Quid
1666 2012 1797 2064 erat
1834 2021 1945 2064 cur
1982 2002 2126 2062 Milo
2176 2019 2296 2063 non

225 2085 422 2146 dicam
450 2077 809 2158 admitteret,
842 2086 958 2145 sed
984 2093 1222 2160 optaret
1246 2093 1277 2144 ι
1296 2120 1379 2132 —
1402 2085 1731 2148 obstabat·
1714 2103 1773 2146 m
1804 2103 1917 2163 spe
1940 2087 2298 2147 consulatus

223 2165 433 2228 Miloni
457 2165 727 2226 Clodius
771 2200 854 2210 —
892 2169 973 2228 At
1013 2184 1087 2228 eo
1129 2176 1509 2245 repugnante
1552 2169 1765 2244 fiebat,
1806 2168 1987 2230 immo
2036 2183 2187 2228 vero
2221 2185 2295 2229 eo

224 2250 410 2322 fiebat
441 2247 667 2322 magis,
727 2265 842 2309 nec
901 2266 998 2310 me
1053 2251 1457 2326 suffragatore
1498 2251 1748 2312 meliore
1787 2252 2069 2313 utebatur
2110 2268 2295 2326 quam

225 2330 458 2392 Clodio.
535 2331 795 2391 Valebat
821 2333 987 2407 apud
1010 2349 1141 2405 vos,
1173 2333 1430 2405 iudices,
1458 2333 1704 2394 Milonis
1736 2349 1881 2410 erga
1912 2351 2010 2394 me
2038 2349 2295 2410 remque

227 2412 529 2487 publicam
563 2411 915 2475 meritorum
956 2415 1274 2489 memoria,
1332 2415 1614 2476 valebant
1653 2433 1870 2492 preces
1912 2425 1974 2478 et
2009 2417 2295 2476 lacrimae

225 2505 505 2568 nostrae,
545 2495 769 2570 quibus
799 2514 914 2572 ego
947 2505 1070 2558 tum
1098 2514 1214 2558 vos
1246 2499 1497 2558 mirifice
1524 2500 1757 2560 moveri
1779 2498 2147 2572 sentiebam,
2181 2498 2290 2558 sed

224 2579 366 2654 plus
395 2579 580 2638 multo
620 2579 864 2642 valebat
895 2581 1302 2656 periculorum
1344 2580 1818 2656 impendentium
1857 2581 2054 2643 timor.
2143 2580 2293 2655 Quis

225 2659 386 2721 enim
429 2670 557 2722 erat
606 2660 828 2724 civium
870 2662 974 2738 qui
1019 2661 1138 2722 sibi
1177 2665 1434 2725 solutam
1463 2663 1525 2722 P.
1552 2664 1743 2724 Clodii
1784 2675 2128 2740 praeturam
2156 2663 2293 2724 sine

227 2743 490 2804 maximo
535 2759 735 2805 rerum
776 2761 1073 2806 novarum
1117 2754 1281 2807 metu
1319 2755 1736 2822 proponeret?
1774 2746 2045 2809 Solutam
2090 2754 2291 2808 autem

225 2825 357 2885 foro
381 2825 718 2902 videbatis,
751 2826 868 2888 nisi
897 2836 1064 2889 esset
1089 2827 1144 2888 is
1177 2829 1425 2902 consul,
1475 2829 1578 2904 qui
1614 2845 1745 2890 eam
1770 2832 2023 2891 auderet
2050 2837 2290 2906 posset-

226 2924 345 2982 que
377 2909 814 2984 constringere.
899 2911 1050 2972 Eum
1093 2910 1379 2972 Milonem
1421 2929 1608 2972 unum
1652 2929 1797 2973 esse
1828 2930 2012 2992 quum
2043 2909 2292 2973 sentiret

224 2988 552 3052 universus
576 2995 843 3067 populus
877 2994 1222 3068 Romanus,
1256 2993 1393 3070 quis
1426 2994 1732 3056 dubitaret
1763 2993 2055 3070 suffragio
2080 3011 2195 3054 suo
2224 3009 2293 3052 se

225 3082 420 3148 metu,
459 3074 734 3150 periculo
773 3091 901 3136 rem
945 3075 1249 3150 publicam
1283 3078 1540 3138 liberare
1560 3085 1591 3136 ι
1631 3080 1717 3138 At
1748 3095 1929 3152 nunc,
1958 3075 2168 3138 Clodio
2197 3091 2286 3134 re-

223 3164 420 3230 moto,
450 3155 686 3218 usitatis
720 3157 840 3216 iam
869 3159 1054 3218 rebus
1083 3158 1431 3221 enitendum
1454 3169 1549 3221 est
1574 3159 1813 3234 Miloni,
1845 3169 1912 3221 ut
1938 3168 2176 3236 tueatur
2204 3157 2289 3217 di-

223 3237 510 3311 gnitatem
549 3256 754 3299 suamz
797 3239 1120 3314 singularis
1164 3239 1268 3301 illa
1307 3250 1367 3302 et
1410 3241 1551 3303 huic
1584 3243 1689 3304 uni
1732 3257 2034 3304 concessa
2120 3237 2287 3310 toria,

226 3336 388 3390 Quae
427 3320 650 3383 cotidie
695 3321 1027 3397 augebatur
1065 3324 1415 3399 frangendis
1456 3325 1761 3387 furoribus
1798 3257 2348 3416 Clodianigffin,x

2366 3433 2397 3452 fi.

2398 3453 2452 3486 κι
