<?xml version="1.0" encoding="UTF-8"?>
<!DOCTYPE html PUBLIC "-//W3C//DTD XHTML 1.0 Transitional//EN"
    "http://www.w3.org/TR/xhtml1/DTD/xhtml1-transitional.dtd">
<html xmlns="http://www.w3.org/1999/xhtml" xml:lang="en" lang="en">
 <head>
  <title>
</title>
<meta http-equiv="Content-Type" content="text/html;charset=utf-8" />
  <meta name='ocr-system' content='tesseract 3.04.00' />
  <meta name='ocr-capabilities' content='ocr_page ocr_carea ocr_par ocr_line ocrx_word'/>
</head>
<body>
  <div class='ocr_page' id='page_1' title='image "./mtulliiciceroni00klotgoog_0181.png"; bbox 0 0 2459 3817; ppageno 0'>
   <div class='ocr_carea' id='block_1_1' title="bbox 219 176 1822 245">
    <p class='ocr_par' dir='ltr' id='par_1_1' title="bbox 219 176 1822 245">
     <span class='ocr_line' id='line_1_1' title="bbox 219 176 1822 245; baseline 0.002 -4"><span class='ocrx_word' id='word_1_1' title='bbox 219 176 341 243; x_wconf 78' lang='lat'>170</span> <span class='ocrx_word' id='word_1_2' title='bbox 680 180 757 240; x_wconf 79' lang='lat' dir='ltr'>IN</span> <span class='ocrx_word' id='word_1_3' title='bbox 786 180 848 240; x_wconf 87' lang='lat' dir='ltr'>C.</span> <span class='ocrx_word' id='word_1_4' title='bbox 887 182 1217 241; x_wconf 88' lang='lat' dir='ltr'>VERREM</span> <span class='ocrx_word' id='word_1_5' title='bbox 1255 182 1425 243; x_wconf 87' lang='lat' dir='ltr'>ACT.</span> <span class='ocrx_word' id='word_1_6' title='bbox 1455 184 1527 243; x_wconf 92' lang='grc' dir='ltr'>ΙΙ.</span> <span class='ocrx_word' id='word_1_7' title='bbox 1569 182 1714 243; x_wconf 87' lang='lat' dir='ltr'><strong>LIB.</strong></span> <span class='ocrx_word' id='word_1_8' title='bbox 1743 185 1822 245; x_wconf 83' lang='lat' dir='ltr'>V.</span> 
     </span>
    </p>
   </div>
   <div class='ocr_carea' id='block_1_2' title="bbox 222 329 2292 822">
    <p class='ocr_par' dir='ltr' id='par_1_2' title="bbox 222 329 2287 474">
     <span class='ocr_line' id='line_1_2' title="bbox 223 329 2287 415; baseline 0.005 -24"><span class='ocrx_word' id='word_1_9' title='bbox 223 329 358 407; x_wconf 85' lang='lat' dir='ltr'>ipsa</span> <span class='ocrx_word' id='word_1_10' title='bbox 401 330 503 389; x_wconf 86' lang='lat' dir='ltr'>illa</span> <span class='ocrx_word' id='word_1_11' title='bbox 542 330 695 391; x_wconf 89' lang='lat' dir='ltr'>falsa</span> <span class='ocrx_word' id='word_1_12' title='bbox 738 329 1016 391; x_wconf 78' lang='lat' dir='ltr'>defensio</span> <span class='ocrx_word' id='word_1_13' title='bbox 1052 348 1191 392; x_wconf 80' lang='lat' dir='ltr'>non</span> <span class='ocrx_word' id='word_1_14' title='bbox 1227 332 1427 395; x_wconf 88' lang='lat' dir='ltr'>minus</span> <span class='ocrx_word' id='word_1_15' title='bbox 1456 350 1600 395; x_wconf 87' lang='lat' dir='ltr'>esse</span> <span class='ocrx_word' id='word_1_16' title='bbox 1634 334 1691 395; x_wconf 91' lang='lat' dir='ltr'>ei</span> <span class='ocrx_word' id='word_1_17' title='bbox 1720 331 2068 410; x_wconf 86' lang='lat' dir='ltr'>perniciosa</span> <span class='ocrx_word' id='word_1_18' title='bbox 2104 356 2287 415; x_wconf 90' lang='lat' dir='ltr'>quam</span> 
     </span>
     <span class='ocr_line' id='line_1_3' title="bbox 222 413 1143 474; baseline -0.002 -1"><span class='ocrx_word' id='word_1_19' title='bbox 222 430 361 473; x_wconf 87' lang='lat' dir='ltr'>mea</span> <span class='ocrx_word' id='word_1_20' title='bbox 392 428 541 472; x_wconf 85' lang='lat' dir='ltr'>vera</span> <span class='ocrx_word' id='word_1_21' title='bbox 570 413 881 473; x_wconf 82' lang='lat' dir='ltr'>accusatio</span> <span class='ocrx_word' id='word_1_22' title='bbox 906 413 1143 474; x_wconf 86' lang='lat' dir='ltr'>debeat.</span> 
     </span>
    </p>

    <p class='ocr_par' dir='ltr' id='par_1_3' title="bbox 222 494 2292 822">
     <span class='ocr_line' id='line_1_4' title="bbox 392 494 2288 580; baseline 0.006 -25"><span class='ocrx_word' id='word_1_23' title='bbox 392 494 549 568; x_wconf 82' lang='lat' dir='ltr'>Quid</span> <span class='ocrx_word' id='word_1_24' title='bbox 578 494 738 555; x_wconf 88' lang='lat' dir='ltr'>enim</span> <span class='ocrx_word' id='word_1_25' title='bbox 766 495 1077 558; x_wconf 68' lang='lat' dir='ltr'>defendit?</span> <span class='ocrx_word' id='word_1_26' title='bbox 1102 498 1195 557; x_wconf 89' lang='lat' dir='ltr'>Ex</span> <span class='ocrx_word' id='word_1_27' title='bbox 1215 497 1512 574; x_wconf 83' lang='lat' dir='ltr'><strong>Hispania</strong></span> <span class='ocrx_word' id='word_1_28' title='bbox 1539 499 1839 575; x_wconf 85' lang='lat' dir='ltr'>fugientes</span> <span class='ocrx_word' id='word_1_29' title='bbox 1869 518 1940 563; x_wconf 90' lang='lat' dir='ltr'>se</span> <span class='ocrx_word' id='word_1_30' title='bbox 1959 505 2288 580; x_wconf 79' lang='lat' dir='ltr'>excepisse</span> 
     </span>
     <span class='ocr_line' id='line_1_5' title="bbox 222 573 2289 663; baseline 0.005 -24"><span class='ocrx_word' id='word_1_31' title='bbox 222 591 285 639; x_wconf 80' lang='lat' dir='ltr'>et</span> <span class='ocrx_word' id='word_1_32' title='bbox 316 577 619 652; x_wconf 89' lang='lat' dir='ltr'>supplicio</span> <span class='ocrx_word' id='word_1_33' title='bbox 650 577 957 639; x_wconf 79' lang='lat' dir='ltr'>adfecisse</span> <span class='ocrx_word' id='word_1_34' title='bbox 987 573 1150 641; x_wconf 89' lang='lat' dir='ltr'>dicit.</span> <span class='ocrx_word' id='word_1_35' title='bbox 1214 581 1363 655; x_wconf 79' lang='lat' dir='ltr'>Quis</span> <span class='ocrx_word' id='word_1_36' title='bbox 1405 582 1512 644; x_wconf 88' lang='lat' dir='ltr'>tibi</span> <span class='ocrx_word' id='word_1_37' title='bbox 1540 583 1605 642; x_wconf 92' lang='lat' dir='ltr'>id</span> <span class='ocrx_word' id='word_1_38' title='bbox 1631 584 1946 658; x_wconf 68' lang='lat' dir='ltr'>permisit?</span> <span class='ocrx_word' id='word_1_39' title='bbox 1991 604 2113 663; x_wconf 91' lang='lat' dir='ltr'>quo</span> <span class='ocrx_word' id='word_1_40' title='bbox 2157 590 2289 650; x_wconf 89' lang='lat' dir='ltr'>iure</span> 
     </span>
     <span class='ocr_line' id='line_1_6' title="bbox 226 658 2290 740; baseline 0.008 -19"><span class='ocrx_word' id='word_1_41' title='bbox 226 658 467 721; x_wconf 76' lang='lat' dir='ltr'>fecisti?</span> <span class='ocrx_word' id='word_1_42' title='bbox 490 660 627 735; x_wconf 88' lang='lat' dir='ltr'>quis</span> <span class='ocrx_word' id='word_1_43' title='bbox 652 661 815 722; x_wconf 89' lang='lat' dir='ltr'>idem</span> <span class='ocrx_word' id='word_1_44' title='bbox 838 663 1027 724; x_wconf 68' lang='lat' dir='ltr'>fecit?</span> <span class='ocrx_word' id='word_1_45' title='bbox 1056 666 1160 740; x_wconf 90' lang='lat' dir='ltr'>qui</span> <span class='ocrx_word' id='word_1_46' title='bbox 1180 668 1293 730; x_wconf 89' lang='lat' dir='ltr'>tibi</span> <span class='ocrx_word' id='word_1_47' title='bbox 1311 670 1375 731; x_wconf 92' lang='lat' dir='ltr'>id</span> <span class='ocrx_word' id='word_1_48' title='bbox 1397 673 1834 735; x_wconf 80' lang='lat' dir='ltr'>facere-licuit?</span> <span class='ocrx_word' id='word_1_49' title='bbox 1896 674 2036 735; x_wconf 88' lang='lat'>152.</span> <span class='ocrx_word' id='word_1_50' title='bbox 2066 678 2290 739; x_wconf 90' lang='lat' dir='ltr'>Forum</span> 
     </span>
     <span class='ocr_line' id='line_1_7' title="bbox 227 744 2292 822; baseline 0.01 -20"><span class='ocrx_word' id='word_1_51' title='bbox 227 746 477 818; x_wconf 85' lang='lat' dir='ltr'>plenum</span> <span class='ocrx_word' id='word_1_52' title='bbox 508 750 568 803; x_wconf 86' lang='lat' dir='ltr'>et</span> <span class='ocrx_word' id='word_1_53' title='bbox 596 744 884 807; x_wconf 88' lang='lat' dir='ltr'>basilicas</span> <span class='ocrx_word' id='word_1_54' title='bbox 912 747 1171 810; x_wconf 89' lang='lat' dir='ltr'>istorum</span> <span class='ocrx_word' id='word_1_55' title='bbox 1200 752 1513 822; x_wconf 82' lang='lat' dir='ltr'>hominum</span> <span class='ocrx_word' id='word_1_56' title='bbox 1541 757 1823 819; x_wconf 88' lang='lat' dir='ltr'>videmus</span> <span class='ocrx_word' id='word_1_57' title='bbox 1857 766 1920 820; x_wconf 89' lang='lat' dir='ltr'>et</span> <span class='ocrx_word' id='word_1_58' title='bbox 1961 760 2163 821; x_wconf 91' lang='lat' dir='ltr'>animo</span> <span class='ocrx_word' id='word_1_59' title='bbox 2196 780 2292 822; x_wconf 86' lang='lat' dir='ltr'>ae-</span> 
     </span>
    </p>
   </div>
   <div class='ocr_carea' id='block_1_3' title="bbox 228 826 2294 987">
    <p class='ocr_par' dir='ltr' id='par_1_4' title="bbox 228 826 2294 987">
     <span class='ocr_line' id='line_1_8' title="bbox 228 826 2294 906; baseline 0.01 -21"><span class='ocrx_word' id='word_1_60' title='bbox 228 842 353 899; x_wconf 93' lang='lat' dir='ltr'>quo</span> <span class='ocrx_word' id='word_1_61' title='bbox 384 826 687 889; x_wconf 88' lang='lat' dir='ltr'>videmus.</span> <span class='ocrx_word' id='word_1_62' title='bbox 750 829 957 889; x_wconf 89' lang='lat' dir='ltr'>Civilis</span> <span class='ocrx_word' id='word_1_63' title='bbox 989 833 1149 893; x_wconf 90' lang='lat' dir='ltr'>enim</span> <span class='ocrx_word' id='word_1_64' title='bbox 1178 835 1582 900; x_wconf 88' lang='lat' dir='ltr'>dissensionis</span> <span class='ocrx_word' id='word_1_65' title='bbox 1615 846 1676 900; x_wconf 88' lang='lat' dir='ltr'>et</span> <span class='ocrx_word' id='word_1_66' title='bbox 1709 858 1823 902; x_wconf 89' lang='lat' dir='ltr'>seu</span> <span class='ocrx_word' id='word_1_67' title='bbox 1849 844 2152 904; x_wconf 81' lang='lat' dir='ltr'>amentiae</span> <span class='ocrx_word' id='word_1_68' title='bbox 2181 860 2294 906; x_wconf 92' lang='lat' dir='ltr'>seu</span> 
     </span>
     <span class='ocr_line' id='line_1_9' title="bbox 228 911 2294 987; baseline -0.003 -10"><span class='ocrx_word' id='word_1_69' title='bbox 228 914 334 977; x_wconf 88' lang='lat' dir='ltr'>fati</span> <span class='ocrx_word' id='word_1_70' title='bbox 370 930 481 976; x_wconf 88' lang='lat' dir='ltr'>seu</span> <span class='ocrx_word' id='word_1_71' title='bbox 511 911 868 974; x_wconf 77' lang='lat' dir='ltr'>calamitatis</span> <span class='ocrx_word' id='word_1_72' title='bbox 897 928 1018 973; x_wconf 90' lang='lat' dir='ltr'>non</span> <span class='ocrx_word' id='word_1_73' title='bbox 1056 920 1153 973; x_wconf 86' lang='lat' dir='ltr'>est</span> <span class='ocrx_word' id='word_1_74' title='bbox 1178 912 1297 974; x_wconf 89' lang='lat' dir='ltr'>iste</span> <span class='ocrx_word' id='word_1_75' title='bbox 1326 914 1619 975; x_wconf 87' lang='lat' dir='ltr'>molestus</span> <span class='ocrx_word' id='word_1_76' title='bbox 1651 912 1883 987; x_wconf 87' lang='lat' dir='ltr'>exitus,</span> <span class='ocrx_word' id='word_1_77' title='bbox 1911 912 1973 973; x_wconf 89' lang='lat' dir='ltr'>in</span> <span class='ocrx_word' id='word_1_78' title='bbox 2003 929 2125 987; x_wconf 91' lang='lat' dir='ltr'>quo</span> <span class='ocrx_word' id='word_1_79' title='bbox 2154 912 2294 973; x_wconf 86' lang='lat' dir='ltr'>reli·</span> 
     </span>
    </p>
   </div>
   <div class='ocr_carea' id='block_1_4' title="bbox 152 993 2298 3469">
    <p class='ocr_par' dir='ltr' id='par_1_5' title="bbox 152 993 2298 3469">
     <span class='ocr_line' id='line_1_10' title="bbox 225 993 2294 1074; baseline -0.002 -15"><span class='ocrx_word' id='word_1_80' title='bbox 225 1014 386 1074; x_wconf 90' lang='lat' dir='ltr'>quos</span> <span class='ocrx_word' id='word_1_81' title='bbox 430 997 643 1058; x_wconf 86' lang='lat' dir='ltr'>saltem</span> <span class='ocrx_word' id='word_1_82' title='bbox 683 996 851 1057; x_wconf 91' lang='lat' dir='ltr'>cives</span> <span class='ocrx_word' id='word_1_83' title='bbox 896 995 1236 1056; x_wconf 82' lang='lat' dir='ltr'>incolumes</span> <span class='ocrx_word' id='word_1_84' title='bbox 1265 993 1403 1056; x_wconf 91' lang='lat' dir='ltr'>licet</span> <span class='ocrx_word' id='word_1_85' title='bbox 1431 1010 1819 1057; x_wconf 85' lang='lat' dir='ltr'>conservare.</span> <span class='ocrx_word' id='word_1_86' title='bbox 1883 996 2141 1068; x_wconf 80' lang='lat' dir='ltr'>Verres,</span> <span class='ocrx_word' id='word_1_87' title='bbox 2190 994 2294 1055; x_wconf 89' lang='lat' dir='ltr'>ille</span> 
     </span>
     <span class='ocr_line' id='line_1_11' title="bbox 226 1079 2291 1155; baseline -0.002 -14"><span class='ocrx_word' id='word_1_88' title='bbox 226 1091 407 1142; x_wconf 88' lang='lat' dir='ltr'>vetus</span> <span class='ocrx_word' id='word_1_89' title='bbox 438 1079 718 1155; x_wconf 83' lang='lat' dir='ltr'>proditor</span> <span class='ocrx_word' id='word_1_90' title='bbox 746 1080 1039 1151; x_wconf 90' lang='lat' dir='ltr'>consulis,</span> <span class='ocrx_word' id='word_1_91' title='bbox 1068 1079 1396 1139; x_wconf 81' lang='lat' dir='ltr'>translator</span> <span class='ocrx_word' id='word_1_92' title='bbox 1409 1088 1794 1152; x_wconf 81' lang='lat' dir='ltr'>quaesturae,</span> <span class='ocrx_word' id='word_1_93' title='bbox 1824 1095 2080 1140; x_wconf 86' lang='lat' dir='ltr'>aversor</span> <span class='ocrx_word' id='word_1_94' title='bbox 2103 1094 2291 1153; x_wconf 86' lang='lat' dir='ltr'>pecu·</span> 
     </span>
     <span class='ocr_line' id='line_1_12' title="bbox 226 1160 2292 1239; baseline -0.002 -14"><span class='ocrx_word' id='word_1_95' title='bbox 226 1165 365 1225; x_wconf 88' lang='lat' dir='ltr'>niae</span> <span class='ocrx_word' id='word_1_96' title='bbox 395 1162 697 1239; x_wconf 84' lang='lat' dir='ltr'>publicae,</span> <span class='ocrx_word' id='word_1_97' title='bbox 728 1170 955 1225; x_wconf 91' lang='lat' dir='ltr'>tantum</span> <span class='ocrx_word' id='word_1_98' title='bbox 981 1161 1097 1221; x_wconf 91' lang='lat' dir='ltr'>sibi</span> <span class='ocrx_word' id='word_1_99' title='bbox 1128 1160 1504 1223; x_wconf 86' lang='lat' dir='ltr'>auctoritatis</span> <span class='ocrx_word' id='word_1_100' title='bbox 1537 1160 1599 1221; x_wconf 89' lang='lat' dir='ltr'>in</span> <span class='ocrx_word' id='word_1_101' title='bbox 1627 1178 1694 1221; x_wconf 89' lang='lat' dir='ltr'>re</span> <span class='ocrx_word' id='word_1_102' title='bbox 1726 1162 1968 1237; x_wconf 89' lang='lat' dir='ltr'>publica</span> <span class='ocrx_word' id='word_1_103' title='bbox 1998 1160 2292 1236; x_wconf 88' lang='lat' dir='ltr'>suscepit,</span> 
     </span>
     <span class='ocr_line' id='line_1_13' title="bbox 226 1244 2292 1320; baseline -0.002 -11"><span class='ocrx_word' id='word_1_104' title='bbox 226 1256 322 1318; x_wconf 90' lang='lat' dir='ltr'>ut,</span> <span class='ocrx_word' id='word_1_105' title='bbox 371 1245 595 1320; x_wconf 89' lang='lat' dir='ltr'>quibus</span> <span class='ocrx_word' id='word_1_106' title='bbox 624 1244 973 1306; x_wconf 90' lang='lat' dir='ltr'>hominibus</span> <span class='ocrx_word' id='word_1_107' title='bbox 1006 1261 1119 1319; x_wconf 91' lang='lat' dir='ltr'>per</span> <span class='ocrx_word' id='word_1_108' title='bbox 1146 1254 1442 1317; x_wconf 90' lang='lat' dir='ltr'>senatum,</span> <span class='ocrx_word' id='word_1_109' title='bbox 1468 1260 1582 1320; x_wconf 89' lang='lat' dir='ltr'>per</span> <span class='ocrx_word' id='word_1_110' title='bbox 1609 1246 1906 1319; x_wconf 89' lang='lat' dir='ltr'>populum</span> <span class='ocrx_word' id='word_1_111' title='bbox 1933 1246 2292 1318; x_wconf 90' lang='lat' dir='ltr'>Romanum,</span> 
     </span>
     <span class='ocr_line' id='line_1_14' title="bbox 227 1326 2290 1406; baseline -0.001 -17"><span class='ocrx_word' id='word_1_112' title='bbox 227 1346 340 1406; x_wconf 89' lang='lat' dir='ltr'>per</span> <span class='ocrx_word' id='word_1_113' title='bbox 369 1344 583 1388; x_wconf 87' lang='lat' dir='ltr'>omnes</span> <span class='ocrx_word' id='word_1_114' title='bbox 611 1326 1028 1403; x_wconf 82' lang='lat' dir='ltr'>magistratus,</span> <span class='ocrx_word' id='word_1_115' title='bbox 1082 1327 1142 1387; x_wconf 91' lang='lat' dir='ltr'>in</span> <span class='ocrx_word' id='word_1_116' title='bbox 1174 1329 1339 1400; x_wconf 91' lang='lat' dir='ltr'>foro,</span> <span class='ocrx_word' id='word_1_117' title='bbox 1387 1327 1448 1386; x_wconf 91' lang='lat' dir='ltr'>in</span> <span class='ocrx_word' id='word_1_118' title='bbox 1493 1326 1830 1401; x_wconf 83' lang='lat' dir='ltr'>suffragiis,</span> <span class='ocrx_word' id='word_1_119' title='bbox 1881 1327 1941 1387; x_wconf 92' lang='lat' dir='ltr'>in</span> <span class='ocrx_word' id='word_1_120' title='bbox 1969 1326 2084 1387; x_wconf 88' lang='lat' dir='ltr'>hac</span> <span class='ocrx_word' id='word_1_121' title='bbox 2117 1328 2290 1399; x_wconf 88' lang='lat' dir='ltr'>urbe,</span> 
     </span>
     <span class='ocr_line' id='line_1_15' title="bbox 227 1409 2294 1485; baseline -0.002 -11"><span class='ocrx_word' id='word_1_122' title='bbox 227 1414 289 1474; x_wconf 92' lang='lat' dir='ltr'>in</span> <span class='ocrx_word' id='word_1_123' title='bbox 320 1428 387 1471; x_wconf 92' lang='lat' dir='ltr'>re</span> <span class='ocrx_word' id='word_1_124' title='bbox 427 1410 673 1485; x_wconf 86' lang='lat' dir='ltr'>publica</span> <span class='ocrx_word' id='word_1_125' title='bbox 712 1409 948 1470; x_wconf 87' lang='lat' dir='ltr'>versari</span> <span class='ocrx_word' id='word_1_126' title='bbox 988 1410 1225 1480; x_wconf 87' lang='lat' dir='ltr'>liceret,</span> <span class='ocrx_word' id='word_1_127' title='bbox 1273 1410 1350 1470; x_wconf 91' lang='lat' dir='ltr'>iis</span> <span class='ocrx_word' id='word_1_128' title='bbox 1390 1410 1671 1470; x_wconf 89' lang='lat' dir='ltr'>omnibus</span> <span class='ocrx_word' id='word_1_129' title='bbox 1718 1418 1968 1471; x_wconf 88' lang='lat' dir='ltr'>mortem</span> <span class='ocrx_word' id='word_1_130' title='bbox 2007 1411 2294 1470; x_wconf 86' lang='lat' dir='ltr'>acerbam</span> 
     </span>
     <span class='ocr_line' id='line_1_16' title="bbox 232 1493 2295 1569; baseline -0.001 -14"><span class='ocrx_word' id='word_1_131' title='bbox 232 1494 665 1566; x_wconf 87' lang='lat' dir='ltr'>crudelemque</span> <span class='ocrx_word' id='word_1_132' title='bbox 692 1500 1097 1567; x_wconf 87' lang='lat' dir='ltr'>proponeret,</span> <span class='ocrx_word' id='word_1_133' title='bbox 1142 1493 1197 1553; x_wconf 93' lang='lat' dir='ltr'>si</span> <span class='ocrx_word' id='word_1_134' title='bbox 1229 1494 1470 1553; x_wconf 88' lang='lat' dir='ltr'>fortuna</span> <span class='ocrx_word' id='word_1_135' title='bbox 1500 1509 1613 1554; x_wconf 89' lang='lat' dir='ltr'>eos</span> <span class='ocrx_word' id='word_1_136' title='bbox 1643 1494 1724 1553; x_wconf 87' lang='lat' dir='ltr'>ad</span> <span class='ocrx_word' id='word_1_137' title='bbox 1757 1493 2023 1568; x_wconf 86' lang='lat' dir='ltr'>aliquam</span> <span class='ocrx_word' id='word_1_138' title='bbox 2058 1501 2295 1569; x_wconf 85' lang='lat' dir='ltr'>partem</span> 
     </span>
     <span class='ocr_line' id='line_1_17' title="bbox 228 1573 2295 1651; baseline 0 -14"><span class='ocrx_word' id='word_1_139' title='bbox 228 1576 475 1637; x_wconf 88' lang='lat' dir='ltr'>Siciliae</span> <span class='ocrx_word' id='word_1_140' title='bbox 504 1576 841 1636; x_wconf 89' lang='lat' dir='ltr'>detulisset.</span> <span class='ocrx_word' id='word_1_141' title='bbox 906 1573 1048 1637; x_wconf 81' lang='lat'><strong>153.</strong></span> <span class='ocrx_word' id='word_1_142' title='bbox 1108 1576 1208 1634; x_wconf 91' lang='lat' dir='ltr'>Ad</span> <span class='ocrx_word' id='word_1_143' title='bbox 1241 1575 1344 1635; x_wconf 87' lang='lat' dir='ltr'>Cn.</span> <span class='ocrx_word' id='word_1_144' title='bbox 1367 1574 1739 1651; x_wconf 88' lang='lat' dir='ltr'>Pompeium,</span> <span class='ocrx_word' id='word_1_145' title='bbox 1773 1576 2175 1637; x_wconf 87' lang='lat' dir='ltr'>clarissimum</span> <span class='ocrx_word' id='word_1_146' title='bbox 2207 1575 2295 1637; x_wconf 89' lang='lat' dir='ltr'>vi·</span> 
     </span>
     <span class='ocr_line' id='line_1_18' title="bbox 234 1656 2295 1734; baseline -0 -15"><span class='ocrx_word' id='word_1_147' title='bbox 234 1676 364 1721; x_wconf 88' lang='lat' dir='ltr'>rum</span> <span class='ocrx_word' id='word_1_148' title='bbox 398 1666 459 1719; x_wconf 88' lang='lat' dir='ltr'>et</span> <span class='ocrx_word' id='word_1_149' title='bbox 488 1656 904 1732; x_wconf 90' lang='lat' dir='ltr'>fortissimum,</span> <span class='ocrx_word' id='word_1_150' title='bbox 934 1658 1231 1734; x_wconf 85' lang='lat' dir='ltr'>permulti,</span> <span class='ocrx_word' id='word_1_151' title='bbox 1265 1658 1474 1720; x_wconf 88' lang='lat' dir='ltr'>occiso</span> <span class='ocrx_word' id='word_1_152' title='bbox 1497 1658 1818 1734; x_wconf 86' lang='lat' dir='ltr'>Perperna,</span> <span class='ocrx_word' id='word_1_153' title='bbox 1854 1676 1932 1719; x_wconf 88' lang='lat' dir='ltr'>ex</span> <span class='ocrx_word' id='word_1_154' title='bbox 1957 1661 2058 1720; x_wconf 91' lang='lat' dir='ltr'>illo</span> <span class='ocrx_word' id='word_1_155' title='bbox 2090 1658 2295 1719; x_wconf 88' lang='lat' dir='ltr'>Serto·</span> 
     </span>
     <span class='ocr_line' id='line_1_19' title="bbox 230 1740 2294 1817; baseline -0 -14"><span class='ocrx_word' id='word_1_156' title='bbox 230 1743 399 1803; x_wconf 82' lang='lat' dir='ltr'>riano</span> <span class='ocrx_word' id='word_1_157' title='bbox 447 1757 698 1802; x_wconf 91' lang='lat' dir='ltr'>numero</span> <span class='ocrx_word' id='word_1_158' title='bbox 742 1740 995 1803; x_wconf 89' lang='lat' dir='ltr'>militum</span> <span class='ocrx_word' id='word_1_159' title='bbox 1037 1742 1456 1817; x_wconf 83' lang='lat' dir='ltr'>confugerunt.</span> <span class='ocrx_word' id='word_1_160' title='bbox 1521 1743 1710 1816; x_wconf 81' lang='lat' dir='ltr'>Quem</span> <span class='ocrx_word' id='word_1_161' title='bbox 1753 1759 1875 1803; x_wconf 92' lang='lat' dir='ltr'>non</span> <span class='ocrx_word' id='word_1_162' title='bbox 1915 1742 2016 1802; x_wconf 89' lang='lat' dir='ltr'>ille</span> <span class='ocrx_word' id='word_1_163' title='bbox 2058 1758 2294 1803; x_wconf 90' lang='lat' dir='ltr'>summo</span> 
     </span>
     <span class='ocr_line' id='line_1_20' title="bbox 226 1823 2298 1901; baseline -0.002 -14"><span class='ocrx_word' id='word_1_164' title='bbox 226 1842 368 1887; x_wconf 90' lang='lat' dir='ltr'>cum</span> <span class='ocrx_word' id='word_1_165' title='bbox 398 1824 599 1887; x_wconf 91' lang='lat' dir='ltr'>studio</span> <span class='ocrx_word' id='word_1_166' title='bbox 631 1825 867 1886; x_wconf 88' lang='lat' dir='ltr'>salvum</span> <span class='ocrx_word' id='word_1_167' title='bbox 894 1824 1386 1901; x_wconf 89' lang='lat' dir='ltr'>incolumemque</span> <span class='ocrx_word' id='word_1_168' title='bbox 1411 1825 1720 1886; x_wconf 68' lang='lat' dir='ltr'>servavit?</span> <span class='ocrx_word' id='word_1_169' title='bbox 1759 1824 1858 1885; x_wconf 89' lang='lat' dir='ltr'>cui</span> <span class='ocrx_word' id='word_1_170' title='bbox 1886 1824 2004 1885; x_wconf 88' lang='lat' dir='ltr'>civi</span> <span class='ocrx_word' id='word_1_171' title='bbox 2033 1823 2298 1901; x_wconf 88' lang='lat' dir='ltr'>supplici</span> 
     </span>
     <span class='ocr_line' id='line_1_21' title="bbox 228 1905 2297 1983; baseline -0.002 -13"><span class='ocrx_word' id='word_1_172' title='bbox 228 1926 351 1970; x_wconf 89' lang='lat' dir='ltr'>non</span> <span class='ocrx_word' id='word_1_173' title='bbox 380 1907 481 1969; x_wconf 89' lang='lat' dir='ltr'>illa</span> <span class='ocrx_word' id='word_1_174' title='bbox 515 1908 767 1968; x_wconf 86' lang='lat' dir='ltr'>dextera</span> <span class='ocrx_word' id='word_1_175' title='bbox 794 1905 1018 1969; x_wconf 91' lang='lat' dir='ltr'>invicta</span> <span class='ocrx_word' id='word_1_176' title='bbox 1040 1908 1222 1969; x_wconf 88' lang='lat' dir='ltr'>fidem</span> <span class='ocrx_word' id='word_1_177' title='bbox 1252 1909 1524 1983; x_wconf 85' lang='lat' dir='ltr'>porrexit</span> <span class='ocrx_word' id='word_1_178' title='bbox 1553 1916 1612 1969; x_wconf 88' lang='lat' dir='ltr'>et</span> <span class='ocrx_word' id='word_1_179' title='bbox 1642 1924 1817 1983; x_wconf 90' lang='lat' dir='ltr'>spem</span> <span class='ocrx_word' id='word_1_180' title='bbox 1845 1908 2066 1968; x_wconf 88' lang='lat' dir='ltr'>salutis</span> <span class='ocrx_word' id='word_1_181' title='bbox 2091 1915 2297 1968; x_wconf 87' lang='lat' dir='ltr'>osten·</span> 
     </span>
     <span class='ocr_line' id='line_1_22' title="bbox 230 1991 2297 2067; baseline -0.001 -15"><span class='ocrx_word' id='word_1_182' title='bbox 230 1991 361 2052; x_wconf 70' lang='lat' dir='ltr'>dit?</span> <span class='ocrx_word' id='word_1_183' title='bbox 422 1992 590 2051; x_wconf 85' lang='lat' dir='ltr'>Itane</span> <span class='ocrx_word' id='word_1_184' title='bbox 623 1997 818 2051; x_wconf 67' lang='lat' dir='ltr'>vero?</span> <span class='ocrx_word' id='word_1_185' title='bbox 858 1991 1081 2065; x_wconf 91' lang='lat' dir='ltr'>quibus</span> <span class='ocrx_word' id='word_1_186' title='bbox 1111 1991 1222 2052; x_wconf 88' lang='lat' dir='ltr'>fuit</span> <span class='ocrx_word' id='word_1_187' title='bbox 1255 1999 1469 2066; x_wconf 88' lang='lat' dir='ltr'>portus</span> <span class='ocrx_word' id='word_1_188' title='bbox 1511 1992 1676 2067; x_wconf 90' lang='lat' dir='ltr'>apud</span> <span class='ocrx_word' id='word_1_189' title='bbox 1713 2007 1880 2062; x_wconf 89' lang='lat' dir='ltr'>eum,</span> <span class='ocrx_word' id='word_1_190' title='bbox 1928 2007 2108 2066; x_wconf 89' lang='lat' dir='ltr'>quem</span> <span class='ocrx_word' id='word_1_191' title='bbox 2150 2006 2297 2049; x_wconf 85' lang='lat' dir='ltr'>con-</span> 
     </span>
     <span class='ocr_line' id='line_1_23' title="bbox 230 2072 2298 2149; baseline -0.001 -14"><span class='ocrx_word' id='word_1_192' title='bbox 230 2082 323 2135; x_wconf 86' lang='lat' dir='ltr'>tra</span> <span class='ocrx_word' id='word_1_193' title='bbox 362 2088 529 2131; x_wconf 87' lang='lat' dir='ltr'>arma</span> <span class='ocrx_word' id='word_1_194' title='bbox 570 2073 854 2145; x_wconf 89' lang='lat' dir='ltr'>tulerant,</span> <span class='ocrx_word' id='word_1_195' title='bbox 907 2073 984 2134; x_wconf 89' lang='lat' dir='ltr'>iis</span> <span class='ocrx_word' id='word_1_196' title='bbox 1026 2075 1193 2149; x_wconf 89' lang='lat' dir='ltr'>apud</span> <span class='ocrx_word' id='word_1_197' title='bbox 1237 2082 1328 2146; x_wconf 90' lang='lat' dir='ltr'>te,</span> <span class='ocrx_word' id='word_1_198' title='bbox 1374 2075 1547 2135; x_wconf 91' lang='lat' dir='ltr'>cuius</span> <span class='ocrx_word' id='word_1_199' title='bbox 1589 2075 1818 2134; x_wconf 89' lang='lat' dir='ltr'>nullum</span> <span class='ocrx_word' id='word_1_200' title='bbox 1848 2074 1908 2133; x_wconf 90' lang='lat' dir='ltr'>in</span> <span class='ocrx_word' id='word_1_201' title='bbox 1939 2090 2008 2134; x_wconf 90' lang='lat' dir='ltr'>re</span> <span class='ocrx_word' id='word_1_202' title='bbox 2053 2072 2298 2148; x_wconf 87' lang='lat' dir='ltr'>publica</span> 
     </span>
     <span class='ocr_line' id='line_1_24' title="bbox 230 2154 2297 2229; baseline -0 -14"><span class='ocrx_word' id='word_1_203' title='bbox 230 2161 599 2216; x_wconf 88' lang='lat' dir='ltr'>momentum</span> <span class='ocrx_word' id='word_1_204' title='bbox 629 2170 917 2229; x_wconf 89' lang='lat' dir='ltr'>umquam</span> <span class='ocrx_word' id='word_1_205' title='bbox 945 2154 1083 2229; x_wconf 91' lang='lat' dir='ltr'>fuit,</span> <span class='ocrx_word' id='word_1_206' title='bbox 1118 2172 1284 2215; x_wconf 91' lang='lat' dir='ltr'>mors</span> <span class='ocrx_word' id='word_1_207' title='bbox 1313 2164 1374 2216; x_wconf 91' lang='lat' dir='ltr'>et</span> <span class='ocrx_word' id='word_1_208' title='bbox 1399 2156 1706 2217; x_wconf 88' lang='lat' dir='ltr'>cruciatus</span> <span class='ocrx_word' id='word_1_209' title='bbox 1733 2165 1863 2218; x_wconf 90' lang='lat' dir='ltr'>erat</span> <span class='ocrx_word' id='word_1_210' title='bbox 1891 2156 2297 2218; x_wconf 66' lang='lat' dir='ltr'>constitutus?</span> 
     </span>
     <span class='ocr_line' id='line_1_25' title="bbox 152 2237 2293 2315; baseline 0 -17"><span class='ocrx_word' id='word_1_211' title='bbox 152 2263 159 2266; x_wconf 89' lang='lat'><em>·</em></span> <span class='ocrx_word' id='word_1_212' title='bbox 231 2238 377 2298; x_wconf 87' lang='lat' dir='ltr'><strong>LlX.</strong></span> <span class='ocrx_word' id='word_1_213' title='bbox 428 2237 587 2297; x_wconf 85' lang='lat' dir='ltr'>Vide</span> <span class='ocrx_word' id='word_1_214' title='bbox 621 2253 802 2311; x_wconf 88' lang='lat' dir='ltr'>quam</span> <span class='ocrx_word' id='word_1_215' title='bbox 837 2239 1215 2298; x_wconf 89' lang='lat' dir='ltr'>commodam</span> <span class='ocrx_word' id='word_1_216' title='bbox 1249 2240 1666 2300; x_wconf 79' lang='lat' dir='ltr'>defensionem</span> <span class='ocrx_word' id='word_1_217' title='bbox 1699 2239 2096 2315; x_wconf 79' lang='lat' dir='ltr'>excogitaris!</span> <span class='ocrx_word' id='word_1_218' title='bbox 2133 2240 2293 2298; x_wconf 88' lang='lat' dir='ltr'>Malo</span> 
     </span>
     <span class='ocr_line' id='line_1_26' title="bbox 231 2318 2297 2398; baseline 0 -17"><span class='ocrx_word' id='word_1_219' title='bbox 231 2321 577 2381; x_wconf 87' lang='lat' dir='ltr'>mehercule</span> <span class='ocrx_word' id='word_1_220' title='bbox 626 2318 719 2393; x_wconf 91' lang='lat' dir='ltr'>id,</span> <span class='ocrx_word' id='word_1_221' title='bbox 773 2320 940 2393; x_wconf 90' lang='lat' dir='ltr'>quod</span> <span class='ocrx_word' id='word_1_222' title='bbox 979 2328 1043 2381; x_wconf 93' lang='lat' dir='ltr'>tu</span> <span class='ocrx_word' id='word_1_223' title='bbox 1084 2321 1395 2394; x_wconf 89' lang='lat' dir='ltr'>defendis,</span> <span class='ocrx_word' id='word_1_224' title='bbox 1447 2321 1543 2382; x_wconf 92' lang='lat' dir='ltr'>his</span> <span class='ocrx_word' id='word_1_225' title='bbox 1591 2322 1894 2383; x_wconf 91' lang='lat' dir='ltr'>iudicibus</span> <span class='ocrx_word' id='word_1_226' title='bbox 1935 2324 2297 2398; x_wconf 90' lang='lat' dir='ltr'>populoque</span> 
     </span>
     <span class='ocr_line' id='line_1_27' title="bbox 229 2401 2295 2481; baseline 0 -18"><span class='ocrx_word' id='word_1_227' title='bbox 229 2404 507 2465; x_wconf 88' lang='lat' dir='ltr'>Romano</span> <span class='ocrx_word' id='word_1_228' title='bbox 538 2418 721 2478; x_wconf 88' lang='lat' dir='ltr'>quam</span> <span class='ocrx_word' id='word_1_229' title='bbox 744 2401 826 2476; x_wconf 90' lang='lat' dir='ltr'>id,</span> <span class='ocrx_word' id='word_1_230' title='bbox 856 2404 1022 2477; x_wconf 90' lang='lat' dir='ltr'>quod</span> <span class='ocrx_word' id='word_1_231' title='bbox 1044 2418 1159 2477; x_wconf 81' lang='lat' dir='ltr'>ego</span> <span class='ocrx_word' id='word_1_232' title='bbox 1187 2402 1490 2478; x_wconf 89' lang='lat' dir='ltr'>insimulo,</span> <span class='ocrx_word' id='word_1_233' title='bbox 1513 2405 1788 2481; x_wconf 71' lang='lat' dir='ltr'>probariz</span> <span class='ocrx_word' id='word_1_234' title='bbox 1818 2406 1996 2477; x_wconf 88' lang='lat' dir='ltr'>malo,</span> <span class='ocrx_word' id='word_1_235' title='bbox 2025 2404 2295 2479; x_wconf 90' lang='lat' dir='ltr'>inquam,</span> 
     </span>
     <span class='ocr_line' id='line_1_28' title="bbox 232 2484 2292 2560; baseline 0 -15"><span class='ocrx_word' id='word_1_236' title='bbox 232 2494 293 2545; x_wconf 87' lang='lat' dir='ltr'>te</span> <span class='ocrx_word' id='word_1_237' title='bbox 346 2487 444 2545; x_wconf 91' lang='lat' dir='ltr'>isti</span> <span class='ocrx_word' id='word_1_238' title='bbox 499 2484 706 2560; x_wconf 81' lang='lat' dir='ltr'>generi</span> <span class='ocrx_word' id='word_1_239' title='bbox 756 2485 1067 2545; x_wconf 90' lang='lat' dir='ltr'>hominum</span> <span class='ocrx_word' id='word_1_240' title='bbox 1118 2504 1300 2560; x_wconf 86' lang='lat' dir='ltr'>quam</span> <span class='ocrx_word' id='word_1_241' title='bbox 1341 2488 1780 2549; x_wconf 87' lang='lat' dir='ltr'>mercatoribus</span> <span class='ocrx_word' id='word_1_242' title='bbox 1815 2496 1878 2549; x_wconf 89' lang='lat' dir='ltr'>et</span> <span class='ocrx_word' id='word_1_243' title='bbox 1903 2485 2292 2549; x_wconf 87' lang='lat' dir='ltr'>naviculariis</span> 
     </span>
     <span class='ocr_line' id='line_1_29' title="bbox 230 2565 2296 2643; baseline -0 -14"><span class='ocrx_word' id='word_1_244' title='bbox 230 2566 537 2629; x_wconf 88' lang='lat' dir='ltr'>inimicum</span> <span class='ocrx_word' id='word_1_245' title='bbox 570 2574 754 2641; x_wconf 89' lang='lat' dir='ltr'>atque</span> <span class='ocrx_word' id='word_1_246' title='bbox 782 2565 1068 2629; x_wconf 89' lang='lat' dir='ltr'>infestum</span> <span class='ocrx_word' id='word_1_247' title='bbox 1107 2568 1324 2643; x_wconf 86' lang='lat' dir='ltr'>putari.</span> <span class='ocrx_word' id='word_1_248' title='bbox 1381 2570 1584 2631; x_wconf 87' lang='lat' dir='ltr'>Meum</span> <span class='ocrx_word' id='word_1_249' title='bbox 1624 2572 1784 2632; x_wconf 90' lang='lat' dir='ltr'>enim</span> <span class='ocrx_word' id='word_1_250' title='bbox 1826 2569 2050 2630; x_wconf 89' lang='lat' dir='ltr'>crimen</span> <span class='ocrx_word' id='word_1_251' title='bbox 2096 2567 2296 2629; x_wconf 88' lang='lat' dir='ltr'>avari-</span> 
     </span>
     <span class='ocr_line' id='line_1_30' title="bbox 230 2648 2296 2725; baseline 0 -15"><span class='ocrx_word' id='word_1_252' title='bbox 230 2649 351 2711; x_wconf 87' lang='lat' dir='ltr'>tiae</span> <span class='ocrx_word' id='word_1_253' title='bbox 377 2658 435 2709; x_wconf 91' lang='lat' dir='ltr'>te</span> <span class='ocrx_word' id='word_1_254' title='bbox 464 2648 685 2709; x_wconf 88' lang='lat' dir='ltr'>nimiae</span> <span class='ocrx_word' id='word_1_255' title='bbox 716 2651 1024 2725; x_wconf 72' lang='lat' dir='ltr'>coarguitz</span> <span class='ocrx_word' id='word_1_256' title='bbox 1067 2660 1169 2712; x_wconf 89' lang='lat' dir='ltr'>tua</span> <span class='ocrx_word' id='word_1_257' title='bbox 1199 2653 1476 2713; x_wconf 75' lang='lat' dir='ltr'>defensio</span> <span class='ocrx_word' id='word_1_258' title='bbox 1506 2653 1729 2715; x_wconf 89' lang='lat' dir='ltr'>furoris</span> <span class='ocrx_word' id='word_1_259' title='bbox 1761 2654 2077 2715; x_wconf 89' lang='lat' dir='ltr'>cuiusdam</span> <span class='ocrx_word' id='word_1_260' title='bbox 2098 2661 2160 2714; x_wconf 92' lang='lat' dir='ltr'>et</span> <span class='ocrx_word' id='word_1_261' title='bbox 2186 2652 2296 2710; x_wconf 88' lang='lat' dir='ltr'>im·</span> 
     </span>
     <span class='ocr_line' id='line_1_31' title="bbox 229 2731 2296 2812; baseline 0.001 -19"><span class='ocrx_word' id='word_1_262' title='bbox 229 2731 532 2793; x_wconf 74' lang='lat' dir='ltr'>inanitatis</span> <span class='ocrx_word' id='word_1_263' title='bbox 562 2740 625 2793; x_wconf 88' lang='lat' dir='ltr'>et</span> <span class='ocrx_word' id='word_1_264' title='bbox 649 2731 1348 2795; x_wconf 47' lang='lat' dir='ltr'>inauditae‘crudelitatis</span> <span class='ocrx_word' id='word_1_265' title='bbox 1375 2744 1436 2796; x_wconf 91' lang='lat' dir='ltr'>et</span> <span class='ocrx_word' id='word_1_266' title='bbox 1457 2752 1654 2811; x_wconf 84' lang='lat' dir='ltr'>paene</span> <span class='ocrx_word' id='word_1_267' title='bbox 1675 2752 1874 2798; x_wconf 87' lang='lat' dir='ltr'>novae</span> <span class='ocrx_word' id='word_1_268' title='bbox 1901 2734 2296 2812; x_wconf 83' lang='lat' dir='ltr'>proscriptio·</span> 
     </span>
     <span class='ocr_line' id='line_1_32' title="bbox 231 2812 2294 2894; baseline -0 -18"><span class='ocrx_word' id='word_1_269' title='bbox 231 2814 350 2876; x_wconf 84' lang='lat' dir='ltr'>nis.</span> <span class='ocrx_word' id='word_1_270' title='bbox 418 2812 560 2876; x_wconf 81' lang='lat'>154.</span> <span class='ocrx_word' id='word_1_271' title='bbox 618 2814 744 2875; x_wconf 89' lang='lat' dir='ltr'>Sed</span> <span class='ocrx_word' id='word_1_272' title='bbox 791 2832 911 2876; x_wconf 90' lang='lat' dir='ltr'>non</span> <span class='ocrx_word' id='word_1_273' title='bbox 957 2816 1100 2878; x_wconf 87' lang='lat' dir='ltr'>licet</span> <span class='ocrx_word' id='word_1_274' title='bbox 1139 2833 1236 2878; x_wconf 89' lang='lat' dir='ltr'>me</span> <span class='ocrx_word' id='word_1_275' title='bbox 1273 2816 1392 2879; x_wconf 93' lang='lat' dir='ltr'>isto</span> <span class='ocrx_word' id='word_1_276' title='bbox 1419 2826 1585 2880; x_wconf 87' lang='lat' dir='ltr'>tanto</span> <span class='ocrx_word' id='word_1_277' title='bbox 1616 2820 1812 2894; x_wconf 88' lang='lat' dir='ltr'>bono,</span> <span class='ocrx_word' id='word_1_278' title='bbox 1859 2820 2126 2893; x_wconf 90' lang='lat' dir='ltr'>iudices,</span> <span class='ocrx_word' id='word_1_279' title='bbox 2175 2818 2294 2877; x_wconf 71' lang='lat' dir='ltr'>utia</span> 
     </span>
     <span class='ocr_line' id='line_1_33' title="bbox 230 2898 2296 2976; baseline 0 -18"><span class='ocrx_word' id='word_1_280' title='bbox 230 2914 356 2959; x_wconf 87' lang='lat' dir='ltr'>non</span> <span class='ocrx_word' id='word_1_281' title='bbox 397 2898 555 2959; x_wconf 91' lang='lat' dir='ltr'>licet.</span> <span class='ocrx_word' id='word_1_282' title='bbox 635 2898 880 2960; x_wconf 90' lang='lat' dir='ltr'>Adsunt</span> <span class='ocrx_word' id='word_1_283' title='bbox 926 2898 1087 2959; x_wconf 92' lang='lat' dir='ltr'>enim</span> <span class='ocrx_word' id='word_1_284' title='bbox 1118 2898 1352 2961; x_wconf 91' lang='lat' dir='ltr'>Puteoli</span> <span class='ocrx_word' id='word_1_285' title='bbox 1402 2900 1543 2962; x_wconf 82' lang='lat' dir='ltr'>toti=</span> <span class='ocrx_word' id='word_1_286' title='bbox 1591 2900 2070 2976; x_wconf 80' lang='lat' dir='ltr'>frequentissimi</span> <span class='ocrx_word' id='word_1_287' title='bbox 2111 2916 2296 2961; x_wconf 87' lang='lat' dir='ltr'>vene-</span> 
     </span>
     <span class='ocr_line' id='line_1_34' title="bbox 227 2980 2298 3059; baseline 0.001 -18"><span class='ocrx_word' id='word_1_288' title='bbox 227 2988 369 3041; x_wconf 88' lang='lat' dir='ltr'>runt</span> <span class='ocrx_word' id='word_1_289' title='bbox 400 2981 478 3040; x_wconf 89' lang='lat' dir='ltr'>ad</span> <span class='ocrx_word' id='word_1_290' title='bbox 512 2981 631 3040; x_wconf 90' lang='lat' dir='ltr'>hoc</span> <span class='ocrx_word' id='word_1_291' title='bbox 664 2980 952 3042; x_wconf 90' lang='lat' dir='ltr'>iudicium</span> <span class='ocrx_word' id='word_1_292' title='bbox 984 2991 1387 3055; x_wconf 78' lang='lat' dir='ltr'>mercatoreS,</span> <span class='ocrx_word' id='word_1_293' title='bbox 1432 2982 1709 3044; x_wconf 84' lang='lat' dir='ltr'>homines</span> <span class='ocrx_word' id='word_1_294' title='bbox 1743 2985 2084 3059; x_wconf 85' lang='lat' dir='ltr'>locupletes</span> <span class='ocrx_word' id='word_1_295' title='bbox 2115 2992 2298 3059; x_wconf 86' lang='lat' dir='ltr'>atque</span> 
     </span>
     <span class='ocr_line' id='line_1_35' title="bbox 228 3060 2296 3141; baseline 0 -18"><span class='ocrx_word' id='word_1_296' title='bbox 228 3060 505 3135; x_wconf 91' lang='lat' dir='ltr'>honesti,</span> <span class='ocrx_word' id='word_1_297' title='bbox 539 3061 643 3137; x_wconf 90' lang='lat' dir='ltr'>qui</span> <span class='ocrx_word' id='word_1_298' title='bbox 670 3061 890 3137; x_wconf 91' lang='lat' dir='ltr'>partim</span> <span class='ocrx_word' id='word_1_299' title='bbox 920 3064 1128 3125; x_wconf 87' lang='lat' dir='ltr'>socios</span> <span class='ocrx_word' id='word_1_300' title='bbox 1165 3081 1336 3138; x_wconf 86' lang='lat' dir='ltr'>suos,</span> <span class='ocrx_word' id='word_1_301' title='bbox 1373 3066 1587 3140; x_wconf 86' lang='lat' dir='ltr'>partim</span> <span class='ocrx_word' id='word_1_302' title='bbox 1622 3066 1891 3138; x_wconf 79' lang='lat' dir='ltr'>libertoS,</span> <span class='ocrx_word' id='word_1_303' title='bbox 1922 3064 2141 3141; x_wconf 86' lang='lat' dir='ltr'>partim</span> <span class='ocrx_word' id='word_1_304' title='bbox 2171 3064 2296 3125; x_wconf 89' lang='lat' dir='ltr'>col·</span> 
     </span>
     <span class='ocr_line' id='line_1_36' title="bbox 230 3143 2295 3222; baseline 0 -17"><span class='ocrx_word' id='word_1_305' title='bbox 230 3145 482 3207; x_wconf 79' lang='lat' dir='ltr'>libertos</span> <span class='ocrx_word' id='word_1_306' title='bbox 511 3146 589 3205; x_wconf 88' lang='lat' dir='ltr'>ab</span> <span class='ocrx_word' id='word_1_307' title='bbox 619 3143 735 3205; x_wconf 90' lang='lat' dir='ltr'>isto</span> <span class='ocrx_word' id='word_1_308' title='bbox 769 3145 1084 3221; x_wconf 74' lang='lat' dir='ltr'>spoliatoS‚</span> <span class='ocrx_word' id='word_1_309' title='bbox 1118 3145 1179 3207; x_wconf 93' lang='lat' dir='ltr'>in</span> <span class='ocrx_word' id='word_1_310' title='bbox 1212 3146 1409 3208; x_wconf 88' lang='lat' dir='ltr'>vincla</span> <span class='ocrx_word' id='word_1_311' title='bbox 1443 3146 1777 3220; x_wconf 89' lang='lat' dir='ltr'>coniectos,</span> <span class='ocrx_word' id='word_1_312' title='bbox 1809 3146 2021 3222; x_wconf 88' lang='lat' dir='ltr'>partim</span> <span class='ocrx_word' id='word_1_313' title='bbox 2073 3148 2131 3209; x_wconf 89' lang='lat' dir='ltr'>in</span> <span class='ocrx_word' id='word_1_314' title='bbox 2167 3146 2295 3208; x_wconf 90' lang='lat' dir='ltr'>vin—</span> 
     </span>
     <span class='ocr_line' id='line_1_37' title="bbox 233 3227 2297 3304; baseline 0 -17"><span class='ocrx_word' id='word_1_315' title='bbox 233 3227 344 3289; x_wconf 87' lang='lat' dir='ltr'>clis</span> <span class='ocrx_word' id='word_1_316' title='bbox 378 3236 663 3299; x_wconf 89' lang='lat' dir='ltr'>necatos,</span> <span class='ocrx_word' id='word_1_317' title='bbox 710 3227 923 3302; x_wconf 84' lang='lat' dir='ltr'>partim</span> <span class='ocrx_word' id='word_1_318' title='bbox 959 3228 1161 3289; x_wconf 89' lang='lat' dir='ltr'>securi</span> <span class='ocrx_word' id='word_1_319' title='bbox 1191 3245 1525 3304; x_wconf 88' lang='lat' dir='ltr'>percussos</span> <span class='ocrx_word' id='word_1_320' title='bbox 1555 3246 1698 3291; x_wconf 86' lang='lat' dir='ltr'>esse</span> <span class='ocrx_word' id='word_1_321' title='bbox 1725 3230 1950 3291; x_wconf 84' lang='lat' dir='ltr'>dicunt.</span> <span class='ocrx_word' id='word_1_322' title='bbox 2015 3230 2131 3291; x_wconf 86' lang='lat' dir='ltr'>Hic</span> <span class='ocrx_word' id='word_1_323' title='bbox 2154 3228 2297 3289; x_wconf 86' lang='lat' dir='ltr'>vide</span> 
     </span>
     <span class='ocr_line' id='line_1_38' title="bbox 234 3309 2295 3389; baseline 0 -20"><span class='ocrx_word' id='word_1_324' title='bbox 234 3326 417 3385; x_wconf 85' lang='lat' dir='ltr'>quam</span> <span class='ocrx_word' id='word_1_325' title='bbox 447 3326 544 3371; x_wconf 88' lang='lat' dir='ltr'>me</span> <span class='ocrx_word' id='word_1_326' title='bbox 575 3309 662 3371; x_wconf 85' lang='lat' dir='ltr'>sis</span> <span class='ocrx_word' id='word_1_327' title='bbox 692 3326 917 3371; x_wconf 89' lang='lat' dir='ltr'>usurus</span> <span class='ocrx_word' id='word_1_328' title='bbox 963 3327 1185 3386; x_wconf 87' lang='lat' dir='ltr'>aequo.</span> <span class='ocrx_word' id='word_1_329' title='bbox 1251 3312 1444 3385; x_wconf 79' lang='lat' dir='ltr'>Quum</span> <span class='ocrx_word' id='word_1_330' title='bbox 1485 3328 1601 3389; x_wconf 79' lang='lat' dir='ltr'>ego</span> <span class='ocrx_word' id='word_1_331' title='bbox 1639 3312 1701 3372; x_wconf 92' lang='lat' dir='ltr'>P.</span> <span class='ocrx_word' id='word_1_332' title='bbox 1744 3311 2033 3373; x_wconf 86' lang='lat' dir='ltr'>Granium</span> <span class='ocrx_word' id='word_1_333' title='bbox 2073 3321 2295 3374; x_wconf 88' lang='lat' dir='ltr'>testem</span> 
     </span>
     <span class='ocr_line' id='line_1_39' title="bbox 230 3392 2298 3469; baseline 0.002 -19"><span class='ocrx_word' id='word_1_334' title='bbox 230 3393 617 3466; x_wconf 83' lang='lat' dir='ltr'>produxero,</span> <span class='ocrx_word' id='word_1_335' title='bbox 670 3392 774 3469; x_wconf 88' lang='lat' dir='ltr'>qui</span> <span class='ocrx_word' id='word_1_336' title='bbox 817 3409 967 3454; x_wconf 91' lang='lat' dir='ltr'>suos</span> <span class='ocrx_word' id='word_1_337' title='bbox 1003 3393 1252 3456; x_wconf 89' lang='lat' dir='ltr'>libertos</span> <span class='ocrx_word' id='word_1_338' title='bbox 1293 3397 1404 3455; x_wconf 87' lang='lat' dir='ltr'>abs</span> <span class='ocrx_word' id='word_1_339' title='bbox 1445 3404 1506 3456; x_wconf 91' lang='lat' dir='ltr'>te</span> <span class='ocrx_word' id='word_1_340' title='bbox 1551 3394 1752 3457; x_wconf 90' lang='lat' dir='ltr'>securi</span> <span class='ocrx_word' id='word_1_341' title='bbox 1780 3411 2121 3467; x_wconf 82' lang='lat' dir='ltr'>percussos</span> <span class='ocrx_word' id='word_1_342' title='bbox 2151 3408 2298 3455; x_wconf 84' lang='lat' dir='ltr'>esse</span> 
     </span>
    </p>
   </div>
  </div>
 </body>
</html>
