2459 3817
293 186 377 251 46
788 194 858 252 ΙΝ
891 195 958 267 Q.
988 190 1401 253 CAECILIUM
1435 189 1848 249 DIVINATIO.

303 342 797 421 stipendiariique
827 340 1036 416 populi
1056 339 1312 401 Romani
1343 337 1597 410 adflicti,
1628 338 1832 399 miseri
1865 338 1983 399 iam
2016 356 2141 401 non
2170 340 2327 401 saiu-

304 430 376 487 tis
409 443 610 501 spem,
645 426 757 485 sed
789 423 1073 483 solacium
1111 421 1276 481 exitii
1312 429 1623 495 quaerunt.
1682 419 1741 480 8.
1792 420 1903 494 Ωιιί
1946 422 2169 483 iudicia
2207 440 2326 483 ma-

299 524 443 568 nere
470 507 634 582 apud
665 505 935 566 ordinem
975 503 1337 564 senatorium
1369 503 1606 575 volunt,
1648 512 1977 577 queruntur
2017 514 2325 565 accusato·

299 607 399 651 res
430 606 498 649 se
521 589 776 648 idoneos
805 603 925 647 non
952 585 1204 645 habere.
1230 584 1334 658 qui
1353 599 1643 645 accusare
1668 594 1944 659 possunt,
1974 586 2325 647 iudiciorum

215 706 224 711 -
301 670 683 733 severitatem
724 668 1086 728 desiderant.
1160 666 1429 741 Populus
1458 669 1766 727 Romanus
1798 666 2043 740 interea,
2092 668 2325 729 tametsi

301 752 500 813 multis
556 750 955 811 incommodis
1010 748 1585 824 difficultatibusque
1638 750 1914 810 adfectus
1958 758 2079 822 est,
2128 758 2323 810 tamen

302 836 441 895 nihil
471 850 665 909 aeque
693 832 753 892 in
781 848 850 892 re
882 830 1121 907 publica
1148 840 1331 906 atque
1359 830 1519 890 illam
1543 840 1804 891 veterem
1828 830 2185 892 iudiciorum
2208 832 2323 891 vim

300 916 772 993 gravitatemque
807 913 1073 988 requirit.
1138 913 1501 974 Iudiciorum
1533 914 1836 975 desiderio
1873 904 2186 974 tribunicia
2217 930 2322 989 po-

300 1008 486 1061 testas
517 997 844 1072 efflagitata
879 1005 1000 1058 est=
1039 994 1396 1057 iudiciorum
1424 996 1661 1055 levitate
1691 996 1841 1055 ordo
1887 1012 2135 1071 quoque
2174 996 2323 1056 alius

302 1084 376 1141 ad
404 1098 505 1141 res
538 1080 896 1140 iudicandas
920 1080 1287 1154 postulatur.
1323 1077 1589 1138 iudicum
1616 1078 1796 1153 culpa
1821 1087 2005 1153 atque
2028 1079 2324 1139 dedecore

303 1163 480 1225 etiarn
509 1161 854 1223 censorium
882 1176 1131 1234 nomen,
1163 1161 1326 1235 quod
1360 1159 1640 1235 asperius
1674 1167 1851 1220 antea
1874 1163 2105 1237 populo
2132 1160 2323 1221 videri

299 1245 558 1317 solebat,
592 1244 652 1303 id
682 1260 842 1304 nunc
873 1242 1168 1318 poscitur,
1220 1242 1282 1301 id
1322 1243 1435 1307 iam
1468 1245 1761 1317 populare
1806 1252 1866 1303 et
1893 1243 2210 1318 plausibile
2240 1244 2323 1301 fa-

299 1338 457 1389 ctum
487 1336 598 1387 est.
661 1326 720 1387 9.
786 1329 852 1386 In
881 1327 996 1385 hac
1029 1324 1276 1384 libidine
1306 1324 1611 1386 hominum
1641 1324 2235 1399 nocentissimorum,
2264 1325 2324 1385 in

301 1408 508 1485 populi
547 1408 799 1469 Romani
847 1406 1148 1467 cotidiana
1203 1406 1607 1481 querimonia,
1653 1405 2009 1467 iudiciorum
2066 1407 2326 1480 infamia,

299 1491 480 1552 totius
511 1488 738 1549 ordinis
768 1486 1106 1549 offensione
1130 1504 1315 1562 quum
1338 1487 1455 1548 hoc
1481 1506 1665 1549 unum
1694 1490 1788 1548 his
1815 1497 1903 1551 tot
1930 1489 2327 1551 incommodis

290 1571 624 1633 remedium
654 1584 795 1630 esse
828 1569 1174 1641 arbitrarer,
1220 1578 1284 1629 ut
1327 1570 1601 1631 homines
1639 1570 1842 1631 idonei
1888 1579 2070 1647 atque
2114 1571 2327 1646 integri

297 1671 545 1715 causam
579 1654 667 1713 rei
695 1652 970 1729 publicae
993 1653 1315 1727 legumque
1345 1652 1742 1728 susciperent,
1773 1654 1965 1714 fateor
1989 1671 2088 1715 me
2116 1654 2326 1715 salutis

298 1736 560 1797 omnium
592 1752 779 1795 causa
807 1736 885 1795 ad
915 1751 1048 1795 eam
1079 1743 1313 1809 partem
1339 1735 1685 1795 accessisse
1711 1734 1800 1794 rei
1822 1736 2101 1811 publicae
2129 1736 2327 1798 suble-

303 1820 532 1880 vandae
547 1862 563 1893 ,
599 1834 755 1893 quae
780 1817 1040 1878 maxime
1069 1818 1387 1877 laboraret.

463 1899 559 1961 10.
601 1898 770 1960 Nunc
807 1901 1090 1975 quoniam
1134 1900 1355 1974 quibus
1395 1898 1579 1959 rebus
1622 1899 1921 1960 adductus
1962 1901 2041 1960 ad
2083 1916 2328 1959 causam

297 1982 660 2041 accesserim
684 1980 1109 2053 demonstravi,
1147 1982 1471 2041 dicendum
1493 1981 1843 2043 necessario
1874 1991 1968 2042 est
1980 1982 2057 2041 de
2083 1990 2329 2042 conten-

296 2063 460 2123 tione
490 2072 727 2135 nostra,
776 2072 841 2123 ut
872 2064 930 2121 in
967 2063 1389 2123 constituendo
1420 2072 1774 2123 accusatore
1805 2063 1949 2138 quid
1980 2063 2155 2137 sequi
2187 2080 2327 2137 pos·

298 2144 428 2205 sitis
458 2143 748 2205 habeatis.
800 2143 929 2218 Ego
961 2145 1051 2204 sic
1083 2143 1381 2219 intelligo,
1415 2144 1677 2205 iudices=
1722 2163 1905 2220 quum
1934 2147 2010 2205 de
2051 2146 2329 2221 pecuniis

298 2226 651 2301 repetundis
703 2242 919 2285 nomen
976 2225 1313 2300 cuiuspiam
1365 2227 1695 2299 deteratur,
1745 2226 1799 2288 si
1834 2236 2132 2288 certamen
2175 2227 2332 2288 inter

296 2310 534 2384 aliquos
565 2310 642 2367 sit
669 2308 765 2367 cui
797 2309 1176 2387 potissimum
1204 2308 1425 2369 delatio
1458 2308 1660 2381 detur,
1699 2308 1848 2369 haec
1879 2309 2044 2369 duo
2028 2327 2087 2369 in
2110 2309 2329 2405 primis

297 2389 559 2464 spectari
588 2376 903 2464 oportere·
936 2407 1116 2464 quem
1143 2389 1402 2450 maxime
1432 2390 1618 2451 velint
1645 2400 1905 2452 actorem
1938 2408 2079 2451 esse
2108 2392 2167 2463 ii,
2198 2391 2329 2486 qui-

298 2473 412 2531 bus
444 2474 638 2531 factae
667 2488 807 2532 esse
841 2471 1160 2532 dicantur
1147 2472 1428 2543 iniuriae,
1472 2480 1533 2533 et
1574 2489 1753 2548 quem
1794 2472 2034 2533 minime
2081 2473 2327 2543 velitis,

303 2554 401 2627 qui
431 2570 537 2612 eas
566 2552 814 2613 iniurias
848 2555 1068 2613 fecisse
1098 2562 1399 2630 arguatur.

463 2636 563 2694 lV.
607 2634 703 2695 ll.
748 2636 814 2693 In
840 2636 954 2695 hac
985 2651 1197 2709 causa,
1245 2636 1508 2709 iudiceS,
1550 2638 1785 2696 tametsi
1831 2647 2151 2712 utrumque
2186 2652 2332 2696 esse

294 2714 551 2776 arbitror
582 2718 984 2791 perspicuum,
1018 2726 1210 2779 tamen
1244 2720 1321 2779 de
1353 2729 1606 2793 utroque
1630 2718 1824 2778 dicam
1853 2727 1913 2779 et
1939 2719 2017 2779 de
2038 2735 2113 2779 eo
2141 2719 2333 2793 priuS,

298 2799 464 2873 quod
497 2800 661 2873 apud
693 2817 805 2861 vos
841 2799 1159 2874 plurimum
1194 2801 1376 2861 debet
1415 2802 1647 2873 valere,
1690 2800 1805 2862 hoc
1835 2810 1958 2875 est,
2000 2802 2079 2861 de
2116 2802 2333 2861 volun-

294 2888 415 2939 tate
445 2896 682 2953 eorum,
732 2882 952 2957 quibus
994 2881 1245 2942 iniuriae
1281 2884 1473 2943 factae
1510 2891 1679 2943 sunt=
1716 2899 1971 2957 quorum
2014 2899 2201 2944 causa
2241 2882 2333 2943 iu-

295 2959 517 3020 dicium
568 2963 646 3023 de
690 2963 964 3037 pecuniis
1011 2964 1363 3039 repetundis
1414 2972 1508 3024 est
1560 2964 1966 3026 constitutum.
2064 2964 2335 3025 Siciliam

295 3043 672 3118 provinciam
701 3044 762 3104 C.
783 3048 1010 3106 Verres
1044 3062 1155 3121 per
1182 3045 1500 3107 triennium
1528 3048 1933 3122 depopulatus
1962 3064 2121 3119 esse,
2158 3045 2338 3107 Sicu-

291 3126 488 3185 lorum
519 3125 793 3187 civitates
825 3135 1131 3201 vastasse,
1175 3130 1393 3189 domos
1422 3128 1800 3202 exinanisse,
1847 3132 1987 3191 l'ana
2027 3129 2336 3204 spoliasse

294 3205 529 3267 dieitur.
593 3208 861 3283 Adsunt,
895 3219 1223 3283 queruntur
1252 3210 1437 3269 Siculi
1468 3212 1763 3271 universi=
1795 3213 1875 3273 ad
1906 3228 2097 3272 meam
2129 3211 2337 3282 fidem,

299 3304 480 3362 quam
515 3289 737 3351 habent
766 3298 1098 3366 spectatam
1134 3293 1250 3351 iam
1283 3300 1344 3352 et
1372 3294 1700 3367 cognitam,
1734 3293 2117 3368 confugiuntz
2160 3294 2336 3352 auxi-

301 3368 443 3429 lium
476 3370 588 3431 sibi
631 3389 740 3447 per
771 3390 864 3433 me
885 3390 924 3432 a
949 3374 1124 3433 vobis
1153 3382 1336 3447 atque
1363 3389 1401 3432 a
1428 3375 1637 3451 populi
1664 3376 1918 3436 Romani
1962 3374 2197 3449 legibus
2228 3389 2331 3448 pe-
