2459 3817
850 170 857 178 ·
904 157 1065 219 CAP.
1093 167 1259 220 1—3.
1303 164 1354 224 s.
1381 159 1550 218 1--·!.
2211 155 2249 219 3

177 319 565 372 innocentem
584 311 649 370 P.
676 307 907 369 Sullam
945 310 1322 383 defenderet,
1365 322 1596 384 quaero
1647 323 1755 369 cur
1798 307 1902 384 qui
1935 307 2136 368 aditus
2165 309 2242 366 ad

182 412 431 456 eausam
459 393 783 455 Hortensio
824 394 1083 469 patuerit
1134 391 1280 452 mihi
1325 392 1692 454 interclusus
1741 409 1884 454 esse
1927 389 2201 451 debuerit
2217 401 2243 445 -3

175 493 407 555 quaero
450 476 601 538 illud
638 475 847 550 etiam,
900 476 955 536 si
994 492 1122 551 me,
1175 475 1281 550 qui
1324 475 1616 549 defendo,
1675 474 2244 552 reprehendendum

176 569 359 638 putas
407 577 582 634 esse,
626 559 771 634 quid
814 559 1057 621 tandem
1099 560 1176 619 de
1217 559 1312 618 his
1354 559 1666 620 existimes
1709 557 1960 621 summis
2005 556 2155 618 viris
2185 565 2247 618 et

176 643 534 706 clarissimis
564 641 821 716 civibuS,
854 659 1112 717 quorum
1144 642 1348 703 studio
1381 651 1440 704 et
1467 641 1756 717 dignitate
1792 641 2088 702 celebrari
2123 641 2244 702 hoc

176 726 486 800 iudicium,
515 725 719 786 ornari
741 742 1021 798 causam,
1067 726 1316 786 defendi
1355 725 1537 786 huius
1581 725 1990 787 innocentiam
2021 724 2198 786 vides
2217 731 2246 782 ‘e

175 811 306 871 Non
353 809 515 870 enim
554 826 678 870 una
717 808 872 872 ratio
918 813 1015 870 est
1053 807 1432 868 defensionis
1475 824 1579 879 ea,
1631 825 1789 883 quae
1831 808 2032 884 posita
2059 807 2242 868 estin

176 895 481 956 orationes
512 909 743 964 omneS,
778 893 883 968 qui
913 893 1153 962 adsunt,
1180 891 1285 966 qui
1306 892 1600 965 laborant,
1625 890 1730 966 qui
1753 893 1990 951 salvum
2016 891 2246 963 volunt,

174 994 287 1053 pro
318 993 431 1037 sua
461 983 633 1052 parte
665 983 851 1050 atque
884 975 1242 1034 auctoritate
1284 974 1636 1033 defendunt.
1722 971 1780 1034 5.
1824 977 1922 1034 An
1958 987 2138 1045 vero,
2181 971 2246 1032 in

177 1059 401 1135 quibus
434 1057 747 1118 subselliis
778 1058 931 1116 haec
973 1064 1328 1116 ornamenta
1355 1072 1429 1116 ac
1459 1055 1686 1128 lumina
1725 1054 1816 1115 rei
1844 1053 2130 1130 publicae
2156 1054 2244 1113 vi-

177 1143 404 1213 derem,
437 1139 499 1198 in
532 1140 627 1198 his
656 1155 755 1198 me
783 1154 1087 1214 apparere
1115 1139 1371 1211 nollem,
1415 1154 1674 1213 quorum
1705 1153 1821 1211 ego
1865 1137 2031 1197 illum
2065 1137 2127 1196 in
2156 1138 2246 1196 lo-

178 1239 317 1283 cum
358 1230 544 1296 atque
593 1220 655 1279 in
706 1220 865 1280 hanc
907 1218 1390 1280 excelsissimam
1437 1221 1649 1280 sedem
1706 1218 2012 1295 dignitatis
2063 1227 2247 1294 atque

176 1303 430 1366 honoris
460 1302 662 1364 multis
693 1301 844 1362 meis
874 1310 938 1364 et
977 1301 1213 1378 magnis
1262 1303 1575 1364 laboribus
1605 1312 1665 1364 et
1691 1302 1979 1379 periculis
2022 1319 2242 1364 ascen·

176 1386 451 1449 dissemr
490 1389 695 1460 Atque
726 1393 792 1446 ut
819 1384 1138 1460 intelligas,
1169 1385 1506 1462 Torquate,
1556 1403 1736 1461 quem
1765 1402 2058 1459 accuses»,
2105 1385 2162 1446 si
2188 1393 2246 1446 te

178 1473 335 1532 forte
364 1470 428 1530 id
460 1467 733 1542 offendit,
756 1469 922 1543 quod
952 1485 1087 1544 ego,
1114 1469 1216 1544 qui
1239 1469 1300 1528 in
1323 1470 1441 1530 hoc
1475 1486 1701 1545 genere
1733 1467 2109 1546 quaestionis
2140 1469 2244 1528 de-

176 1553 471 1614 fenderim
500 1551 820 1624 neminem,
856 1568 978 1614 non
1011 1552 1207 1614 desim
1232 1552 1296 1611 P.
1327 1552 1553 1626 Sullae,
1586 1555 1913 1615 recordare
1941 1555 2020 1613 de
2087 1560 2246 1612 cete-

174 1638 279 1709 risi,
308 1652 467 1712 quos
488 1637 714 1696 adesse
742 1633 884 1696 huic
911 1635 1123 1695 videsx
1168 1633 1470 1710 intelliges
1513 1645 1574 1698 et
1613 1637 1691 1697 de
1729 1637 1848 1698 hoc
1888 1644 1950 1698 et
1990 1637 2067 1695 de
2107 1636 2243 1694 aliis

175 1719 466 1781 iudicium
516 1734 717 1778 meum
745 1727 807 1778 et
832 1718 1048 1779 horum
1088 1735 1201 1795 par
1243 1728 1426 1794 atque
1470 1737 1653 1780 unum
1698 1719 1909 1780 fuisse.
2005 1718 2066 1777 6.
2098 1717 2244 1790 Quis

177 1811 451 1863 nostrum
483 1801 676 1861 adfuit
702 1800 1121 1875 vargunteio?
1202 1802 1425 1876 Nemo,
1464 1817 1541 1862 ne
1583 1801 1682 1862 hic
1714 1802 1959 1876 quidem
1987 1802 2244 1860 Horten·

179 1882 327 1958 sius,
363 1883 721 1958 praesertim
754 1883 857 1958 qui
884 1883 1051 1944 illum
1096 1885 1268 1945 solus
1313 1893 1495 1946 antea
1541 1886 1617 1946 de
1663 1883 1892 1944 ambitu
1931 1882 2246 1944 defendis·

179 1975 292 2028 set.
367 1966 501 2026 Non
530 1965 691 2026 enim
723 1965 843 2025 iam
870 1983 941 2026 se
970 1968 1093 2026 ullo
1125 1968 1331 2029 officio
1362 1985 1500 2028 cum
1529 1966 1633 2028 illo
1665 1965 2054 2028 coniunctum
2083 1965 2242 2026 arbi·

178 2048 463 2121 trabatur,
520 2065 706 2123 quum
736 2048 837 2108 ille
867 2055 1032 2109 tanto
1064 2051 1299 2111 scelere
1329 2051 1660 2113 commisso
1705 2050 1972 2111 omnium
2007 2048 2245 2110 officio-

176 2148 310 2194 rum
340 2130 695 2192 societatem
723 2129 1085 2194 diremisset.
1134 2132 1281 2206 Quis
1316 2143 1590 2195 nostrum
1625 2135 1796 2198 Serv,
1827 2133 2074 2208 Sullam,
2106 2133 2244 2208 quis

176 2213 259 2289 Ρ.,
313 2212 452 2289 quis
481 2213 563 2274 M.
591 2215 882 2289 Laecam,
928 2214 1065 2292 quis
1098 2215 1159 2275 C.
1194 2217 1535 2278 Cornelium
1579 2216 2030 2278 defendendum
2070 2223 2243 2290 puta·

178 2297 305 2358 vit?
327 2296 469 2372 quis
489 2296 566 2358 iis
595 2298 812 2358 horum
841 2298 1074 2360 adfuit?
1108 2299 1319 2362 Nemo.
1365 2299 1521 2374 Quid
1550 2299 1673 2361 ita?
1717 2299 1867 2374 Quia
1889 2301 1951 2361 in
2023 2297 2242 2360 celeris

177 2379 387 2442 causis
417 2379 595 2441 etiam
624 2390 917 2444 nocentes
951 2380 1062 2441 viri
1087 2382 1252 2457 boni,
1288 2383 1342 2444 si
1377 2383 1712 2444 necessarii
1741 2392 1911 2457 sunt,
1954 2384 2242 2452 deseren-

176 2466 294 2525 dos
322 2479 465 2525 esse
486 2480 608 2524 non
632 2472 875 2539 putant=
902 2464 965 2524 in
986 2463 1105 2526 hoc
1130 2465 1380 2528 crimine
1401 2484 1525 2528 non
1547 2468 1744 2528 solum
1777 2465 2040 2528 levitatis
2063 2467 2243 2539 culpa

174 2555 289 2619 est,
314 2562 523 2607 verum
546 2547 725 2608 etiam
750 2549 1049 2624 quaedam
1074 2549 1354 2626 contagio
1381 2549 1650 2623 sceleriS,
1677 2550 1732 2610 si
1759 2550 2057 2610 defendas
2085 2565 2243 2620 eum,

177 2647 359 2706 quem
389 2630 743 2693 obstrictum
772 2648 915 2693 esse
952 2632 1183 2707 patriae
1210 2631 1537 2708 parricidio
1567 2631 1904 2708 suspicere.
1961 2631 2018 2692 7.
2046 2629 2244 2705 Quid?

174 2712 471 2774 Autronio
494 2730 699 2775 nonne
712 2715 983 2788 sodaleS‚
998 2731 1202 2776 nonne
1216 2717 1494 2790 collegae
1509 2717 1624 2790 sui,
1641 2734 1764 2778 non
1779 2725 2024 2778 veteres
2044 2713 2239 2782 amici,

177 2813 439 2872 quorum
480 2795 583 2858 ille
623 2796 806 2872 copia
837 2798 1145 2872 quondam
1186 2797 1550 2870 abundarat,
1595 2813 1718 2859 non
1759 2797 1822 2857 hi
1852 2813 2097 2872 omneS,
2137 2796 2242 2871 qui

178 2890 322 2941 sunt
363 2879 425 2940 in
464 2895 532 2940 re
565 2879 811 2954 publiea
853 2879 1195 2954 principes,
1249 2881 1612 2941 defuerunt?
1652 2881 1833 2940 immo
1864 2880 2044 2942 etiam
2073 2881 2244 2942 testi·

176 2963 381 3024 monio
416 2961 693 3039 plerique
718 2964 1066 3023 laeserunt?
1119 2961 1464 3024 Statuerant
1501 2971 1730 3026 tantum
1759 2964 1909 3026 illud
1945 2981 2088 3025 esse
2117 2981 2240 3024 ma·

176 3039 443 3107 leficium
492 3045 662 3122 quod
702 3062 826 3105 non
870 3045 1055 3106 modo
1097 3062 1219 3106 non
1265 3047 1554 3107 occultari
1597 3065 1709 3124 per
1753 3062 1852 3122 se,
1909 3048 2022 3108 sed
2061 3047 2240 3108 etiam

178 3129 399 3205 aperiri
427 3128 834 3205 illustrarique
862 3129 1131 3190 deberet.
1177 3129 1278 3192 ΠΙ.
1311 3128 1498 3203 Quam
1526 3131 1604 3192 ob
1623 3147 1748 3190 rem
1776 3128 1924 3208 quid
1951 3140 2045 3190 est
2075 3130 2240 3204 quod

178 3210 427 3287 mirere,
460 3213 515 3274 si
546 3229 682 3274 cum
714 3213 931 3273 iisdem
970 3228 1068 3273 me
1107 3211 1169 3272 in
1204 3213 1320 3272 hac
1361 3229 1550 3274 causa
1589 3212 1762 3275 vides
1803 3217 2060 3284 adesse,
2103 3227 2240 3272 cum

180 3296 405 3372 quibus
434 3295 495 3358 in
566 3296 788 3359 ceteris
815 3294 1099 3370 intelligis
1134 3296 1410 3358 aruisset
1466 3295 1596 3357 Nisi
1627 3314 1770 3358 vero
1802 3313 1899 3357 me
1931 3311 2120 3356 unum
2144 3294 2242 3356 vis

181 3379 377 3441 rerum
404 3389 646 3456 praeter
711 3389 981 3454 eeteros,
1008 3395 1106 3440 me
1130 3377 1448 3454 asperum,
1482 3395 1580 3438 me
1606 3379 2002 3514 inhunlianum
2032 3373 2236 3438 existi·
