2459 3817
751 144 917 204 CAP.
948 151 1012 208 6⁷
1028 149 1212 208 2--62
1256 147 1310 210 ἕω
1346 149 1447 206 141
1467 175 1539 188 -·-
1556 151 1679 206 146.
2138 143 2221 208 97

169 293 452 360 auxerint
476 302 584 356 aut
609 291 992 355 defenderint
1019 298 1122 354 aut
1147 291 1467 368 servarint,
1498 308 1643 356 esse
1671 294 2067 360 immortalem
2094 297 2229 372 gio·

173 378 326 440 riam
350 383 744 439 consecutos,

338 459 541 522 LXIX.
571 457 712 522 144.
757 459 882 520 Sed
909 475 1008 522 me
1035 465 1290 534 repente
1304 503 1320 533 ,
1352 457 1619 533 iudices,
1652 461 1731 522 de
1760 459 2228 524 fortissimorum

169 552 234 607 et
261 541 735 606 clarissimorum
770 541 990 606 civium
1019 541 1307 618 dignitate
1338 549 1401 604 et
1422 541 1617 617 glorta
1642 543 1947 606 dicentem
1969 546 2228 620 etplura

169 625 352 690 etiam
387 625 592 688 dicere
617 632 936 702 parantem
963 625 1178 686 horum
1206 633 1497 706 aspectus
1520 625 1585 686 in
1612 625 1753 702 ipso
1783 641 1968 690 cursu
2000 627 2223 690 oratio-

167 709 276 772 nis
301 709 616 786 repressit.
682 709 881 770 Video
907 707 976 770 Ρ.
1017 707 1317 782 Sestium,
1357 724 1531 768 meae
1560 709 1805 783 salutis,
1848 720 2089 772 vestrae
2116 727 2221 774 au·

167 791 482 868 ctoritatis,
506 791 790 868 publicae
806 808 1036 854 causae
1061 792 1467 863 defensorem,
1494 800 2029 866 propugnatorem,
2054 802 2223 855 acto·

168 893 328 952 rem,
369 891 572 938 reum:
626 875 806 936 video
853 875 1017 936 hunc
1055 880 1501 950 praetextatum
1530 872 1667 933 eius
1694 873 1883 936 filium
1914 876 2109 938 oeulis
2138 878 2219 937 la-

169 959 562 1020 crimantibus
587 975 688 1018 me
713 958 1072 1019 intuentem:
1109 956 1292 1016 video
1313 956 1619 1028 Milonem,
1648 955 1951 1018 vindicem
1983 965 2223 1019 vestrae

167 1041 494 1114 libertatis,
553 1041 874 1101 custodem
916 1038 1131 1101 salutis
1174 1054 1378 1111 meae,
1428 1037 1769 1100 subsidium
1804 1037 2091 1101 adflictae
2132 1040 2221 1100 rei

169 1125 470 1201 publicae,
495 1123 926 1184 exstinctorem
951 1120 1269 1182 domestici
1289 1120 1607 1194 latrocinii,
1635 1137 2054 1197 repressorem
2084 1137 2219 1182 cae·

167 1205 266 1268 dis
297 1203 658 1278 cotidianae,
689 1204 1077 1266 defensorem
1106 1203 1469 1278 templorum
1496 1212 1681 1278 atque
1704 1211 2015 1277 tectorum,
2044 1219 2221 1280 prae-

170 1288 392 1348 sidium
421 1285 646 1361 curiae,
675 1285 1051 1348 sordidatum
1081 1293 1142 1348 et
1159 1302 1361 1350 reum=
1388 1285 1573 1369 video
1594 1285 1659 1346 P.
1680 1286 2019 1360 Lentulum,
2040 1285 2223 1348 cuius

167 1387 286 1446 ego
325 1378 560 1446 patrem
600 1371 783 1432 deum
827 1385 902 1430 ac
939 1377 1255 1446 parentem
1294 1377 1497 1432 statuo
1541 1371 1819 1432 fortunae
1846 1385 1923 1430 ec
1958 1369 2219 1432 nominis

166 1452 361 1516 meiet
384 1450 584 1514 fratris
605 1451 1065 1528 liberorumque
1076 1447 1449 1528 nostrorum,
1470 1454 1531 1516 in
1556 1455 1677 1517 hoc
1688 1453 1919 1518 irrisero
1932 1455 2221 1530 squalore

165 1545 232 1598 et
274 1534 594 1600 sordibus2
635 1535 734 1598 cui
775 1535 1060 1614 superior
1097 1550 1295 1598 annus
1335 1534 1499 1598 idem
1544 1543 1611 1598 et
1655 1535 1891 1600 virilem
1926 1536 2119 1612 patris
2162 1543 2223 1596 et

165 1627 542 1694 praetextam
581 1617 795 1696 populi
831 1617 1059 1681 iudicio
1092 1628 1296 1694 togam
1326 1618 1591 1692 dederit,
1626 1619 1792 1680 hunc
1822 1620 1941 1680 hoc
1966 1635 2129 1680 anno
2158 1618 2218 1680 in

165 1701 282 1762 hac
325 1709 470 1777 toga
513 1701 849 1776 rogationis
889 1700 1324 1766 iniustissimae
1368 1700 1628 1763 subitam
1678 1701 2063 1762 acerbitatem
2106 1717 2219 1778 pro

171 1780 344 1858 patre
375 1782 709 1844 fortIssimo
741 1792 802 1844 et
830 1783 1166 1845 clarissimo
1190 1783 1327 1842 cive
1352 1783 1798 1858 deprecantem.
1843 1780 1984 1846 145.
2018 1785 2221 1858 Atque

166 1867 266 1926 hic
294 1873 384 1927 tot
415 1870 478 1924 et
507 1864 714 1925 talium
747 1863 972 1926 civium
1005 1866 1279 1940 squalor,
1306 1863 1405 1925 hic
1432 1866 1654 1936 luctus,
1688 1864 1804 1924 hae
1834 1864 2053 1925 sordes
2082 1881 2216 1925 sus-

165 1955 382 2024 ceptae
419 1954 567 2008 sunt
606 1954 856 2022 propter
893 1963 1080 2009 unum
1120 1963 1249 2019 me,
1293 1946 1435 2020 quia
1478 1963 1573 2006 me
1601 1946 2031 2020 defenderunt,
2078 1946 2221 2022 quia

167 2047 370 2092 meum
400 2045 610 2090 casum
640 2032 990 2104 luctumque
1025 2029 1378 2100 doluerunt,
1417 2028 1561 2105 quia
1587 2046 1685 2090 me
1714 2028 1942 2104 lugenti
1970 2031 2216 2104 patriae,

167 2111 464 2188 flagitanti
491 2111 762 2186 senatui,
809 2111 1357 2188 poscenti‘Italiae,
1391 2111 1567 2172 vobis
1598 2111 1879 2173 omnibus
1908 2111 2217 2173 orantibus

163 2193 578 2258 reddiderunt.
621 2195 794 2269 Quod
822 2201 1051 2257 tantum
1081 2195 1258 2257 estin
1280 2211 1378 2254 me
1399 2196 1646 2257 scelus?
1675 2192 1822 2270 quid
1843 2202 2007 2256 tanto
2032 2210 2220 2270 opere

165 2277 398 2355 deliqui
427 2278 531 2340 illo
565 2277 693 2350 die,
727 2295 912 2353 quum
940 2278 1020 2337 ad
1049 2294 1166 2338 vos
1190 2275 1446 2351 indicia,
1487 2276 1746 2351 litteras,
1791 2279 2217 2338 confessiones

163 2362 506 2424 communis
535 2359 703 2422 exitii
731 2359 949 2436 detuli,
980 2376 1167 2436 quum
1195 2358 1373 2434 parui
1403 2359 1579 2422 vobis
1597 2367 1628 2419 v
1670 2362 1763 2421 Ac
1795 2360 1848 2420 si
1890 2360 2219 2422 scelestum

165 2454 262 2508 est
305 2460 510 2507 amare
546 2442 831 2519 patriam,
872 2443 1090 2518 pertuli
1131 2457 1469 2518 poenarum
1510 2441 1688 2504 satis=
1740 2459 1961 2504 eversa
2002 2444 2220 2504 domus

162 2537 292 2602 est,
321 2528 602 2590 fortunae
627 2533 915 2598 vexatae,
948 2525 1226 2603 dissipati
1254 2527 1459 2602 liberi,
1489 2533 1724 2604 raptate
1758 2523 2011 2600 coniux,
2040 2526 2225 2586 frater

165 2611 466 2687 optimus,
520 2605 860 2670 incredibili
910 2609 1134 2685 pietate
1153 2654 1169 2683 ,
1217 2625 1425 2670 amore
1476 2607 1783 2684 inaudito,
1834 2607 2099 2670 maximo
2155 2607 2219 2667 in

169 2695 458 2769 squalore
484 2694 790 2755 volutatus
833 2700 931 2753 est
969 2693 1048 2752 ad
1089 2692 1283 2768 pedes
1309 2690 1889 2753 inimicissimorum:
1936 2707 2050 2766 ego
2089 2691 2207 2766 pul·

168 2793 276 2837 sus
306 2776 460 2846 aris,
508 2776 696 2847 fociS‚
738 2773 834 2834 dis
870 2773 1224 2848 penatibus,
1271 2773 1597 2835 distractus
1626 2790 1663 2832 a
1691 2772 1875 2846 meiS,
1917 2773 2083 2834 carui
2109 2789 2241 2849 pa-·

167 2857 298 2926 tria,
324 2870 526 2930 quam,
551 2862 621 2914 ut
641 2853 958 2916 levissime
979 2853 1195 2924 dicam,
1219 2861 1389 2916 certe
1400 2854 1827 2914 defenderam:
1850 2853 2073 2928 pertuli
2083 2871 2218 2916 cru·

167 2938 472 3002 delitatem
501 2935 897 3008 inimicorum,
927 2935 1133 2995 scelus
1160 2933 1525 3007 infidelium,
1558 2935 1831 2996 fraudem
1858 2935 2225 2998 invidorum.

338 3017 479 3082 146.
544 3017 611 3078 Si
642 3017 763 3078 hoc
791 3032 915 3078 non
948 3024 1045 3078 est
1073 3016 1222 3079 satis
1240 3063 1256 3091 ‚
1298 3017 1467 3092 quod
1490 3017 1645 3078 haec
1674 3017 1875 3080 omnia
1906 3020 2105 3080 deleta
2132 3018 2219 3080 vi·

168 3105 389 3165 dentur
436 3101 637 3163 reditu
678 3114 846 3172 meo,
903 3099 1090 3160 multo
1133 3097 1307 3173 mihi,
1363 3100 1603 3173 multe,
1631 3101 1907 3178 inquam,
1963 3101 2219 3172 iudices,

171 3193 444 3260 praestat
487 3183 548 3248 in
591 3181 869 3245 eamdem
911 3182 1072 3244 illam
1102 3181 1379 3248 recidere
1407 3184 1739 3259 fortunam,
1784 3201 1965 3260 quam
1995 3189 2221 3244 tantam

171 3267 498 3344 importare
522 3267 676 3329 meis
707 3267 1131 3328 defensoribus
1166 3273 1226 3327 et
1244 3267 1782 3328 conservatoribus
1803 3263 2219 3326 calamitatem.

175 3363 268 3410 an
312 3365 427 3424 ego
468 3349 529 3410 in
568 3351 683 3410 hac
725 3349 876 3410 urbe
914 3365 1056 3410 esse
1101 3347 1338 3425 possim
1384 3350 1476 3410 his
1505 3349 1734 3426 pulsis,
1778 3347 1882 3424 qui
1910 3363 2006 3408 me
2037 3347 2223 3409 huius

327 3443 450 3486 cro.
495 3441 682 3487 oua-r.
729 3427 799 3488 Π
1700 3432 1741 3497 7
