2459 3817
667 205 832 266 CAP.
868 216 1059 267 1-3.
1098 210 1380 273 §.l-0.
1935 204 2062 270 251

0 357 188 427 diceS,
241 355 463 433 quibus
506 356 768 418 maxime
810 358 1041 437 debeo,
1084 372 1297 419 verum
1338 354 1517 419 etiam
1567 365 1632 419 ut
1669 354 1790 434 ipsi
1825 355 2054 433 Catoni,

0 441 350 516 gravissimo
394 450 579 516 atque
619 441 1005 515 integerrimo
1050 440 1215 512 viro,
1260 442 1556 503 rationem
1596 444 1734 502 facti
1767 441 1883 501 inei
1916 460 2057 517 pro-

0 526 145 584 bem.
202 526 257 582 A
288 541 411 598 quo
445 526 705 597 tandem,
736 525 815 583 M.
846 525 1011 599 Cato,
1052 534 1149 585 est
1176 526 1435 599 aequius
1465 526 1781 586 consulem
1810 524 2056 585 defendi

0 623 172 682 quam
212 624 251 667 a
291 609 587 668 consule?
644 605 789 681 Quis
818 606 962 668 mihi
1003 607 1065 667 in
1099 624 1167 668 re
1210 609 1453 683 publica
1491 615 1697 684 potest
1727 616 1834 669 aut
1874 609 2058 669 debet

0 706 131 751 esse
163 688 569 765 coniunctior,
604 707 786 765 quam
815 690 897 761 is,
930 691 1028 750 cui
1056 706 1157 751 res
1188 691 1434 765 publica
1461 708 1498 751 a
1526 708 1623 751 me
1651 691 1772 751 iam
1803 691 2059 752 traditur

0 772 374 845 sustinenda,
426 774 659 847 magnis
702 772 854 834 meis
891 773 1203 834 laboribus
1250 782 1309 834 et
1353 774 1642 848 periculis
1677 782 2058 836 sustentata?

0 856 162 929 Quod
192 854 245 916 si
276 855 334 915 in
364 854 439 916 iis
468 859 652 918 rebus
679 857 1059 932 repetendiS,
1106 873 1265 931 quae
1295 856 1560 932 mancipi
1588 866 1758 929 sunt,
1807 856 1862 917 is
1897 858 2059 932 peri-¹

0 940 187 1000 aulum
218 938 424 999 iudicii
457 950 767 1015 praestare
796 940 996 1012 debet,
1028 940 1224 1015 quise
1250 956 1415 1000 nexu
1437 939 1745 1015 obligavit,
1779 941 2056 1016 profecto

0 1022 165 1082 etiam
195 1022 417 1083 rectius
449 1023 509 1082 in
541 1023 769 1084 iudicio
795 1022 1067 1084 consulis
1092 1022 1394 1098 designati
1422 1022 1476 1082 is
1499 1023 1886 1097 potissimum
1909 1039 2056 1084 con-

0 1106 100 1175 sul,
140 1106 243 1179 qui
272 1107 590 1166 consulem
620 1107 969 1178 declaravit,
1008 1115 1221 1166 auctor
1249 1106 1531 1167 beneficii
1562 1106 1774 1183 populi
1796 1105 2056 1176 Romani

0 1189 399 1261 icsensorque
433 1190 686 1263 periculi
726 1205 868 1249 esse
901 1189 1163 1257 debebit.
1250 1188 1311 1250 4.
1359 1192 1453 1249 Ac
1495 1189 1581 1264 si,
1628 1200 1844 1251 utnon
1873 1191 2054 1250 nullis

0 1288 45 1329 ‚n
76 1267 419 1330 civitatibus
461 1272 591 1331 lieri
634 1273 821 1345 solet,
868 1280 1165 1348 patronus
1206 1272 1348 1333 huic
1378 1288 1604 1334 causae
1635 1271 1881 1350 publice
1909 1289 2054 1333 con·

0 1354 361 1425 stitueretur,
404 1354 455 1415 is
501 1353 883 1429 potissimum
926 1354 1163 1415 su'mmo
1201 1356 1439 1418 honore
1476 1358 1719 1418 adfecto
1763 1356 2057 1417 defensor

0 1438 255 1507 iai-etur,
300 1436 403 1511 qui
432 1438 650 1499 eodem
682 1439 915 1499 honore
946 1438 1258 1514 praeditus
1294 1457 1416 1501 non
1447 1440 1647 1501 minus
1676 1440 1942 1501 adferret
1974 1440 2051 1499 ad

0 1519 309 1579 iicendum
348 1520 723 1583 auctoritatis
767 1540 949 1599 quam
992 1524 1313 1585 facultatis.
1405 1524 1580 1597 Quod
1613 1524 1666 1586 si
1705 1533 1887 1600 portu
1931 1524 2053 1583 sol-

0 1602 267 1664 ventibus
288 1602 350 1677 ii,
388 1605 491 1680 qui
522 1605 641 1665 iam
670 1605 732 1665 in
759 1616 1000 1681 portum
1020 1623 1099 1666 ex
1127 1608 1249 1667 alto
1273 1606 1656 1679 invehuntur,
1693 1605 2053 1682 praecipere

0 1703 220 1750 mmmo
256 1688 457 1747 studio
491 1691 691 1749 solent
715 1699 775 1749 et
795 1696 1223 1763 tempestatum
1255 1689 1550 1749 rationem
1581 1698 1640 1749 et
1673 1690 2053 1764 praedonum

0 1778 43 1830 {t
75 1771 379 1839 locorum,
420 1772 588 1845 quod
616 1780 830 1831 natura
860 1773 1060 1831 adfert
1086 1779 1153 1831 ut
1182 1770 1274 1831 eis
1311 1774 1659 1843 faveamuS,
1690 1769 1796 1845 qui
1833 1771 2052 1829 eadem

0 1853 272 1925 >ericula,
307 1852 530 1928 quibus
562 1869 678 1913 nos
707 1853 1012 1929 perfuncti
1044 1870 1276 1926 sumne,
1307 1852 1741 1928 ingrediantur,
1772 1867 1898 1928 quo
1922 1860 2052 1912 tan-

0 1937 121 1995 iem
153 1952 248 1995 me
278 1935 479 1996 animo
524 1952 666 1996 esse
698 1942 940 2012 oportet
970 1952 1164 2010 prope
1204 1935 1324 1995 iam
1355 1953 1434 1997 ex
1467 1952 1689 2011 magna
1727 1934 2054 1996 iactatimie

0 2035 203 2080 ‚erram
244 2016 550 2080 videntem
590 2018 650 2078 in
692 2019 883 2091 hunc,
936 2018 1033 2079 cui
1076 2020 1255 2080 video
1299 2020 1596 2081 maximas
1639 2018 1728 2081 rei
1770 2018 2052 2096 publicae

0 2108 376 2177 empestates
418 2118 559 2163 esse
602 2103 1001 2163 subeundas?
1058 2102 1190 2177 Qua
1227 2119 1298 2164 re
1341 2102 1394 2163 si
1437 2112 1532 2165 est
1571 2102 1719 2163 boni
1775 2102 2050 2163 consulis

0 2202 103 2246 ion
139 2188 340 2245 solum
372 2186 579 2246 videre
615 2185 764 2261 quid
798 2195 1041 2261 agatur,
1083 2202 1296 2247 verum
1326 2186 1506 2248 etiam
1536 2186 1864 2263 providere
1901 2185 2052 2260 quid

0 2272 242 2329 'uturum
276 2268 383 2342 sit,
440 2271 759 2329 ostendam
796 2270 912 2330 alio
951 2270 1090 2330 loco
1128 2279 1420 2345 quantum
1457 2270 1671 2331 salutis
1707 2268 2048 2330 communis

2 2350 215 2425 ntersit
247 2353 405 2414 duos
434 2355 723 2415 consules
756 2352 819 2412 in
851 2369 917 2413 re
952 2352 1199 2428 publica
1228 2354 1523 2415 Kalendis
1555 2352 1851 2414 Ianuariis
1884 2368 2050 2412 esse.

0 2433 38 2495 i.
88 2434 264 2508 Quod
293 2435 344 2496 si
375 2435 457 2496 ita
486 2444 609 2509 est,
652 2453 777 2497 non
820 2444 941 2496 tam
981 2453 1079 2498 me
1110 2436 1382 2497 officium
1423 2436 1633 2498 debuit
1674 2437 1755 2496 ad
1786 2432 2049 2496 hominis

0 2516 156 2578 imici
179 2520 454 2581 fortunas
482 2536 664 2594 quam
686 2536 789 2579 res
809 2519 1058 2595 publica
1081 2522 1394 2581 consulem
1418 2520 1497 2579 ad
1543 2535 1927 2581 communem
1952 2534 2050 2578 sa·

5 2610 164 2663 utem
193 2603 643 2663 defendendam
674 2618 916 2663 vocare.
972 2604 1073 2662 111.
1116 2604 1268 2663 Nam
1301 2604 1466 2678 quod
1492 2604 1688 2679 legem
1710 2604 1792 2664 de
1821 2601 2051 2663 ambitu

3 2684 103 2754 uli,
135 2694 299 2747 certe
330 2688 412 2747 ita
439 2684 562 2757 tuli,
594 2695 661 2747 ut
690 2702 841 2759 eam,
876 2702 1057 2761 quam
1089 2685 1359 2747 mihimet
1393 2686 1512 2762 ipsi
1540 2685 1660 2746 iam
1690 2684 1925 2761 pridem
1959 2694 2051 2745 tu·

0 2767 149 2827 erim
180 2770 257 2828 de
286 2768 508 2829 civium
542 2768 831 2844 periculis
874 2768 1313 2842 defendendiS,
1359 2784 1484 2829 non
1512 2766 1876 2843 abrogarim.
1948 2768 2050 2829 Et·

0 2849 136 2911 inim
160 2850 214 2911 si
239 2851 615 2926 largitionem
639 2853 858 2913 factam
888 2868 1031 2912 esse
1052 2852 1380 2913 confiterer
1407 2850 1596 2927 idque
1625 2860 1792 2912 recte
1824 2853 2048 2912 factum

0 2950 119 2994 esse
148 2934 573 3007 defenderem,
609 2936 873 2995 facerem
902 2934 1211 3009 improbe,
1246 2932 1426 2995 etiam
1457 2936 1510 2995 si
1541 2934 1700 2996 alius
1730 2935 1926 3009 legem
1957 2946 2048 2995 tu·

0 3016 179 3079 isset=
214 3035 402 3093 quum
430 3035 578 3079 vero
616 3017 763 3077 nihil
788 3016 1181 3077 commissum
1210 3026 1424 3077 contra
1450 3019 1646 3093 legem
1669 3034 1813 3078 esse
1835 3019 2046 3077 defen-

0 3100 134 3171 lam,
174 3100 321 3175 quid
348 3110 446 3162 est
475 3102 643 3177 quod
670 3117 867 3162 meam
900 3101 1323 3161 defensionem
1356 3100 1501 3162 latio
1533 3100 1686 3175 legis
1717 3099 2050 3175 impediat?

0 3183 34 3241 ἱ.
80 3184 271 3259 Negat
298 3201 442 3246 esse
479 3184 756 3245 eiusdem
800 3184 1143 3246 severitatis
1174 3184 1487 3245 Catilinam
1521 3183 1770 3243 exitium
1813 3181 1900 3241 rei
1937 3199 2045 3255 pu·

0 3266 173 3328 ›licae
212 3268 368 3329 intra
398 3267 640 3329 moenia
678 3266 1025 3330 molientem
1054 3265 1261 3329 verbis
1291 3279 1352 3329 et
1381 3282 1579 3341 paene
1609 3264 1864 3342 imperio
1897 3265 2048 3324 urbe

0 3350 294 3424 >xpulisse
322 3358 383 3412 et
411 3343 570 3412 nunc
602 3367 714 3426 pro
739 3352 804 3411 L.
827 3349 1082 3411 Murena
1112 3348 1338 3411 dicere.
1393 3351 1524 3424 Ego
1547 3358 1746 3409 autem
1772 3347 1883 3406 has
1909 3364 2049 3421 par-

0 3448 69 3493 es
111 3432 371 3495 lenitatis
413 3444 473 3495 et
510 3431 999 3506 misericordiae,
1051 3450 1207 3509 quas
1254 3450 1351 3495 me
1385 3441 1601 3491 natura
1642 3429 1784 3505 ipsa
1819 3428 2048 3502 docuit,
