2459 3817
275 136 360 201 86
838 140 993 205 PRO
1035 142 1100 203 P.
1133 142 1401 205 SESTIO
1446 142 1753 206 ORATIO.

441 308 596 371 LIV.
634 308 772 369 115.
814 308 1149 371 Veniamus
1175 311 1256 371 ad
1285 310 1485 372 ludos.
1540 308 1710 371 Facit
1732 308 1907 376 enim,
1938 304 2203 383 iudices,
2231 326 2345 371 ve-

275 399 406 453 ster
434 392 552 453 iste
589 390 648 453 in
689 405 789 453 me
827 393 1169 454 animorum
1210 396 1654 467 oculorumque
1693 392 2037 463 coniectuS,
2086 400 2156 453 ut
2188 392 2347 453 mihi

270 476 390 535 iam
424 474 606 536 licere
627 482 840 549 putem
861 474 1216 538 remissiore
1237 476 1323 537 uti
1348 492 1577 553 genere
1606 475 1867 536 dicendi.
1926 474 2347 537 comitiorum

271 566 336 619 et
367 556 720 617 contionum
745 558 1226 633 significationes
1248 566 1395 621 sunt
1414 556 1743 633 [interdum
1773 573 1975 631 verae,
1999 564 2167 631 sunt]
2205 576 2347 620 non

271 654 602 713 numquam
629 640 875 701 vitiatae
900 650 1087 719 atque
1111 650 1469 719 corruptae:
1503 643 1833 703 theatrales
1856 640 2349 717 gladiatoriique

272 738 612 785 consessus
653 724 940 785 dicuntur
977 724 1224 786 omnino
1281 726 1488 787 solere
1542 725 1792 785 levitate
1843 740 1966 785 non
2018 725 2345 785 nullorum

271 812 512 879 emptos
535 807 792 881 plausus
815 807 1007 869 exiles
1032 815 1094 870 et
1117 824 1297 869 raros
1322 808 1610 869 excitare.
1652 810 1750 869 Ac
1773 812 1975 869 tamen
2008 803 2188 869 facile
2216 816 2341 879 est,

270 904 460 963 quum
484 888 544 951 id
573 890 667 962 fit,
699 906 879 965 quem
912 892 992 949 ad
1013 891 1265 951 modum
1291 899 1351 952 et
1377 906 1415 951 a
1438 891 1660 967 quibus
1690 890 1799 951 fiat
1828 897 1890 950 et
1920 890 2066 965 quid
2090 886 2343 965 integra

269 972 594 1034 multitudo
626 973 810 1033 faciat
835 972 1064 1034 videre.
1143 972 1300 1045 Quid
1335 989 1453 1049 ego
1489 990 1651 1033 nunc
1686 973 1885 1034 dicam
1921 973 2147 1047 quibus
2175 972 2338 1033 viris

270 1064 375 1115 aut
398 1055 498 1116 cui
515 1055 734 1131 generi
767 1056 989 1116 civium
1012 1056 1275 1117 maxime
1302 1058 1663 1131 plaudatur?
1715 1056 2027 1116 Neminem
2052 1062 2335 1117 vestrum

268 1137 438 1199 fallit.
497 1138 588 1199 Sit
623 1139 742 1200 boc
769 1154 923 1199 sane
952 1140 1109 1213 leve,
1143 1141 1313 1214 quod
1342 1156 1467 1201 non
1503 1140 1584 1199 ita
1616 1144 1731 1211 est,
1764 1139 2053 1213 quoniam
2087 1138 2330 1213 optimo

267 1220 492 1295 cuique
521 1220 880 1297 impertitur,
909 1222 1052 1294 sed,
1084 1221 1140 1283 si
1176 1230 1271 1283 est
1300 1224 1455 1295 leve,
1488 1222 1716 1283 homini
1744 1222 1919 1297 gravi
1949 1224 2088 1282 leve
2116 1228 2234 1299 est,
2275 1222 2335 1280 ei

267 1319 449 1374 vero,
491 1306 594 1377 qui
637 1305 870 1381 pendet
898 1304 1085 1364 rebus
1125 1305 1490 1377 levissimis,
1535 1305 1640 1380 qui
1678 1320 1927 1365 rumore
1957 1312 2048 1376 et,
2093 1312 2164 1364 ut
2204 1303 2332 1380 ipsi

265 1386 631 1457 loquuntur,
659 1389 875 1447 favore
895 1387 1114 1460 populi
1141 1394 1385 1447 tenetur
1408 1396 1469 1448 et
1489 1388 1744 1459 ducitur,
1771 1390 2056 1462 plausum
2081 1386 2331 1447 immor-

264 1466 588 1537 talitatem,
629 1466 874 1529 sibilum
914 1476 1174 1529 mortem
1219 1470 1415 1530 videri
1450 1486 1711 1531 necesse
1753 1477 1869 1531 est.
1958 1468 2099 1531 116.
2136 1469 2231 1529 Ex
2264 1478 2333 1529 te

265 1548 475 1625 igitur.
523 1549 784 1623 scaure,
828 1551 1216 1629 potissimum
1249 1568 1515 1629 quaero,
1560 1554 1665 1629 qui
1707 1553 1887 1613 ludos
1927 1551 2329 1631 apparatissi-

268 1649 404 1695 mos
431 1633 1200 1711 magnificentissimosque
1240 1635 1468 1709 fecisti,
1515 1636 1730 1711 ecquis
1768 1634 2026 1697 istorum
2059 1638 2327 1710 popula-

267 1716 424 1777 rium
465 1726 608 1781 tuos
661 1719 846 1781 lud'os
887 1718 1230 1795 aspexerit,
1290 1718 1503 1795 ecquis
1558 1736 1630 1779 se
1676 1718 1920 1780 theatro
1960 1721 2328 1795 populoque

265 1802 544 1865 Romano
575 1802 969 1865 commiserit.
1054 1802 1198 1881 lpse
1236 1802 1337 1863 ille
1378 1801 1640 1863 maxime
1678 1802 1911 1873 ludius,
1954 1818 2079 1861 non
2119 1803 2325 1863 solum

267 1893 610 1961 spectator,
653 1888 770 1947 sed
801 1894 977 1947 actor
1014 1895 1078 1947 et
1107 1901 1432 1963 acroama,
1479 1884 1583 1960 qui
1612 1885 1817 1945 omnia
1845 1884 2081 1945 sororis
2113 1886 2327 1944 embo-

265 1968 348 2029 lia
369 1970 558 2041 novit‚
590 1968 696 2044 qui
715 1968 778 2028 in
805 1977 1048 2031 coetum
1069 1968 1388 2031 mulierum
1413 1984 1527 2043 pro
1551 1968 1807 2042 psaltria
1828 1968 2174 2039 adducitur,
2204 1982 2327 2044 nec

266 2058 408 2111 tuos
455 2054 638 2112 ludos
677 2053 923 2127 aspexit
963 2052 1025 2113 in
1063 2052 1168 2113 illo
1211 2050 1450 2111 ardenti
1490 2050 1797 2112 tribunatu
1834 2066 1951 2111 suo
1998 2064 2115 2109 nec
2152 2048 2325 2111 ullos

265 2133 422 2194 alios
451 2134 570 2195 nisi
605 2148 746 2205 eos,
783 2150 824 2193 a
854 2132 1076 2209 quibus
1109 2134 1212 2195 vix
1242 2132 1423 2193 vivus
1454 2133 1689 2208 effugit.
1774 2131 2005 2207 Semel,
2050 2132 2323 2205 inquam,

265 2231 338 2275 se
364 2216 526 2279 ludis
555 2216 740 2276 homo
771 2216 1092 2293 popularis
1123 2214 1427 2277 commisit
1456 2215 1737 2288 omnino,
1784 2232 1971 2292 quum
1998 2214 2059 2275 in
2088 2218 2322 2291 templo

265 2298 523 2361 Virtutis
565 2300 767 2360 honos
797 2299 1036 2361 habitus
1067 2306 1239 2361 esset
1263 2298 1500 2370 virtuti,
1538 2298 1796 2373 Gaiique
1824 2298 2025 2369 Marii,
2070 2311 2323 2359 conser-

266 2382 502 2443 vatoris
548 2382 730 2443 huius
775 2380 1042 2457 imperii,
1096 2388 1556 2442 monumentum
1600 2379 1889 2460 municipi
1939 2380 2073 2441 eius
2128 2386 2193 2441 et
2234 2380 2321 2441 rei

263 2463 550 2539 publicae
585 2465 897 2525 defensori
925 2465 1140 2525 sedem
1168 2465 1247 2525 ad
1276 2468 1537 2525 salutem
1566 2464 1974 2539 praebuisset.

432 2548 556 2608 LV.
603 2544 744 2607 117.
789 2546 920 2619 Quo
953 2546 1196 2621 quidem
1227 2548 1505 2621 tempore
1535 2545 1683 2621 quid
1706 2548 1975 2624 populus
2002 2546 2322 2609 Romanus

264 2629 494 2691 sentire
527 2646 598 2691 se
620 2630 978 2691 ostenderet
1005 2635 1271 2703 utroque
1300 2628 1361 2688 iu
1382 2644 1611 2703 genere
1634 2631 2010 2690 declaratum
2038 2631 2165 2690 est:
2197 2629 2323 2705 pri·

265 2729 459 2786 mum,
505 2731 692 2788 quum
727 2712 938 2774 audito
973 2719 1228 2774 senatus
1266 2714 1549 2773 consulto
1584 2712 1674 2773 rei
1705 2712 1822 2788 ipsi
1862 2719 2049 2789 atque
2078 2711 2325 2772 absenti

265 2796 507 2857 senatui
536 2800 792 2873 plausus
816 2804 912 2857 est
933 2796 1011 2857 ab
1035 2794 1339 2857 universis
1365 2795 1564 2865 datus,
1591 2795 1830 2867 deinde,
1864 2810 2048 2871 quum
2074 2802 2322 2855 senato-

265 2878 434 2941 ribus
465 2880 720 2955 singulis
743 2886 1091 2957 spectatum
1122 2896 1160 2941 e
1187 2884 1407 2941 senatu
1436 2879 1853 2939 redeuntibus.
1940 2884 2134 2955 Quum
2163 2892 2319 2937 vero

263 2962 431 3037 ipse,
467 2963 571 3037 qui
599 2965 782 3025 ludos
815 2962 1106 3033 faciebat,
1143 2964 1363 3023 consul
1391 2960 1651 3032 adsedit,
1678 2968 1915 3022 stantes
1948 2960 2005 3022 ei
2037 2960 2319 3021 manibus

263 3044 474 3121 passis
503 3046 733 3120 gratias
771 3054 1028 3121 agentes
1071 3054 1133 3107 et
1162 3045 1803 3121 lacrimantesgaudio
1838 3058 2012 3105 suam
2044 3058 2189 3118 erga
2218 3058 2319 3101 me

263 3129 757 3191 benevolentiam
787 3146 862 3189 ac
894 3128 1370 3189 misericordiam
1404 3128 1809 3189 declararunt.
1882 3132 1966 3187 At
2001 3142 2183 3203 quum
2214 3124 2319 3185 ille

264 3212 626 3275 furibundus
654 3210 902 3272 incitata
927 3212 1032 3273 illa
1059 3228 1176 3272 sua
1206 3210 1493 3271 vaecordi
1520 3218 1723 3273 mente
1750 3211 2061 3280 venisset,
2102 3209 2208 3269 vix
2246 3222 2318 3265 se

265 3300 533 3368 populus
569 3296 884 3356 Romanus
925 3294 1144 3365 tenuit,
1191 3292 1294 3353 vix
1334 3292 1613 3354 homines
1652 3294 1857 3353 odium
1900 3306 2079 3355 suum
2110 3304 2147 3349 a
2181 3300 2312 3372 cor-

265 3390 420 3446 pore
461 3380 594 3437 eius
633 3378 870 3453 impuro
902 3382 1088 3451 atque
1117 3376 1367 3435 infando
1408 3384 1849 3449 represserunt.
1939 3374 2152 3431 Voces
2189 3366 2298 3443 qui
