2459 3817
244 63 367 126 162
734 67 811 123 ΙΝ
838 65 899 126 C.
928 63 1256 124 VERREM
1283 61 1450 120 Ac'r.
1478 61 1549 120 11.
1584 59 1727 120 LlB.
1757 60 1832 118 V.

242 211 367 276 nde
403 214 825 290 providerunta
870 226 1201 286 paucorum
1236 208 1548 285 cupiditati
1577 218 1732 281 tum,
1779 224 1967 283 quum
2005 204 2309 268 obsistere

246 313 369 359 non
408 303 717 371 poterant,
767 302 965 353 tamen
1010 293 1296 353 sufficere
1325 291 1529 367 aliquo
1560 293 1744 352 modo
1778 298 2089 367 poterant=
2143 306 2309 350 nunc

243 394 389 440 vero
439 378 559 437 iam
598 377 883 449 adempta
926 382 1021 436 est
1064 391 1186 436 non
1237 375 1420 436 modo
1463 374 1820 447 resistendi,
1873 391 2084 435 verum
2127 373 2307 433 etiam

242 457 676 535 suppeditandi
720 458 994 518 facultas.
1054 458 1268 535 Itaque
1293 473 1397 518 res
1433 475 1578 518 suas
1609 458 1948 533 negligunt=
1995 455 2309 531 pecunias,

242 559 367 618 quo
417 541 662 602 nomine
713 539 1000 600 iudicium
1030 541 1150 602 hoc
1192 542 1565 615 appellatur,
1603 557 1725 600 non
1773 547 2084 614 repetunt,
2128 538 2308 598 relin-

243 632 454 699 quunt.
512 624 647 684 Hoc
684 622 805 683 iam
838 634 1055 684 ornatu
1098 623 1178 682 ad
1206 639 1322 684 vos
1369 623 1741 698 confugiunt.
1805 620 1948 684 128.
2012 620 2308 698 Aspicite,
2345 668 2352 674 .

240 705 527 782 aspicite,
565 705 831 777 iudiceS,
863 708 1212 781 squalorem
1243 707 1587 781 sorde-sque
1618 704 1951 766 sociorum!

406 789 609 849 XLIX.
676 788 961 848 Sthenius
989 787 1087 848 hic
1113 787 1530 849 Thermitanus
1564 804 1700 848 cum
1725 789 1843 849 hoc
1877 788 2097 863 capillo
2125 795 2312 862 atquc

250 879 447 943 veste,
480 873 664 932 domu
696 887 809 931 sua
839 879 965 932 tota
994 871 1292 946 expilata,
1340 871 1706 931 mentionem
1741 879 1980 932 tuorum
2018 871 2309 931 furtorum

242 971 367 1017 non
410 953 583 1014 facit:
630 969 773 1014 sese
813 953 1015 1029 ipsum
1044 955 1156 1013 abs
1198 962 1257 1014 te
1303 954 1552 1028 repetit,
1596 953 1741 1014 nihil
1781 953 2073 1028 amplius=
2119 961 2310 1014 totum

245 1038 405 1100 enim
436 1046 539 1097 tua
573 1033 819 1096 libidine
852 1042 913 1096 ct
947 1037 1179 1097 scelere
1201 1053 1279 1096 ex
1311 1053 1424 1096 sua
1452 1035 1664 1112 patria,
1706 1036 1765 1096 in
1799 1052 1920 1112 qua
1947 1034 2149 1096 multis
2188 1034 2309 1095 vir·

244 1120 472 1184 tutibus
525 1134 598 1180 ac
646 1117 961 1180 beneficiis
1017 1119 1306 1195 princeps
1355 1119 1464 1180 ruit
1487 1165 1502 1193 ,
1562 1117 1879 1180 sustulisti.
1965 1119 2136 1178 Dexo
2190 1116 2311 1191 hic,

248 1219 431 1278 quem
458 1199 711 1272 videtis,
742 1218 866 1263 non
896 1218 1055 1278 quae
1086 1202 1330 1278 publice
1357 1200 1735 1280 Tyndaride,
1766 1218 1888 1262 non
1921 1217 2079 1275 quae
2108 1199 2307 1276 priva-

248 1288 349 1348 tim
380 1285 495 1346 sibi
525 1283 831 1358 eripuisti,
874 1285 987 1345 sed
1014 1285 1258 1346 unicum
1307 1285 1493 1345 miser
1530 1285 1642 1344 abs
1683 1292 1743 1344 tc
1787 1282 1976 1344 filium
2017 1282 2308 1358 optimum

244 1378 429 1444 atque
477 1363 1041 1430 innocentissimum
1096 1367 1344 1441 flagitat.
1411 1369 1544 1428 Non
1597 1385 1675 1428 cx
1727 1366 1930 1428 litibus
1973 1364 2308 1427 aestimatis

248 1452 364 1514 tuis
398 1447 717 1526 pecuniam
752 1449 1015 1524 domum,
1048 1449 1161 1509 sed
1188 1466 1270 1509 ex
1299 1459 1402 1510 tua
1423 1448 1758 1510 calamitate
1783 1449 1970 1510 cineri
1999 1456 2185 1525 atque
2210 1465 2310 1508 os·

249 1535 421 1596 sibus
444 1530 552 1592 filii
574 1530 671 1592 sui
694 1530 988 1592 solacium
1004 1533 1133 1592 vult
1153 1531 1404 1606 aliquod
1424 1540 1756 1608 reportare.
1789 1532 1903 1592 Hic
1917 1541 2037 1592 tam
2061 1531 2308 1607 grandis

251 1626 393 1679 natu
424 1613 725 1676 Eubulida
764 1613 891 1674 hoo
932 1623 1161 1675 tantum
1200 1618 1420 1676 exacta
1463 1623 1661 1677 aetate
1689 1615 1919 1676 laboris
1954 1612 2310 1690 itinerisque

250 1698 554 1774 suscepit,
599 1713 723 1758 non
780 1703 848 1758 ut
890 1695 1120 1772 aliquid
1184 1698 1262 1758 de
1306 1697 1436 1758 suis
1489 1697 1670 1760 bonis
1720 1707 2147 1773 recuperaret,
2198 1697 2306 1757 sed

248 1791 342 1854 ut,
361 1783 583 1856 quibus
614 1781 813 1845 oculis
839 1789 1129 1844 cruentas
1153 1780 1430 1844 cervices
1461 1783 1569 1844 filii
1598 1783 1694 1843 sui
1723 1783 1980 1854 viderat,
2003 1781 2231 1842 iisdem
2256 1789 2312 1839 te

254 1867 719 1928 condemnatum
753 1864 1005 1927 videret.
1068 1863 1207 1926 129.
1276 1865 1340 1925 Si
1387 1881 1494 1940 per
1519 1866 1584 1925 L.
1619 1865 1928 1925 Metellum
1963 1861 2188 1924 licitum
2219 1877 2310 1922 es·

253 1957 365 2022 set,
393 1946 647 2020 iudiceS,
676 1956 900 2007 matres
922 1947 1161 2008 illorum
1184 1947 1545 2010 miserorum
1569 1963 1940 2022 sororesque
1961 1947 2287 2006 veniebant

256 2047 511 2109 quarum
540 2045 678 2101 una,
711 2045 903 2103 quum
926 2046 1042 2104 ego
1074 2031 1156 2089 ad
1183 2030 1522 2092 Heracliam
1553 2037 1738 2091 noctu
1771 2031 2148 2101 accederem,
2182 2044 2311 2088 cum

254 2113 537 2176 omnibus
568 2110 859 2172 matronis
889 2110 1023 2172 eius
1066 2110 1326 2172 civitatis
1369 2121 1430 2174 et
1470 2130 1606 2175 cum
1645 2112 1845 2174 multis
1891 2111 2128 2173 facibus
2173 2109 2311 2170 mihi

144 2249 147 2253 .
255 2197 500 2261 ovaam
527 2192 725 2268 venit,
767 2201 829 2254 et
867 2191 979 2268 ita,
1022 2211 1120 2254 me
1152 2209 1327 2255 suam
1359 2197 1613 2257 salutem
1644 2197 1994 2271 appellanS,
2039 2203 2100 2256 te
2137 2210 2311 2255 suum

254 2281 601 2343 carnificem
631 2273 981 2350 nominanS,
1019 2275 1126 2338 filii
1156 2294 1375 2338 nomen
1410 2277 1775 2354 imploranS,
1817 2277 1962 2338 mihi
2002 2278 2084 2337 ad
2124 2277 2317 2352 pedes

253 2363 477 2424 misera
503 2361 716 2431 iacuit,
750 2358 929 2433 quasi
953 2376 1068 2435 ego
1100 2360 1231 2420 eius
1263 2359 1532 2422 excitare
1573 2362 1649 2422 ab
1691 2361 1903 2421 inseris
1940 2360 2128 2421 filium
2172 2375 2314 2435 pos·

256 2462 405 2507 sem.
467 2442 794 2504 Faciebant
820 2441 939 2503 hoc
956 2440 1115 2502 idem
1141 2442 1398 2504 caeteris
1426 2443 1487 2504 in
1520 2442 1862 2506 civitatibus
1885 2445 2150 2519 grandes
2176 2449 2318 2502 natu

254 2535 479 2589 matres
508 2534 571 2587 et
597 2526 738 2586 item
768 2524 940 2599 parvi
969 2523 1143 2585 liberi
1164 2525 1552 2588 miserorume
1580 2543 1838 2602 quorum
1865 2537 2186 2601 utrumque
2217 2541 2318 2585 ae-

254 2620 350 2672 tas
380 2610 650 2670 laborem
680 2616 741 2668 et
761 2606 1118 2669 industriam
1146 2625 1375 2682 meam,
1403 2610 1585 2671 fidem
1618 2619 1678 2671 et
1705 2609 2183 2671 misericordiam
2213 2624 2320 2669 ve·

256 2703 443 2755 stram
476 2689 845 2767 requirebat.
917 2689 1059 2753 130.
1119 2692 1332 2766 Itaque
1361 2693 1441 2752 ad
1470 2709 1596 2764 me,
1627 2691 1898 2766 iudiceS,
1927 2692 2086 2752 hanc
2117 2690 2321 2767 queri·

254 2775 519 2835 moniam
568 2782 812 2849 praeter
853 2783 1129 2834 caeteras
1176 2774 1383 2836 Sicilia
1425 2774 1664 2837 detulit:
1722 2774 1988 2835 lacrimis
2033 2790 2149 2850 ego
2176 2773 2319 2846 huc,

254 2874 376 2918 non
427 2858 619 2932 gloria
661 2855 947 2918 inductus
987 2857 1258 2918 accessi:
1299 2875 1376 2918 ne
1419 2860 1574 2920 falsa
1608 2857 1946 2932 damnatio,
1981 2873 2058 2919 ne
2087 2872 2322 2930 carcer,

254 2957 332 3001 ne
360 2948 642 3012 catenae,
675 2955 753 3000 ne
781 2941 1066 3012 verbera,
1097 2957 1177 3000 ne
1208 2957 1491 3015 secureS,
1540 2957 1619 3001 ne
1648 2939 1952 3002 cruciatus
1991 2938 2320 3011 sociorum,

254 3041 332 3084 ne
362 3021 611 3097 sanguis
632 3020 1060 3097 innocentium,
1085 3040 1162 3082 ne
1194 3023 1459 3100 denique
1488 3023 1670 3085 etiam
1698 3025 2036 3100 exsanguia
2058 3037 2328 3097 corpora

255 3115 645 3178 mortuorum,
676 3121 756 3165 ne
784 3120 1025 3166 maeror
1052 3115 1368 3180 parentum
1403 3123 1476 3166 ac
1498 3106 1982 3184 propinquorum
2007 3105 2324 3180 magistra-

254 3191 416 3252 tibus
446 3188 672 3250 nostris
708 3189 987 3264 quaestui
1030 3198 1247 3263 posset
1285 3205 1448 3252 esse.
1502 3191 1679 3251 Hunc
1717 3205 1834 3268 ego,
1879 3189 1934 3251 si
1973 3198 2196 3251 metum
2227 3186 2327 3249 Si-

254 3273 432 3334 ciliae
461 3270 853 3334 damnatione
883 3269 1059 3332 istius
1086 3288 1199 3348 per
1224 3281 1492 3334 vestram
1542 3278 1729 3337 fidem
1761 3283 1823 3337 et
1849 3275 2174 3336 veritatem
2215 3271 2327 3333 dc-
