2459 3817
809 138 975 201 CAP.
1008 146 1041 205 7
1057 169 1133 187 -—-
1152 150 1240 203 ιο.
1283 146 1339 208 ς.
1371 148 1439 205 19
1455 176 1535 263 -·
1544 150 1634 207 27.
2127 142 2257 213 265

151 292 222 353 P.
250 288 504 365 Servili,
538 306 683 352 num
710 289 878 351 misit
904 291 1062 352 ullas
1085 292 1324 368 collega
1353 293 1584 354 litteras
1615 293 1694 355 de
1714 292 1820 355 illa
1847 295 2246 357 calamitosis-

156 375 316 436 sima
346 388 558 450 pugna
584 372 941 435 Pharsalia?
1016 391 1161 435 num
1204 383 1264 436 te
1307 376 1386 435 de
1426 375 1876 453 supplicatione
1919 378 2114 440 voluit
2151 396 2246 440 re-

156 460 368 519 ferre?
418 456 705 517 Profecto
731 455 943 519 noluit.
1028 458 1111 518 At
1142 456 1308 519 misit
1341 466 1565 535 postea
1595 460 1674 519 de
1701 462 2122 535 Alexandrea,
2167 464 2246 525 de

154 542 493 602 Pharnace.
578 538 937 601 Pharsaliae
1012 556 1159 601 vero
1196 557 1444 617 pugnae
1471 559 1551 603 ne
1589 542 1958 621 triumphum
1997 545 2245 621 quidem

156 624 301 700 egit.
348 624 476 685 Eos
504 622 667 684 enim
692 622 871 685 cives
893 634 1103 699 pugna
1130 623 1236 685 illa
1257 627 1617 701 sustulerat,
1651 628 1874 703 quibus
1903 640 2027 690 non
2057 630 2248 690 modio

156 706 351 782 vivis,
386 706 502 767 sed
528 705 715 767 etiam
743 706 1078 768 victoribus
1119 706 1452 770 incolumis
1477 717 1540 771 et
1571 708 1805 773 florens
1849 711 2065 773 civitas
2099 722 2244 773 esse

158 798 397 867 posset.
484 788 587 851 24.
634 790 809 865 Quod
839 788 1001 851 idem
1026 790 1364 866 contigerat
1395 790 1822 867 superioribus
1851 794 2026 855 bellis
2057 794 2244 856 civili-

158 875 297 935 bus.
356 874 509 933 Nam
536 873 681 933 mihi
712 872 955 935 consuli
983 873 1354 949 supplicatio
1384 873 1570 936 nullis
1600 875 1788 937 armis
1823 878 2085 952 sumptis
2115 894 2242 941 uon
2305 927 2311 930 .

159 958 243 1017 ob
278 956 533 1017 caedem
558 954 859 1030 hostium,
902 957 1017 1017 sed
1046 957 1127 1017 ob
1156 960 1692 1019 conservationem
1722 958 1949 1021 civium
1983 976 2153 1020 novo
2177 970 2244 1022 et

157 1037 433 1099 inaudito
468 1048 695 1113 genere
737 1040 987 1101 decreta
1028 1050 1141 1101 est.
1230 1040 1423 1115 Quam
1455 1042 1534 1102 ob
1567 1058 1697 1103 rem
1731 1050 1835 1103 aut
1867 1044 2239 1119 supplicatio

164 1126 247 1185 ob
290 1140 394 1184 res
437 1124 716 1199 publicas
763 1125 1173 1199 putatam-ime
1216 1131 1430 1201 gestas
1479 1125 1943 1201 postulantibus
1993 1126 2224 1185 nostris

160 1208 635 1283 imperatoribus
670 1209 917 1282 publice
959 1210 1328 1285 deneganda
1370 1216 1493 1277 est,
1539 1210 1708 1283 quod
1751 1214 1998 1283 praeter
2047 1206 2226 1267 Gabi·

162 1291 329 1351 nium
360 1291 643 1367 -contigit
698 1292 955 1361 nemini,
1008 1300 1117 1353 aut
1169 1292 1624 1367 supplicatione
1673 1291 2067 1351 decernenda
2118 1288 2225 1349 ho·

162 1380 293 1434 stes
335 1390 477 1442 eos,
524 1375 605 1434 de
640 1374 867 1449 quibus
910 1374 1272 1445 decernitis,
1318 1373 1600 1435 iudicetis
1631 1389 1895 1435 necesse
1939 1380 2053 1433 est.
2120 1371 2222 1431 lx.

167 1457 343 1529 Quod
388 1469 537 1532 ergo
580 1456 683 1517 iile
722 1468 821 1533 re,
881 1457 947 1518 td
988 1474 1111 1533 ego
1152 1458 1336 1519 etiam
1380 1458 1607 1528 verbo,
1667 1473 1854 1531 quum
1895 1455 2226 1531 imperato-

163 1556 265 1599 res
320 1556 433 1601 eos
492 1541 772 1616 appello:
834 1542 957 1601 hoc·
1006 1542 1151 1617 ipso
1200 1540 1448 1602 nomine
1504 1548 1566 1601 et
1611 1556 1754 1613 e08,
1811 1538 1917 1616 qui
1957 1538 2077 1598 iam
2119 1538 2224 1601 de·

160 1626 303 1687 victi
330 1636 501 1701 sunt,
536 1633 599 1688 et
626 1643 769 1700 eos,
802 1628 907 1703 qui
936 1634 1296 1703 supersunt,
1329 1626 1542 1686 hostes
1571 1624 1799 1699 iudico,
1829 1639 2018 1699 quum
2047 1621 2230 1685 vieto·

152 1724 259 1771 res
286 1673 533 1785 appell'o
560 1710 985 1807 imperatores
1068 1708 1172 1771 25.
1204 1709 1342 1783 Quo
1365 1709 1550 1767 modo
1575 1707 1736 1767 enim
1759 1705 1966 1782 potius
1978 1706 2238 1767 Pansam

153 1794 505 1869 appellem?
560 1793 678 1863 etsi
711 1794 895 1855 habet
924 1792 1179 1854 honoris
1206 1802 1433 1853 nomen
1465 1788 1848 1865 amptissimi.
1937 1789 2070 1863 Quo
2104 1788 2238 1848 Hir-

153 1878 355 1947 tium?
436 1876 549 1937 Est
574 1875 675 1937 ille
712 1876 959 1951 quidem
988 1878 1240 1949 consul,
1283 1876 1398 1935 sed
1419 1875 1672 1935 alterum
1701 1889 1922 1933 nomen
1954 1868 2238 1934 beneficii

155 1969 254 2021 est
288 1958 500 2037 populi
530 1959 823 2035 Romani,
865 1962 1119 2021 alterum
1158 1958 1400 2019 virtutis
1443 1965 1630 2033 atque
1659 1955 1974 2017 victoriae.
2033 1954 2191 2029 Quid
2210 1961 2240 2011 ι

157 2044 513 2114 Caesarem,
554 2044 808 2105 deorum
836 2042 1139 2104 beneflcio
1166 2044 1260 2103 rei
1289 2042 1574 2139 publicae
1602 2047 2023 2116 procreatum,
2065 2036 2237 2097 dubi·

156 2135 361 2187 temne
385 2127 698 2201 appellare
722 2126 1194 2201 imperatorem?
1245 2125 1350 2201 qui
1377 2126 1608 2203 primus
1632 2123 1882 2185 Antonii
1914 2122 2238 2182 immanem

156 2218 220 2269 et
245 2210 489 2270 foedam
514 2209 932 2271 crudelitatem
958 2222 1083 2271 non
1104 2212 1306 2271 solum
1327 2226 1366 2269 a
1389 2206 1614 2283 iugulis
1641 2206 1890 2279 nostriS,
1923 2206 2036 2265 sed
2059 2202 2238 2265 etiam

156 2308 197 2352 a
230 2290 516 2355 membris
546 2300 609 2353 et
645 2290 990 2354 visceribus
1030 2294 1264 2353 avertit.
1349 2291 1545 2353 Unius
1587 2299 1790 2354 autem
1827 2289 1948 2351 diei
1991 2297 2140 2365 quot
2179 2294 2241 2347 et

158 2382 425 2451 quantae
449 2375 737 2451 virtutes,
771 2375 835 2436 di
863 2373 1264 2450 immortales,
1297 2377 1570 2437 fuerunt!
1633 2375 1736 2438 26.
1758 2372 2055 2449 Princeps
2079 2371 2239 2433 enim

156 2458 431 2522 omnium
456 2457 657 2519 Pansa
704 2458 919 2535 proelii
969 2457 1236 2520 faciendi
1293 2467 1354 2521 et
1391 2476 1531 2520 eum
1559 2457 1832 2520 Antonio
1864 2453 2240 2531 confligendi

157 2542 303 2603 fuitz
334 2540 557 2617 dignus
579 2542 911 2617 imperator
938 2541 1183 2619 legione
1193 2542 1432 2618 Martia,
1456 2541 1644 2619 digna
1663 2540 1825 2617 legio
1850 2541 2240 2615 imperatore.

156 2623 347 2685 Cuius
382 2623 437 2684 si
470 2625 831 2687 acerrimum
864 2624 1153 2701 impetum
1186 2624 1475 2687 cohibere
1502 2626 1702 2687 Pansa
1743 2623 2079 2699 potuisset,
2113 2634 2238 2681 uno

154 2708 400 2785 proelio
432 2712 711 2770 confecta
738 2725 839 2769 res
870 2717 1057 2770 esset.
1148 2709 1274 2769 Sed
1319 2726 1502 2784 quum
1534 2704 1828 2768 libertatis
1860 2704 2042 2765 avida
2075 2702 2236 2777 legio

154 2788 519 2851 effrenatius
568 2794 628 2851 in
679 2790 873 2853 aciem
916 2792 1185 2855 hostium
1237 2790 1564 2867 irrupisset
1608 2790 1874 2864 ipseque
1921 2786 1982 2846 in
2027 2785 2238 2861 primis

154 2876 363 2934 Pansa
394 2884 717 2950 pugnaret,
750 2876 994 2937 duobus
1026 2874 1393 2951 periculosis
1411 2872 1764 2933 vulneribus
1795 2870 2068 2945 acceptis
2099 2869 2238 2929 sub-

155 2960 332 3017 latus·
354 2973 391 3017 e
418 2957 653 3033 proelio
682 2958 775 3019 rei
804 2957 1089 3034 publicae
1118 2956 1304 3019 vitam·
1330 2957 1689 3019 reservavit.
1751 2956 1882 3030 Ego
1906 2968 2055 3015 vero
2078 2952 2239 3012 hunc

156 3052 287 3100 non
310 3041 511 3103 solum
538 3041 969 3117 imperatorem
985 3088 1001 3117 ,
1036 3037 1150 3103 sed
1174 3041 1354 3103 etiam
1380 3037 1784 3102 clarissimum
1811 3038 2237 3113 imperatorem

158 3122 389 3201 iudico,
413 3124 520 3201 qui
550 3136 737 3200 quum
766 3134 873 3186 aut
900 3132 1095 3189 morte
1122 3132 1227 3187 aut
1251 3122 1508 3185 victoria
1539 3139 1610 3184 se
1639 3122 1790 3185 satis
1825 3124 2124 3183 tincturum
2149 3118 2239 3177 rei

160 3205 449 3283 publicae
478 3207 957 3283 spopondisset,
987 3210 1244 3269 alterum
1276 3206 1452 3282 fecit,
1497 3205 1748 3268 alterius
1778 3204 1839 3266 di
1867 3203 2238 3264 immortales

161 3304 345 3351 omen
375 3298 679 3353 avertant!
765 3292 839 3353 X.
870 3288 971 3353 27.
1004 3289 1163 3366 Quid
1184 3290 1382 3351 dicam
1414 3292 1494 3351 de
1520 3290 1760 3351 Hirtio?
1805 3285 1908 3364 qui
1937 3298 2006 3347 re
2035 3283 2239 3346 audita

120 3432 138 3450 x
166 3387 202 3431 e
234 3373 455 3435 castris
479 3375 635 3435 duas
658 3375 934 3451 legiones
958 3374 1170 3437 eduxit
1194 3372 1535 3437 incredibili
1563 3371 1767 3435 studio
1794 3380 1980 3448 atque
2003 3367 2265 3437 virtute·
