2459 3817
815 191 978 253 CAP.
1011 198 1270 254 15—17.
1313 195 1364 257 s.
1393 198 1658 253 44—51.
2069 241 2075 247 .
2148 185 2269 255 199

211 347 292 406 de
324 361 446 420 quo
477 358 636 404 nune
666 340 932 418 agimus,
972 341 1088 400 hac
1119 349 1255 401 utar
1282 339 1699 402 moderatione
1728 337 2001 413 dicendi,
2044 355 2167 400 non
2200 348 2267 400 ut

209 427 273 489 in
303 427 464 488 iliius
494 433 796 502 potestate
825 425 1124 486 fortunam
1151 422 1413 499 positam
1434 436 1579 484 esse
1604 423 1822 496 dicam,
1855 422 1970 483 sed
1996 430 2064 482 ut
2090 435 2265 496 prae·

213 509 386 572 terite
425 507 805 582 meminisse,
846 506 1082 582 reliqua
1126 521 1377 584 sperare
1410 505 1757 580 videamur,
1804 519 1885 565 ne
1920 512 2026 566 aut
2066 503 2265 564 invisa

213 592 310 654 dis
359 584 794 652 immortalibus
842 589 1035 650 oratio
1085 597 1298 650 nostra
1350 597 1454 650 aut
1498 589 1729 663 ingrata
1774 602 1921 649 esse
1964 585 2263 647 videatur.

209 675 313 736 48.
356 677 568 750 Itaque
596 685 718 734 non
748 685 883 734 sum
916 671 1375 748 praedicaturus
1406 679 1667 748 quantas
1692 669 1795 731 ille
1822 685 1891 730 re
1918 667 2087 731 domi
2115 669 2266 729 mili-

211 757 360 832 tiae,
417 766 574 817 terra
613 755 919 832 marique,
971 762 1321 831 quantaque
1356 751 1641 814 felicitate
1680 751 1973 828 gesserit,
2020 760 2091 813 ut
2130 749 2264 814 eius

213 854 458 916 semper
483 838 898 900 voluntatibus
927 853 1050 898 non
1081 838 1265 898 modo
1312 838 1479 896 cives
1513 835 1928 909 adsensefint,
1968 833 2123 895 socii
2158 836 2265 895 ob-

211 921 620 1000 temperarint,
637 922 852 983 hostes
876 919 1273 992 oboedierint,
1298 919 1411 979 sed
1440 920 1620 979 etiam
1650 917 1817 978 venti
1844 924 2265 992 tempestates·

215 1021 336 1081 que
360 1002 860 1066 obsecundarintz
889 1003 1010 1064 hec
1031 1001 1395 1063 brevissime
1416 1000 1633 1073 dican,
1658 999 1961 1060 neminem
1971 1012 2267 1081 umquam

209 1096 333 1149 tam
361 1087 775 1162 impudentem
801 1081 1015 1157 fuisse,
1051 1083 1156 1160 qui
1182 1084 1259 1143 ab
1280 1085 1375 1144 dis
1396 1083 1835 1144 immortalibus
1856 1089 1947 1143 tot
1976 1088 2040 1142 et
2067 1089 2265 1142 tantas

207 1187 315 1230 res
343 1169 562 1229 tacitus
591 1169 844 1228 auderet
873 1175 1106 1241 optare,
1138 1174 1290 1240 quot
1318 1174 1379 1226 et
1408 1172 1667 1240 quantas
1696 1163 1758 1225 di
1785 1163 2155 1227 immortales
2186 1163 2268 1223 ad

213 1253 322 1312 Cn.
352 1249 704 1326 Pompeium
735 1249 1092 1309 detulerunt.
1167 1248 1344 1320 Quod
1382 1255 1451 1308 ut
1486 1244 1571 1306 illi
1603 1246 1917 1323 proprium
1946 1261 2019 1306 ae
2047 1261 2265 1321 perpe-

209 1341 382 1394 tuum
406 1332 502 1406 sit,
537 1331 816 1406 Quirites,
854 1347 1041 1406 quum
1064 1327 1403 1396 communis
1434 1329 1647 1390 salutis
1668 1338 1853 1405 atque
1874 1327 2115 1405 imperii
2142 1337 2263 1388 tum

211 1417 413 1492 ipsius
440 1413 704 1475 hominis
735 1429 940 1486 eausa,
977 1412 1156 1474 sicuti
1186 1411 1401 1485 iacitiS,
1436 1413 1597 1473 velie
1624 1421 1685 1473 et
1720 1420 1935 1488 optare
1968 1410 2227 1472 debetis.

377 1495 482 1558 49.
525 1497 728 1571 Quare
765 1511 954 1572 quum
996 1505 1056 1557 et
1084 1493 1311 1556 beilum
1346 1494 1429 1555 ita
1462 1497 1545 1557 sit
1568 1497 2015 1572 necessarium,
2054 1501 2123 1554 ut
2160 1508 2265 1552 ne-

213 1579 356 1658 gllgi
396 1597 519 1640 non
565 1579 793 1655 possit,
845 1579 928 1640 ita
965 1592 1278 1654 magnum,
1330 1587 1400 1639 ut
1444 1577 1903 1639 accuratissime
1950 1577 2031 1637 sit
2078 1577 2267 1635 admi

174 1669 180 1674 “
212 1663 618 1738 nistrandum,
661 1671 726 1722 et
755 1677 940 1738 quum
969 1661 1030 1723 ei
1057 1661 1484 1737 imperatorem
1505 1661 1847 1736 praeficere
1876 1657 2161 1734 possitis,
2204 1656 2263 1716 in

215 1761 338 1822 quo
370 1745 448 1806 sit
475 1743 696 1812 eximia
721 1745 864 1805 belli
891 1743 1162 1816 seientia,
1195 1742 1523 1830 singularis
1552 1743 1761 1815 virtue,
1792 1741 2131 1802 clarissima
2158 1757 2259 1800 au-

213 1827 480 1902 ctoritas,
523 1827 768 1904 egregia
785 1829 1056 1899 fortuna,
1113 1824 1425 1886 dubitatis
1421 1871 1437 1899 ,
1488 1824 1747 1899 Quirites
1762 1871 1779 1899 ,
1809 1822 1957 1898 quin
1988 1823 2108 1883 hoc
2136 1831 2263 1884 tan-

215 1919 338 1972 tum
364 1909 532 1985 boni,
566 1911 735 1986 quod
763 1909 941 1970 vobis
972 1910 1050 1969 ab
1079 1909 1174 1969 dis
1210 1908 1645 1970 immortalibus
1672 1906 1940 1968 obiatum
1970 1912 2033 1966 et
2062 1905 2265 1966 datum

214 2002 324 2068 est,
345 1992 408 2052 in
429 2010 558 2053 rem
583 1991 886 2068 publicam
909 1992 1393 2053 conservandam
1415 1998 1599 2064 atque
1620 1988 2106 2064 amplificandam
2122 2003 2266 2048 eon-

211 2075 466 2136 feratis?
544 2072 874 2138 xv11.50.
921 2075 1095 2148 Quod
1129 2073 1182 2134 si
1214 2074 1447 2135 Romae
1482 2073 1586 2132 Gn
1622 2071 1951 2147 Pompeius
1992 2073 2265 2146 privatus

213 2165 382 2219 esset
407 2158 530 2219 hoc
554 2165 858 2232 tempore,
892 2165 1099 2218 tamen
1131 2157 1212 2220 ad
1247 2164 1474 2218 tantum
1500 2156 1727 2216 beilum
1754 2157 1811 2215 is
1840 2162 1971 2216 erat
1999 2153 2265 2228 deligen-

211 2242 331 2302 dus
373 2247 559 2317 atque
597 2241 956 2302 auttendum
1002 2252 1166 2300 nune
1209 2255 1397 2314 quum
1435 2238 1514 2298 ad
1585 2246 1825 2300 ceteras
1854 2251 2125 2298 summas
2150 2234 2265 2295 uti-

210 2325 410 2384 litates
437 2323 592 2384 haee
621 2339 868 2400 quoque
895 2321 1319 2398 opportunitas
1360 2319 1751 2397 adiungatur,
1788 2328 1857 2381 ut
1892 2318 1955 2379 in
1996 2316 2072 2377 iis
2110 2315 2263 2392 ipsis

211 2407 368 2466 locis
398 2406 586 2482 adsit,
625 2415 692 2468 ιιι
717 2406 938 2467 habeat
963 2403 1325 2478 exercitum,
1371 2411 1439 2464 ut
1467 2404 1592 2464 ab
1576 2403 1684 2478 iis,
1726 2402 1831 2478 qui
1874 2401 2128 2474 habent,
2164 2415 2267 2460 ac-

209 2488 420 2564 cipere
439 2453 640 2552 stati'm
669 2487 886 2564 possit,
915 2487 1066 2564 quid
1085 2495 1561 2562 exspectamus?
1596 2495 1831 2548 auteur
1853 2501 1977 2545 non
2006 2482 2263 2545 ducibus

209 2572 308 2632 dis
335 2568 772 2634 immortalibus
807 2571 1031 2644 eidem,
1075 2569 1174 2632 eui
1252 2579 1456 2632 cetera
1498 2583 1731 2630 summa
1771 2583 1911 2629 oum
1939 2568 2136 2628 salute
2174 2564 2266 2628 rei

207 2653 495 2730 publicae
534 2654 860 2716 commissa
903 2660 1070 2727 sunt,
1115 2653 1237 2714 hoc
1278 2667 1527 2729 quoque
1566 2654 1791 2714 bellum
1822 2650 2059 2727 regium
2100 2665 2264 2712 cem·

201 2737 559 2799 mittamus?

377 2819 477 2881 51.
521 2823 605 2882 At
631 2821 790 2881 enim
813 2818 912 2880 vir
940 2817 1333 2891 clarissimae,
1364 2816 1815 2880 amantissimus
1844 2817 1935 2878 rei
1962 2815 2261 2894 publicae,

202 2902 434 2964 vestris
459 2902 778 2964 beneficiis
805 2900 1198 2978 amplissimis
1229 2901 1536 2978 adfectae,
1580 2901 1647 2976 Q.
1684 2901 1960 2976 CatuiuS,
2000 2901 2264 2976 itemque

205 2985 462 3048 summis
491 2985 858 3048 ornamentis
885 2985 1166 3061 honoriS,
1195 2987 1505 3059 fortunae,
1535 2983 1801 3059 virtutiS,
1831 2983 2061 3062 ingenii
2088 2997 2263 3058 prae-

203 3068 392 3144 ditus,
425 3069 494 3144 Ω.
513 3069 896 3143 Hortensius,
928 3069 1006 3130 ab
1027 3069 1142 3130 hac
1161 3067 1399 3130 ratione
1422 3065 1838 3130 dissentiuntz-
1828 3081 2117 3143 quorum
2147 3079 2262 3138 ego

202 3153 622 3214 auctoritatem
655 3153 822 3228 apud
851 3168 965 3215 vos
993 3149 1194 3213 multis
1223 3150 1379 3213 iocis
1406 3151 1729 3228 plurimum
1770 3150 2043 3212 valuisse
2062 3155 2134 3207 et
2160 3162 2263 3206 va-

201 3235 335 3294 lere
365 3229 652 3310 oportere
679 3232 991 3311 confiteor,
1025 3234 1177 3298 sed
1159 3250 1222 3296 ιιι
1244 3235 1361 3296 hac
1385 3251 1589 3309 eausa,
1660 3232 1906 3296 tametsi
1948 3227 2264 3303 cognostis

200 3315 596 3378 auctoritates
625 3317 964 3379 contrarias
991 3317 1263 3382 virorum
1296 3319 1764 3381 fortissimorum
1795 3325 1857 3376 et
1896 3310 2263 3374 clarissimo-

197 3413 368 3473 rum,
410 3407 610 3460 tamen
644 3399 892 3462 omissis
923 3400 1428 3462 auctoritatibus
1410 3417 1549 3476 ipsa
1575 3415 1643 3459 re
1672 3415 1745 3458 ac
1785 3397 2019 3458 ratione
2046 3390 2262 3470 exqui-
