<?xml version="1.0" encoding="UTF-8"?>
<!DOCTYPE html PUBLIC "-//W3C//DTD XHTML 1.0 Transitional//EN"
    "http://www.w3.org/TR/xhtml1/DTD/xhtml1-transitional.dtd">
<html xmlns="http://www.w3.org/1999/xhtml" xml:lang="en" lang="en">
 <head>
  <title>
</title>
<meta http-equiv="Content-Type" content="text/html;charset=utf-8" />
  <meta name='ocr-system' content='tesseract 3.04.00' />
  <meta name='ocr-capabilities' content='ocr_page ocr_carea ocr_par ocr_line ocrx_word'/>
</head>
<body>
  <div class='ocr_page' id='page_1' title='image "./mtulliiciceroni00klotgoog_0525.png"; bbox 0 0 2459 3817; ppageno 0'>
   <div class='ocr_carea' id='block_1_1' title="bbox 276 156 2104 233">
    <p class='ocr_par' dir='ltr' id='par_1_1' title="bbox 276 156 2104 233">
     <span class='ocr_line' id='line_1_1' title="bbox 276 156 2104 233; baseline -0.003 -11"><span class='ocrx_word' id='word_1_1' title='bbox 276 166 403 233; x_wconf 82' lang='lat'><strong>230</strong></span> <span class='ocrx_word' id='word_1_2' title='bbox 586 163 665 221; x_wconf 89' lang='lat' dir='ltr'><strong>IN</strong></span> <span class='ocrx_word' id='word_1_3' title='bbox 698 161 776 223; x_wconf 90' lang='grc' dir='ltr'><strong>Μ.</strong></span> <span class='ocrx_word' id='word_1_4' title='bbox 807 156 1209 222; x_wconf 75' lang='grc' dir='ltr'><strong>ΑΝΤΟΝΙῸΜ</strong></span> <span class='ocrx_word' id='word_1_5' title='bbox 1267 157 1549 220; x_wconf 80' lang='lat' dir='ltr'><strong>ORATIO</strong></span> <span class='ocrx_word' id='word_1_6' title='bbox 1581 156 2002 219; x_wconf 74' lang='lat' dir='ltr'>PHILIPPICA</span> <span class='ocrx_word' id='word_1_7' title='bbox 2029 158 2104 217; x_wconf 88' lang='lat'><strong>11.</strong></span> 
     </span>
    </p>
   </div>
   <div class='ocr_carea' id='block_1_2' title="bbox 236 306 2433 2953">
    <p class='ocr_par' dir='ltr' id='par_1_2' title="bbox 236 306 2433 2953">
     <span class='ocr_line' id='line_1_2' title="bbox 278 306 2433 386; baseline -0.003 -11"><span class='ocrx_word' id='word_1_8' title='bbox 278 312 535 375; x_wconf 82' lang='lat' dir='ltr'><strong>consilio</strong></span> <span class='ocrx_word' id='word_1_9' title='bbox 565 313 961 374; x_wconf 77' lang='lat' dir='ltr'><strong>interfectum.</strong></span> <span class='ocrx_word' id='word_1_10' title='bbox 1004 310 1129 369; x_wconf 87' lang='lat' dir='ltr'><strong>Iam</strong></span> <span class='ocrx_word' id='word_1_11' title='bbox 1158 325 1398 383; x_wconf 88' lang='lat' dir='ltr'><strong>vereor,</strong></span> <span class='ocrx_word' id='word_1_12' title='bbox 1427 317 1635 384; x_wconf 85' lang='lat' dir='ltr'><strong>patres</strong></span> <span class='ocrx_word' id='word_1_13' title='bbox 1667 306 2016 383; x_wconf 77' lang='lat' dir='ltr'><strong>conscripti,</strong></span> <span class='ocrx_word' id='word_1_14' title='bbox 2051 326 2154 381; x_wconf 88' lang='lat' dir='ltr'><strong>ue,</strong></span> <span class='ocrx_word' id='word_1_15' title='bbox 2181 313 2358 386; x_wconf 87' lang='lat' dir='ltr'><strong>quod</strong></span> <span class='ocrx_word' id='word_1_16' title='bbox 2432 320 2433 369; x_wconf 43' lang='grc' dir='ltr'>ἒ</span> 
     </span>
     <span class='ocr_line' id='line_1_3' title="bbox 275 388 2358 472; baseline -0.002 -13"><span class='ocrx_word' id='word_1_17' title='bbox 275 395 698 472; x_wconf 83' lang='lat' dir='ltr'><strong>turpissimum</strong></span> <span class='ocrx_word' id='word_1_18' title='bbox 740 402 864 466; x_wconf 90' lang='lat' dir='ltr'><strong>est,</strong></span> <span class='ocrx_word' id='word_1_19' title='bbox 908 393 1462 467; x_wconf 81' lang='lat' dir='ltr'>praevaricatorem</span> <span class='ocrx_word' id='word_1_20' title='bbox 1503 388 1650 451; x_wconf 88' lang='lat' dir='ltr'><strong>mihi</strong></span> <span class='ocrx_word' id='word_1_21' title='bbox 1691 390 2068 466; x_wconf 86' lang='lat' dir='ltr'><strong>apposuisse</strong></span> <span class='ocrx_word' id='word_1_22' title='bbox 2113 393 2358 468; x_wconf 85' lang='lat' dir='ltr'><strong>videar,</strong></span> 
     </span>
     <span class='ocr_line' id='line_1_4' title="bbox 280 472 2360 555; baseline -0.001 -15"><span class='ocrx_word' id='word_1_23' title='bbox 280 480 385 555; x_wconf 88' lang='lat' dir='ltr'><strong>qui</strong></span> <span class='ocrx_word' id='word_1_24' title='bbox 414 495 512 539; x_wconf 86' lang='lat' dir='ltr'><strong>me</strong></span> <span class='ocrx_word' id='word_1_25' title='bbox 542 495 664 538; x_wconf 91' lang='lat' dir='ltr'><strong>non</strong></span> <span class='ocrx_word' id='word_1_26' title='bbox 696 478 892 538; x_wconf 90' lang='lat' dir='ltr'><strong>solum</strong></span> <span class='ocrx_word' id='word_1_27' title='bbox 922 473 1074 534; x_wconf 89' lang='lat' dir='ltr'><strong>meis</strong></span> <span class='ocrx_word' id='word_1_28' title='bbox 1103 475 1388 535; x_wconf 84' lang='lat' dir='ltr'><strong>laudibus</strong></span> <span class='ocrx_word' id='word_1_29' title='bbox 1419 482 1682 549; x_wconf 90' lang='lat' dir='ltr'><strong>ornaret,</strong></span> <span class='ocrx_word' id='word_1_30' title='bbox 1715 474 1829 534; x_wconf 90' lang='lat' dir='ltr'><strong>sed</strong></span> <span class='ocrx_word' id='word_1_31' title='bbox 1849 472 2030 535; x_wconf 87' lang='lat' dir='ltr'><strong>etiam</strong></span> <span class='ocrx_word' id='word_1_32' title='bbox 2057 487 2360 537; x_wconf 77' lang='lat' dir='ltr'>oneraret</span> 
     </span>
     <span class='ocr_line' id='line_1_5' title="bbox 277 555 2358 633; baseline -0 -11"><span class='ocrx_word' id='word_1_33' title='bbox 277 561 512 622; x_wconf 88' lang='lat' dir='ltr'><strong>alienis.</strong></span> <span class='ocrx_word' id='word_1_34' title='bbox 574 560 717 633; x_wconf 79' lang='lat' dir='ltr'><strong>Quis</strong></span> <span class='ocrx_word' id='word_1_35' title='bbox 750 558 910 617; x_wconf 89' lang='lat' dir='ltr'><strong>enim</strong></span> <span class='ocrx_word' id='word_1_36' title='bbox 938 573 1137 619; x_wconf 88' lang='lat' dir='ltr'><strong>meum</strong></span> <span class='ocrx_word' id='word_1_37' title='bbox 1166 559 1229 617; x_wconf 87' lang='lat' dir='ltr'><strong>in</strong></span> <span class='ocrx_word' id='word_1_38' title='bbox 1271 556 1388 617; x_wconf 87' lang='lat' dir='ltr'><strong>ista</strong></span> <span class='ocrx_word' id='word_1_39' title='bbox 1417 557 1711 619; x_wconf 83' lang='lat' dir='ltr'><strong>societate</strong></span> <span class='ocrx_word' id='word_1_40' title='bbox 1739 555 2176 631; x_wconf 81' lang='lat' dir='ltr'><strong>gloriosissimi</strong></span> <span class='ocrx_word' id='word_1_41' title='bbox 2207 560 2358 621; x_wconf 84' lang='lat' dir='ltr'><strong>facti</strong></span> 
     </span>
     <span class='ocr_line' id='line_1_6' title="bbox 274 639 2354 715; baseline -0.001 -10"><span class='ocrx_word' id='word_1_42' title='bbox 274 660 495 705; x_wconf 88' lang='lat' dir='ltr'><strong>nomen</strong></span> <span class='ocrx_word' id='word_1_43' title='bbox 532 642 802 701; x_wconf 70' lang='lat' dir='ltr'><strong>audivit?</strong></span> <span class='ocrx_word' id='word_1_44' title='bbox 860 640 1045 701; x_wconf 86' lang='lat' dir='ltr'><strong>Cuius</strong></span> <span class='ocrx_word' id='word_1_45' title='bbox 1073 649 1302 712; x_wconf 79' lang='lat' dir='ltr'><strong>autem,</strong></span> <span class='ocrx_word' id='word_1_46' title='bbox 1335 640 1440 714; x_wconf 86' lang='lat' dir='ltr'><strong>qui</strong></span> <span class='ocrx_word' id='word_1_47' title='bbox 1469 639 1528 700; x_wconf 89' lang='lat' dir='ltr'><strong>in</strong></span> <span class='ocrx_word' id='word_1_48' title='bbox 1559 656 1636 699; x_wconf 91' lang='lat' dir='ltr'><strong>eo</strong></span> <span class='ocrx_word' id='word_1_49' title='bbox 1667 655 1921 701; x_wconf 88' lang='lat' dir='ltr'><strong>numero</strong></span> <span class='ocrx_word' id='word_1_50' title='bbox 1954 640 2210 715; x_wconf 71' lang='lat' dir='ltr'><strong>fuisset,</strong></span> <span class='ocrx_word' id='word_1_51' title='bbox 2243 660 2354 703; x_wconf 58' lang='lat' dir='ltr'><strong>noo</strong></span> 
     </span>
     <span class='ocr_line' id='line_1_7' title="bbox 274 722 2354 787; baseline -0.001 0"><span class='ocrx_word' id='word_1_52' title='bbox 274 742 414 787; x_wconf 89' lang='lat' dir='ltr'><strong>men</strong></span> <span class='ocrx_word' id='word_1_53' title='bbox 457 734 555 785; x_wconf 90' lang='lat' dir='ltr'><strong>est</strong></span> <span class='ocrx_word' id='word_1_54' title='bbox 596 726 1006 785; x_wconf 77' lang='lat' dir='ltr'><strong>occultatqu</strong></span> <span class='ocrx_word' id='word_1_55' title='bbox 1082 722 1460 783; x_wconf 84' lang='lat' dir='ltr'><strong>occultatum</strong></span> <span class='ocrx_word' id='word_1_56' title='bbox 1501 722 1683 782; x_wconf 70' lang='lat' dir='ltr'><strong>dico?</strong></span> <span class='ocrx_word' id='word_1_57' title='bbox 1735 722 1914 785; x_wconf 86' lang='lat' dir='ltr'><strong>cuius</strong></span> <span class='ocrx_word' id='word_1_58' title='bbox 1969 740 2096 785; x_wconf 89' lang='lat' dir='ltr'><strong>non</strong></span> <span class='ocrx_word' id='word_1_59' title='bbox 2146 726 2354 787; x_wconf 88' lang='lat' dir='ltr'><strong>statim</strong></span> 
     </span>
     <span class='ocr_line' id='line_1_8' title="bbox 272 804 2350 883; baseline -0.001 -14"><span class='ocrx_word' id='word_1_60' title='bbox 272 808 691 883; x_wconf 71' lang='lat' dir='ltr'><strong>divulgatum?</strong></span> <span class='ocrx_word' id='word_1_61' title='bbox 750 808 935 867; x_wconf 89' lang='lat' dir='ltr'><strong>Citius</strong></span> <span class='ocrx_word' id='word_1_62' title='bbox 978 807 1233 868; x_wconf 82' lang='lat' dir='ltr'><strong>dixerim</strong></span> <span class='ocrx_word' id='word_1_63' title='bbox 1261 805 1528 866; x_wconf 86' lang='lat' dir='ltr'><strong>iactasse</strong></span> <span class='ocrx_word' id='word_1_64' title='bbox 1559 822 1630 865; x_wconf 90' lang='lat' dir='ltr'><strong>se</strong></span> <span class='ocrx_word' id='word_1_65' title='bbox 1659 804 1934 881; x_wconf 83' lang='lat' dir='ltr'><strong>aliquos,</strong></span> <span class='ocrx_word' id='word_1_66' title='bbox 1963 814 2030 867; x_wconf 90' lang='lat' dir='ltr'><strong>ut</strong></span> <span class='ocrx_word' id='word_1_67' title='bbox 2055 806 2264 869; x_wconf 80' lang='lat' dir='ltr'><strong>fuisse</strong></span> <span class='ocrx_word' id='word_1_68' title='bbox 2291 809 2350 868; x_wconf 87' lang='lat' dir='ltr'><strong>in</strong></span> 
     </span>
     <span class='ocr_line' id='line_1_9' title="bbox 274 888 2348 965; baseline -0.001 -12"><span class='ocrx_word' id='word_1_69' title='bbox 274 908 351 953; x_wconf 90' lang='lat' dir='ltr'><strong>ea</strong></span> <span class='ocrx_word' id='word_1_70' title='bbox 384 891 677 953; x_wconf 86' lang='lat' dir='ltr'><strong>societate</strong></span> <span class='ocrx_word' id='word_1_71' title='bbox 709 891 1087 961; x_wconf 87' lang='lat' dir='ltr'><strong>viderentur,</strong></span> <span class='ocrx_word' id='word_1_72' title='bbox 1132 906 1318 965; x_wconf 89' lang='lat' dir='ltr'><strong>quum</strong></span> <span class='ocrx_word' id='word_1_73' title='bbox 1369 888 1603 949; x_wconf 88' lang='lat' dir='ltr'><strong>conscii</strong></span> <span class='ocrx_word' id='word_1_74' title='bbox 1649 905 1772 949; x_wconf 89' lang='lat' dir='ltr'><strong>non</strong></span> <span class='ocrx_word' id='word_1_75' title='bbox 1819 888 2114 963; x_wconf 82' lang='lat' dir='ltr'><strong>fuissent,</strong></span> <span class='ocrx_word' id='word_1_76' title='bbox 2159 908 2348 965; x_wconf 90' lang='lat' dir='ltr'><strong>quam</strong></span> 
     </span>
     <span class='ocr_line' id='line_1_10' title="bbox 272 971 2349 1051; baseline -0.002 -14"><span class='ocrx_word' id='word_1_77' title='bbox 272 985 341 1037; x_wconf 91' lang='lat' dir='ltr'><strong>ut</strong></span> <span class='ocrx_word' id='word_1_78' title='bbox 369 976 696 1051; x_wconf 78' lang='lat' dir='ltr'><strong>quisquam</strong></span> <span class='ocrx_word' id='word_1_79' title='bbox 736 975 921 1033; x_wconf 87' lang='lat' dir='ltr'><strong>celari</strong></span> <span class='ocrx_word' id='word_1_80' title='bbox 956 976 1137 1034; x_wconf 87' lang='lat' dir='ltr'><strong>vellet</strong></span> <span class='ocrx_word' id='word_1_81' title='bbox 1165 972 1270 1047; x_wconf 90' lang='lat' dir='ltr'><strong>qui</strong></span> <span class='ocrx_word' id='word_1_82' title='bbox 1299 971 1536 1031; x_wconf 81' lang='lat' dir='ltr'><strong>fuisset.</strong></span> <span class='ocrx_word' id='word_1_83' title='bbox 1621 971 1726 1033; x_wconf 82' lang='lat'><strong>26.</strong></span> <span class='ocrx_word' id='word_1_84' title='bbox 1761 971 1953 1045; x_wconf 81' lang='lat' dir='ltr'><strong>Quam</strong></span> <span class='ocrx_word' id='word_1_85' title='bbox 1983 974 2116 1033; x_wconf 87' lang='lat' dir='ltr'><strong>veri</strong></span> <span class='ocrx_word' id='word_1_86' title='bbox 2147 974 2349 1035; x_wconf 68' lang='lat' dir='ltr'><strong>simite</strong></span> 
     </span>
     <span class='ocr_line' id='line_1_11' title="bbox 272 1054 2433 1134; baseline -0.001 -16"><span class='ocrx_word' id='word_1_87' title='bbox 272 1075 457 1134; x_wconf 89' lang='lat' dir='ltr'><strong>porro</strong></span> <span class='ocrx_word' id='word_1_88' title='bbox 490 1066 583 1119; x_wconf 91' lang='lat' dir='ltr'><strong>est</strong></span> <span class='ocrx_word' id='word_1_89' title='bbox 610 1058 673 1117; x_wconf 91' lang='lat' dir='ltr'><strong>in</strong></span> <span class='ocrx_word' id='word_1_90' title='bbox 702 1065 792 1117; x_wconf 90' lang='lat' dir='ltr'><strong>tot</strong></span> <span class='ocrx_word' id='word_1_91' title='bbox 820 1056 1165 1117; x_wconf 87' lang='lat' dir='ltr'><strong>hominibus</strong></span> <span class='ocrx_word' id='word_1_92' title='bbox 1184 1054 1404 1131; x_wconf 89' lang='lat' dir='ltr'><strong>partim</strong></span> <span class='ocrx_word' id='word_1_93' title='bbox 1427 1054 1708 1115; x_wconf 81' lang='lat' dir='ltr'><strong>obscuris</strong></span> <span class='ocrx_word' id='word_1_94' title='bbox 1732 1055 1952 1129; x_wconf 88' lang='lat' dir='ltr'><strong>partim</strong></span> <span class='ocrx_word' id='word_1_95' title='bbox 1983 1056 2346 1116; x_wconf 85' lang='lat' dir='ltr'><strong>adolescen·</strong></span> <span class='ocrx_word' id='word_1_96' title='bbox 2432 1058 2433 1087; x_wconf 66' lang='lat'><em>³</em></span> 
     </span>
     <span class='ocr_line' id='line_1_12' title="bbox 272 1133 2433 1213; baseline 0 -11"><span class='ocrx_word' id='word_1_97' title='bbox 272 1142 435 1203; x_wconf 88' lang='lat' dir='ltr'><strong>tibus</strong></span> <span class='ocrx_word' id='word_1_98' title='bbox 478 1141 779 1200; x_wconf 90' lang='lat' dir='ltr'><strong>neminem</strong></span> <span class='ocrx_word' id='word_1_99' title='bbox 822 1139 1264 1200; x_wconf 85' lang='lat' dir='ltr'><strong>occultantibus</strong></span> <span class='ocrx_word' id='word_1_100' title='bbox 1306 1154 1509 1199; x_wconf 90' lang='lat' dir='ltr'><strong>meum</strong></span> <span class='ocrx_word' id='word_1_101' title='bbox 1548 1153 1772 1198; x_wconf 87' lang='lat' dir='ltr'><strong>nomen</strong></span> <span class='ocrx_word' id='word_1_102' title='bbox 1800 1140 1990 1199; x_wconf 91' lang='lat' dir='ltr'><strong>latere</strong></span> <span class='ocrx_word' id='word_1_103' title='bbox 2021 1133 2346 1213; x_wconf 65' lang='lat' dir='ltr'><strong>potuisse?</strong></span> <span class='ocrx_word' id='word_1_104' title='bbox 2432 1166 2433 1203; x_wconf 70' lang='lat'><em>÷</em></span> 
     </span>
     <span class='ocr_line' id='line_1_13' title="bbox 269 1220 2345 1296; baseline -0.003 -7"><span class='ocrx_word' id='word_1_105' title='bbox 269 1225 510 1289; x_wconf 83' lang='lat' dir='ltr'><strong>Etenim</strong></span> <span class='ocrx_word' id='word_1_106' title='bbox 569 1224 623 1285; x_wconf 91' lang='lat' dir='ltr'><strong>si</strong></span> <span class='ocrx_word' id='word_1_107' title='bbox 664 1231 947 1284; x_wconf 81' lang='lat' dir='ltr'><strong>auctores</strong></span> <span class='ocrx_word' id='word_1_108' title='bbox 987 1224 1067 1283; x_wconf 84' lang='lat' dir='ltr'><strong>ad</strong></span> <span class='ocrx_word' id='word_1_109' title='bbox 1118 1222 1496 1281; x_wconf 83' lang='lat' dir='ltr'><strong>liberandam</strong></span> <span class='ocrx_word' id='word_1_110' title='bbox 1547 1220 1806 1296; x_wconf 87' lang='lat' dir='ltr'><strong>patriam</strong></span> <span class='ocrx_word' id='word_1_111' title='bbox 1845 1221 2345 1285; x_wconf 82' lang='lat' dir='ltr'><strong>desiderarentur</strong></span> 
     </span>
     <span class='ocr_line' id='line_1_14' title="bbox 270 1306 2344 1381; baseline -0.002 -13"><span class='ocrx_word' id='word_1_112' title='bbox 270 1308 393 1367; x_wconf 86' lang='lat' dir='ltr'><strong>illis</strong></span> <span class='ocrx_word' id='word_1_113' title='bbox 424 1308 765 1381; x_wconf 88' lang='lat' dir='ltr'><strong>actoribus,</strong></span> <span class='ocrx_word' id='word_1_114' title='bbox 802 1306 1027 1366; x_wconf 84' lang='lat' dir='ltr'><strong>Brutos</strong></span> <span class='ocrx_word' id='word_1_115' title='bbox 1066 1320 1182 1379; x_wconf 86' lang='lat' dir='ltr'><strong>ego</strong></span> <span class='ocrx_word' id='word_1_116' title='bbox 1224 1306 1624 1379; x_wconf 87' lang='lat' dir='ltr'><strong>impellerem,</strong></span> <span class='ocrx_word' id='word_1_117' title='bbox 1670 1320 1930 1379; x_wconf 88' lang='lat' dir='ltr'><strong>quorum</strong></span> <span class='ocrx_word' id='word_1_118' title='bbox 1968 1312 2240 1379; x_wconf 88' lang='lat' dir='ltr'><strong>uterque</strong></span> <span class='ocrx_word' id='word_1_119' title='bbox 2280 1306 2344 1365; x_wconf 88' lang='lat' dir='ltr'><strong>L.</strong></span> 
     </span>
     <span class='ocr_line' id='line_1_15' title="bbox 270 1385 2433 1467; baseline 0 -18"><span class='ocrx_word' id='word_1_120' title='bbox 270 1390 441 1449; x_wconf 85' lang='lat' dir='ltr'><strong>Bruti</strong></span> <span class='ocrx_word' id='word_1_121' title='bbox 475 1390 797 1462; x_wconf 84' lang='lat' dir='ltr'><strong>imaginem</strong></span> <span class='ocrx_word' id='word_1_122' title='bbox 833 1387 1054 1448; x_wconf 83' lang='lat' dir='ltr'><strong>cotidie</strong></span> <span class='ocrx_word' id='word_1_123' title='bbox 1088 1385 1354 1459; x_wconf 89' lang='lat' dir='ltr'><strong>videret,</strong></span> <span class='ocrx_word' id='word_1_124' title='bbox 1398 1390 1550 1447; x_wconf 85' lang='lat' dir='ltr'><strong>alter</strong></span> <span class='ocrx_word' id='word_1_125' title='bbox 1583 1388 1764 1448; x_wconf 87' lang='lat' dir='ltr'><strong>etiam</strong></span> <span class='ocrx_word' id='word_1_126' title='bbox 1788 1388 2070 1449; x_wconf 65' lang='lat' dir='ltr'><strong>Ahalae?</strong></span> <span class='ocrx_word' id='word_1_127' title='bbox 2123 1388 2207 1448; x_wconf 90' lang='lat' dir='ltr'><strong>Hi</strong></span> <span class='ocrx_word' id='word_1_128' title='bbox 2237 1387 2343 1463; x_wconf 86' lang='lat' dir='ltr'><strong>igi-</strong></span> <span class='ocrx_word' id='word_1_129' title='bbox 2432 1456 2433 1467; x_wconf 23' lang='lat'>2</span> 
     </span>
     <span class='ocr_line' id='line_1_16' title="bbox 271 1469 2433 1545; baseline 0 -14"><span class='ocrx_word' id='word_1_130' title='bbox 271 1481 369 1531; x_wconf 91' lang='lat' dir='ltr'><strong>tur</strong></span> <span class='ocrx_word' id='word_1_131' title='bbox 395 1470 492 1530; x_wconf 87' lang='lat' dir='ltr'><strong>his</strong></span> <span class='ocrx_word' id='word_1_132' title='bbox 532 1470 864 1530; x_wconf 77' lang='lat' dir='ltr'><strong>manribus</strong></span> <span class='ocrx_word' id='word_1_133' title='bbox 904 1472 982 1529; x_wconf 90' lang='lat' dir='ltr'><strong>ab</strong></span> <span class='ocrx_word' id='word_1_134' title='bbox 1020 1469 1238 1529; x_wconf 87' lang='lat' dir='ltr'><strong>alienis</strong></span> <span class='ocrx_word' id='word_1_135' title='bbox 1264 1470 1467 1544; x_wconf 91' lang='lat' dir='ltr'><strong>potius</strong></span> <span class='ocrx_word' id='word_1_136' title='bbox 1499 1469 1819 1531; x_wconf 88' lang='lat' dir='ltr'><strong>consilium</strong></span> <span class='ocrx_word' id='word_1_137' title='bbox 1851 1478 2130 1545; x_wconf 88' lang='lat' dir='ltr'><strong>peterent</strong></span> <span class='ocrx_word' id='word_1_138' title='bbox 2157 1488 2344 1545; x_wconf 87' lang='lat' dir='ltr'><strong>quam</strong></span> <span class='ocrx_word' id='word_1_139' title='bbox 2432 1474 2433 1481; x_wconf 75' lang='grc'>’</span> 
     </span>
     <span class='ocr_line' id='line_1_17' title="bbox 270 1552 2344 1628; baseline 0.001 -15"><span class='ocrx_word' id='word_1_140' title='bbox 270 1570 309 1612; x_wconf 89' lang='lat' dir='ltr'><strong>a</strong></span> <span class='ocrx_word' id='word_1_141' title='bbox 337 1552 467 1613; x_wconf 76' lang='lat' dir='ltr'><strong>sui‘s</strong></span> <span class='ocrx_word' id='word_1_142' title='bbox 501 1560 561 1612; x_wconf 92' lang='lat' dir='ltr'><strong>et</strong></span> <span class='ocrx_word' id='word_1_143' title='bbox 589 1552 737 1613; x_wconf 82' lang='lat' dir='ltr'><strong>foris</strong></span> <span class='ocrx_word' id='word_1_144' title='bbox 771 1552 978 1628; x_wconf 88' lang='lat' dir='ltr'><strong>potius</strong></span> <span class='ocrx_word' id='word_1_145' title='bbox 1013 1568 1193 1626; x_wconf 89' lang='lat' dir='ltr'><strong>quam</strong></span> <span class='ocrx_word' id='word_1_146' title='bbox 1224 1553 1453 1613; x_wconf 70' lang='lat' dir='ltr'><strong>domo?</strong></span> <span class='ocrx_word' id='word_1_147' title='bbox 1517 1552 1714 1625; x_wconf 65' lang='lat' dir='ltr'><strong>Quid?</strong></span> <span class='ocrx_word' id='word_1_148' title='bbox 1755 1552 1820 1613; x_wconf 85' lang='lat' dir='ltr'><strong>C.</strong></span> <span class='ocrx_word' id='word_1_149' title='bbox 1851 1552 2135 1628; x_wconf 80' lang='lat' dir='ltr'><strong>CassiuS,</strong></span> <span class='ocrx_word' id='word_1_150' title='bbox 2177 1554 2244 1617; x_wconf 89' lang='lat' dir='ltr'><strong>in</strong></span> <span class='ocrx_word' id='word_1_151' title='bbox 2271 1572 2344 1615; x_wconf 84' lang='lat' dir='ltr'><strong>ea</strong></span> 
     </span>
     <span class='ocr_line' id='line_1_18' title="bbox 270 1635 2340 1712; baseline 0.001 -17"><span class='ocrx_word' id='word_1_152' title='bbox 270 1636 495 1697; x_wconf 83' lang='lat' dir='ltr'><strong>familia</strong></span> <span class='ocrx_word' id='word_1_153' title='bbox 524 1645 733 1708; x_wconf 83' lang='lat' dir='ltr'><strong>natuS,</strong></span> <span class='ocrx_word' id='word_1_154' title='bbox 779 1652 940 1711; x_wconf 90' lang='lat' dir='ltr'><strong>quae</strong></span> <span class='ocrx_word' id='word_1_155' title='bbox 968 1651 1092 1695; x_wconf 91' lang='lat' dir='ltr'><strong>non</strong></span> <span class='ocrx_word' id='word_1_156' title='bbox 1120 1636 1304 1695; x_wconf 90' lang='lat' dir='ltr'><strong>modo</strong></span> <span class='ocrx_word' id='word_1_157' title='bbox 1335 1635 1736 1710; x_wconf 87' lang='lat' dir='ltr'><strong>dominatum,</strong></span> <span class='ocrx_word' id='word_1_158' title='bbox 1765 1637 1876 1695; x_wconf 90' lang='lat' dir='ltr'><strong>sed</strong></span> <span class='ocrx_word' id='word_1_159' title='bbox 1904 1652 1984 1697; x_wconf 89' lang='lat' dir='ltr'><strong>ne</strong></span> <span class='ocrx_word' id='word_1_160' title='bbox 2011 1638 2340 1712; x_wconf 87' lang='lat' dir='ltr'><strong>potentiam</strong></span> 
     </span>
     <span class='ocr_line' id='line_1_19' title="bbox 272 1719 2338 1795; baseline -0 -15"><span class='ocrx_word' id='word_1_161' title='bbox 272 1721 519 1795; x_wconf 91' lang='lat' dir='ltr'><strong>quidem</strong></span> <span class='ocrx_word' id='word_1_162' title='bbox 552 1720 917 1794; x_wconf 88' lang='lat' dir='ltr'><strong>cuiusquam</strong></span> <span class='ocrx_word' id='word_1_163' title='bbox 948 1721 1105 1779; x_wconf 76' lang='lat' dir='ltr'><strong>ferre</strong></span> <span class='ocrx_word' id='word_1_164' title='bbox 1136 1719 1357 1793; x_wconf 89' lang='lat' dir='ltr'><strong>potuit,</strong></span> <span class='ocrx_word' id='word_1_165' title='bbox 1405 1735 1504 1779; x_wconf 86' lang='lat' dir='ltr'><strong>me</strong></span> <span class='ocrx_word' id='word_1_166' title='bbox 1537 1726 1880 1794; x_wconf 82' lang='lat' dir='ltr'><strong>auctorem,</strong></span> <span class='ocrx_word' id='word_1_167' title='bbox 1911 1720 2130 1794; x_wconf 88' lang='lat' dir='ltr'><strong>credo,</strong></span> <span class='ocrx_word' id='word_1_168' title='bbox 2181 1719 2338 1781; x_wconf 85' lang='lat' dir='ltr'><strong>desi-</strong></span> 
     </span>
     <span class='ocr_line' id='line_1_20' title="bbox 272 1801 2334 1879; baseline 0 -16"><span class='ocrx_word' id='word_1_169' title='bbox 272 1804 536 1865; x_wconf 85' lang='lat' dir='ltr'><strong>deravit=</strong></span> <span class='ocrx_word' id='word_1_170' title='bbox 587 1804 692 1879; x_wconf 91' lang='lat' dir='ltr'><strong>qui</strong></span> <span class='ocrx_word' id='word_1_171' title='bbox 726 1802 907 1865; x_wconf 87' lang='lat' dir='ltr'><strong>etiam</strong></span> <span class='ocrx_word' id='word_1_172' title='bbox 942 1803 1081 1864; x_wconf 56' lang='lat' dir='ltr'><strong>sine⁴</strong></span> <span class='ocrx_word' id='word_1_173' title='bbox 1114 1802 1210 1862; x_wconf 87' lang='lat' dir='ltr'><strong>his</strong></span> <span class='ocrx_word' id='word_1_174' title='bbox 1247 1801 1600 1862; x_wconf 87' lang='lat' dir='ltr'><strong>clarissimis</strong></span> <span class='ocrx_word' id='word_1_175' title='bbox 1631 1802 1780 1863; x_wconf 88' lang='lat' dir='ltr'><strong>viris</strong></span> <span class='ocrx_word' id='word_1_176' title='bbox 1807 1804 1968 1863; x_wconf 88' lang='lat' dir='ltr'><strong>hanc</strong></span> <span class='ocrx_word' id='word_1_177' title='bbox 1993 1818 2126 1863; x_wconf 87' lang='lat' dir='ltr'><strong>rem</strong></span> <span class='ocrx_word' id='word_1_178' title='bbox 2153 1804 2221 1863; x_wconf 90' lang='lat' dir='ltr'><strong>in</strong></span> <span class='ocrx_word' id='word_1_179' title='bbox 2251 1804 2334 1863; x_wconf 82' lang='lat' dir='ltr'><strong>Ci-</strong></span> 
     </span>
     <span class='ocr_line' id='line_1_21' title="bbox 271 1885 2338 1962; baseline 0 -15"><span class='ocrx_word' id='word_1_180' title='bbox 271 1886 411 1947; x_wconf 83' lang='lat' dir='ltr'><strong>¹icia</strong></span> <span class='ocrx_word' id='word_1_181' title='bbox 448 1888 530 1947; x_wconf 88' lang='lat' dir='ltr'><strong>ad</strong></span> <span class='ocrx_word' id='word_1_182' title='bbox 576 1888 793 1948; x_wconf 90' lang='lat' dir='ltr'><strong>ostium</strong></span> <span class='ocrx_word' id='word_1_183' title='bbox 840 1885 1107 1946; x_wconf 89' lang='lat' dir='ltr'><strong>fluminis</strong></span> <span class='ocrx_word' id='word_1_184' title='bbox 1150 1885 1348 1962; x_wconf 80' lang='lat' dir='ltr'><strong>Cydni</strong></span> <span class='ocrx_word' id='word_1_185' title='bbox 1389 1886 1789 1957; x_wconf 82' lang='lat' dir='ltr'><strong>confecisset,</strong></span> <span class='ocrx_word' id='word_1_186' title='bbox 1832 1886 1887 1946; x_wconf 91' lang='lat' dir='ltr'><strong>si</strong></span> <span class='ocrx_word' id='word_1_187' title='bbox 1939 1886 2040 1946; x_wconf 89' lang='lat' dir='ltr'><strong>ille</strong></span> <span class='ocrx_word' id='word_1_188' title='bbox 2075 1886 2157 1946; x_wconf 88' lang='lat' dir='ltr'><strong>ad</strong></span> <span class='ocrx_word' id='word_1_189' title='bbox 2208 1904 2338 1947; x_wconf 84' lang='lat' dir='ltr'><strong>eam</strong></span> 
     </span>
     <span class='ocr_line' id='line_1_22' title="bbox 268 1968 2341 2045; baseline 0.001 -17"><span class='ocrx_word' id='word_1_190' title='bbox 268 1972 497 2045; x_wconf 86' lang='lat' dir='ltr'><strong>ripam,</strong></span> <span class='ocrx_word' id='word_1_191' title='bbox 544 1986 727 2044; x_wconf 84' lang='lat' dir='ltr'><strong>quam</strong></span> <span class='ocrx_word' id='word_1_192' title='bbox 766 1968 1190 2041; x_wconf 89' lang='lat' dir='ltr'><strong>constituerat,</strong></span> <span class='ocrx_word' id='word_1_193' title='bbox 1233 1985 1357 2028; x_wconf 87' lang='lat' dir='ltr'><strong>non</strong></span> <span class='ocrx_word' id='word_1_194' title='bbox 1401 1970 1481 2028; x_wconf 88' lang='lat' dir='ltr'><strong>ad</strong></span> <span class='ocrx_word' id='word_1_195' title='bbox 1521 1970 1882 2031; x_wconf 87' lang='lat' dir='ltr'><strong>contrariam</strong></span> <span class='ocrx_word' id='word_1_196' title='bbox 1918 1984 2110 2029; x_wconf 89' lang='lat' dir='ltr'><strong>naves</strong></span> <span class='ocrx_word' id='word_1_197' title='bbox 2143 1986 2341 2044; x_wconf 88' lang='lat' dir='ltr'><strong>appu-</strong></span> 
     </span>
     <span class='ocr_line' id='line_1_23' title="bbox 272 2050 2342 2127; baseline 0 -16"><span class='ocrx_word' id='word_1_198' title='bbox 272 2052 461 2113; x_wconf 87' lang='lat' dir='ltr'><strong>lisset.</strong></span> <span class='ocrx_word' id='word_1_199' title='bbox 548 2050 651 2115; x_wconf 79' lang='lat'><strong>27.</strong></span> <span class='ocrx_word' id='word_1_200' title='bbox 698 2053 805 2112; x_wconf 83' lang='lat' dir='ltr'><strong>Cn.</strong></span> <span class='ocrx_word' id='word_1_201' title='bbox 839 2051 1167 2113; x_wconf 88' lang='lat' dir='ltr'><strong>Domitium</strong></span> <span class='ocrx_word' id='word_1_202' title='bbox 1224 2067 1350 2111; x_wconf 89' lang='lat' dir='ltr'><strong>non</strong></span> <span class='ocrx_word' id='word_1_203' title='bbox 1401 2052 1594 2127; x_wconf 89' lang='lat' dir='ltr'><strong>patris</strong></span> <span class='ocrx_word' id='word_1_204' title='bbox 1649 2051 1958 2127; x_wconf 84' lang='lat' dir='ltr'><strong>interitus,</strong></span> <span class='ocrx_word' id='word_1_205' title='bbox 2013 2051 2342 2114; x_wconf 63' lang='lat' dir='ltr'><strong>clarissimi</strong></span> 
     </span>
     <span class='ocr_line' id='line_1_24' title="bbox 273 2134 2343 2215; baseline 0.002 -23"><span class='ocrx_word' id='word_1_206' title='bbox 273 2134 414 2207; x_wconf 90' lang='lat' dir='ltr'><strong>viri,</strong></span> <span class='ocrx_word' id='word_1_207' title='bbox 440 2152 562 2196; x_wconf 91' lang='lat' dir='ltr'><strong>non</strong></span> <span class='ocrx_word' id='word_1_208' title='bbox 592 2135 877 2196; x_wconf 89' lang='lat' dir='ltr'><strong>avunculi</strong></span> <span class='ocrx_word' id='word_1_209' title='bbox 908 2152 1073 2195; x_wconf 92' lang='lat' dir='ltr'><strong>mors</strong></span> <span class='ocrx_word' id='word_1_210' title='bbox 1092 2182 1108 2209; x_wconf 92' lang='lat'>,</span> <span class='ocrx_word' id='word_1_211' title='bbox 1150 2150 1272 2195; x_wconf 89' lang='lat' dir='ltr'><strong>non</strong></span> <span class='ocrx_word' id='word_1_212' title='bbox 1303 2134 1586 2211; x_wconf 88' lang='lat' dir='ltr'><strong>spoliatio</strong></span> <span class='ocrx_word' id='word_1_213' title='bbox 1631 2135 1936 2211; x_wconf 82' lang='lat' dir='ltr'><strong>dignitatis</strong></span> <span class='ocrx_word' id='word_1_214' title='bbox 1969 2137 2049 2215; x_wconf 79' lang='lat' dir='ltr'><strong>ad</strong></span> <span class='ocrx_word' id='word_1_215' title='bbox 2078 2151 2343 2211; x_wconf 88' lang='lat' dir='ltr'><strong>recupe-</strong></span> 
     </span>
     <span class='ocr_line' id='line_1_25' title="bbox 268 2217 2339 2293; baseline 0.002 -18"><span class='ocrx_word' id='word_1_216' title='bbox 268 2217 519 2277; x_wconf 87' lang='lat' dir='ltr'><strong>randam</strong></span> <span class='ocrx_word' id='word_1_217' title='bbox 546 2218 911 2293; x_wconf 89' lang='lat' dir='ltr'><strong>libertatem,</strong></span> <span class='ocrx_word' id='word_1_218' title='bbox 946 2219 1059 2279; x_wconf 91' lang='lat' dir='ltr'><strong>sed</strong></span> <span class='ocrx_word' id='word_1_219' title='bbox 1081 2232 1216 2279; x_wconf 89' lang='lat' dir='ltr'><strong>mea</strong></span> <span class='ocrx_word' id='word_1_220' title='bbox 1244 2219 1574 2279; x_wconf 88' lang='lat' dir='ltr'><strong>auctoritas</strong></span> <span class='ocrx_word' id='word_1_221' title='bbox 1605 2218 1934 2279; x_wconf 71' lang='lat' dir='ltr'><strong>excitavit?</strong></span> <span class='ocrx_word' id='word_1_222' title='bbox 1968 2220 2066 2279; x_wconf 86' lang='lat' dir='ltr'><strong>An</strong></span> <span class='ocrx_word' id='word_1_223' title='bbox 2099 2218 2166 2279; x_wconf 85' lang='lat' dir='ltr'><strong>C.</strong></span> <span class='ocrx_word' id='word_1_224' title='bbox 2201 2222 2339 2279; x_wconf 71' lang='lat' dir='ltr'><strong>Tre⁴</strong></span> 
     </span>
     <span class='ocr_line' id='line_1_26' title="bbox 268 2300 2342 2376; baseline 0 -17"><span class='ocrx_word' id='word_1_225' title='bbox 268 2300 453 2359; x_wconf 92' lang='lat' dir='ltr'><strong>bonio</strong></span> <span class='ocrx_word' id='word_1_226' title='bbox 486 2316 601 2374; x_wconf 80' lang='lat' dir='ltr'><strong>ego</strong></span> <span class='ocrx_word' id='word_1_227' title='bbox 646 2301 971 2376; x_wconf 69' lang='lat' dir='ltr'><strong>persuasi?</strong></span> <span class='ocrx_word' id='word_1_228' title='bbox 1012 2301 1110 2362; x_wconf 89' lang='lat' dir='ltr'><strong>cui</strong></span> <span class='ocrx_word' id='word_1_229' title='bbox 1151 2316 1227 2361; x_wconf 91' lang='lat' dir='ltr'><strong>ne</strong></span> <span class='ocrx_word' id='word_1_230' title='bbox 1275 2302 1537 2361; x_wconf 90' lang='lat' dir='ltr'><strong>suadere</strong></span> <span class='ocrx_word' id='word_1_231' title='bbox 1579 2301 1828 2376; x_wconf 90' lang='lat' dir='ltr'><strong>quidem</strong></span> <span class='ocrx_word' id='word_1_232' title='bbox 1867 2317 2056 2363; x_wconf 89' lang='lat' dir='ltr'><strong>ausus</strong></span> <span class='ocrx_word' id='word_1_233' title='bbox 2109 2312 2342 2363; x_wconf 85' lang='lat' dir='ltr'><strong>essem.</strong></span> 
     </span>
     <span class='ocr_line' id='line_1_27' title="bbox 266 2381 2340 2460; baseline 0.002 -20"><span class='ocrx_word' id='word_1_234' title='bbox 266 2382 400 2455; x_wconf 77' lang='lat' dir='ltr'><strong>Quo</strong></span> <span class='ocrx_word' id='word_1_235' title='bbox 430 2381 609 2441; x_wconf 84' lang='lat' dir='ltr'><strong>etiam</strong></span> <span class='ocrx_word' id='word_1_236' title='bbox 638 2384 926 2444; x_wconf 89' lang='lat' dir='ltr'><strong>maiorem</strong></span> <span class='ocrx_word' id='word_1_237' title='bbox 959 2384 1017 2443; x_wconf 93' lang='lat' dir='ltr'><strong>ei</strong></span> <span class='ocrx_word' id='word_1_238' title='bbox 1044 2400 1145 2445; x_wconf 92' lang='lat' dir='ltr'><strong>res</strong></span> <span class='ocrx_word' id='word_1_239' title='bbox 1186 2384 1436 2460; x_wconf 81' lang='lat' dir='ltr'><strong>publica</strong></span> <span class='ocrx_word' id='word_1_240' title='bbox 1481 2384 1734 2459; x_wconf 84' lang='lat' dir='ltr'><strong>gratiam</strong></span> <span class='ocrx_word' id='word_1_241' title='bbox 1765 2386 1976 2457; x_wconf 87' lang='lat' dir='ltr'><strong>debet,</strong></span> <span class='ocrx_word' id='word_1_242' title='bbox 2027 2384 2135 2459; x_wconf 88' lang='lat' dir='ltr'><strong>qui</strong></span> <span class='ocrx_word' id='word_1_243' title='bbox 2161 2386 2340 2447; x_wconf 89' lang='lat' dir='ltr'><strong>liber·</strong></span> 
     </span>
     <span class='ocr_line' id='line_1_28' title="bbox 266 2465 2341 2544; baseline 0.002 -19"><span class='ocrx_word' id='word_1_244' title='bbox 266 2472 449 2525; x_wconf 87' lang='lat' dir='ltr'><strong>tatem</strong></span> <span class='ocrx_word' id='word_1_245' title='bbox 479 2465 695 2539; x_wconf 92' lang='lat' dir='ltr'><strong>populi</strong></span> <span class='ocrx_word' id='word_1_246' title='bbox 720 2467 977 2526; x_wconf 86' lang='lat' dir='ltr'><strong>Romani</strong></span> <span class='ocrx_word' id='word_1_247' title='bbox 1001 2470 1182 2529; x_wconf 90' lang='lat' dir='ltr'><strong>unius</strong></span> <span class='ocrx_word' id='word_1_248' title='bbox 1204 2466 1503 2528; x_wconf 84' lang='lat' dir='ltr'><strong>amicitiae</strong></span> <span class='ocrx_word' id='word_1_249' title='bbox 1521 2467 1884 2542; x_wconf 89' lang='lat' dir='ltr'><strong>praeposuit</strong></span> <span class='ocrx_word' id='word_1_250' title='bbox 1915 2469 2341 2544; x_wconf 82' lang='lat' dir='ltr'><strong>depulsorque</strong></span> 
     </span>
     <span class='ocr_line' id='line_1_29' title="bbox 268 2546 2340 2625; baseline 0.001 -18"><span class='ocrx_word' id='word_1_251' title='bbox 268 2546 613 2608; x_wconf 86' lang='lat' dir='ltr'><strong>dominatus</strong></span> <span class='ocrx_word' id='word_1_252' title='bbox 636 2564 819 2623; x_wconf 87' lang='lat' dir='ltr'><strong>quam</strong></span> <span class='ocrx_word' id='word_1_253' title='bbox 851 2548 1161 2625; x_wconf 85' lang='lat' dir='ltr'><strong>particeps</strong></span> <span class='ocrx_word' id='word_1_254' title='bbox 1198 2566 1340 2611; x_wconf 87' lang='lat' dir='ltr'><strong>esse</strong></span> <span class='ocrx_word' id='word_1_255' title='bbox 1373 2550 1598 2611; x_wconf 87' lang='lat' dir='ltr'><strong>maluit.</strong></span> <span class='ocrx_word' id='word_1_256' title='bbox 1639 2553 1736 2611; x_wconf 89' lang='lat' dir='ltr'><strong>An</strong></span> <span class='ocrx_word' id='word_1_257' title='bbox 1764 2552 1830 2613; x_wconf 91' lang='lat' dir='ltr'><strong>L.</strong></span> <span class='ocrx_word' id='word_1_258' title='bbox 1859 2551 2068 2613; x_wconf 89' lang='lat' dir='ltr'><strong>Tillius</strong></span> <span class='ocrx_word' id='word_1_259' title='bbox 2101 2551 2340 2613; x_wconf 87' lang='lat' dir='ltr'><strong>Cimber</strong></span> 
     </span>
     <span class='ocr_line' id='line_1_30' title="bbox 266 2632 2337 2709; baseline 0.001 -19"><span class='ocrx_word' id='word_1_260' title='bbox 266 2646 363 2690; x_wconf 89' lang='lat' dir='ltr'><strong>me</strong></span> <span class='ocrx_word' id='word_1_261' title='bbox 392 2638 489 2693; x_wconf 92' lang='lat' dir='ltr'><strong>est</strong></span> <span class='ocrx_word' id='word_1_262' title='bbox 518 2642 827 2694; x_wconf 89' lang='lat' dir='ltr'><strong>auctorem</strong></span> <span class='ocrx_word' id='word_1_263' title='bbox 858 2639 1151 2693; x_wconf 69' lang='lat' dir='ltr'><strong>secutus?</strong></span> <span class='ocrx_word' id='word_1_264' title='bbox 1186 2650 1364 2707; x_wconf 86' lang='lat' dir='ltr'><strong>quem</strong></span> <span class='ocrx_word' id='word_1_265' title='bbox 1399 2650 1514 2709; x_wconf 85' lang='lat' dir='ltr'><strong>ego</strong></span> <span class='ocrx_word' id='word_1_266' title='bbox 1543 2632 1737 2709; x_wconf 80' lang='lat' dir='ltr'><strong>magis</strong></span> <span class='ocrx_word' id='word_1_267' title='bbox 1761 2633 1989 2695; x_wconf 81' lang='lat' dir='ltr'><strong>fecisse</strong></span> <span class='ocrx_word' id='word_1_268' title='bbox 2017 2634 2182 2695; x_wconf 87' lang='lat' dir='ltr'><strong>illam</strong></span> <span class='ocrx_word' id='word_1_269' title='bbox 2211 2650 2337 2695; x_wconf 88' lang='lat' dir='ltr'><strong>rem</strong></span> 
     </span>
     <span class='ocr_line' id='line_1_31' title="bbox 236 2714 2433 2796; baseline 0.001 -22"><span class='ocrx_word' id='word_1_270' title='bbox 236 2722 239 2724; x_wconf 73' lang='grc'><strong>’</strong></span> <span class='ocrx_word' id='word_1_271' title='bbox 266 2730 403 2775; x_wconf 89' lang='lat' dir='ltr'><strong>sum</strong></span> <span class='ocrx_word' id='word_1_272' title='bbox 457 2714 793 2775; x_wconf 86' lang='lat' dir='ltr'><strong>admiratus</strong></span> <span class='ocrx_word' id='word_1_273' title='bbox 849 2731 1031 2789; x_wconf 87' lang='lat' dir='ltr'><strong>quam</strong></span> <span class='ocrx_word' id='word_1_274' title='bbox 1081 2720 1386 2780; x_wconf 88' lang='lat' dir='ltr'><strong>facturum</strong></span> <span class='ocrx_word' id='word_1_275' title='bbox 1435 2723 1680 2796; x_wconf 86' lang='lat' dir='ltr'><strong>putavi,</strong></span> <span class='ocrx_word' id='word_1_276' title='bbox 1737 2722 2079 2782; x_wconf 87' lang='lat' dir='ltr'><strong>admiratus</strong></span> <span class='ocrx_word' id='word_1_277' title='bbox 2133 2727 2336 2779; x_wconf 86' lang='lat' dir='ltr'><strong>autem</strong></span> <span class='ocrx_word' id='word_1_278' title='bbox 2432 2726 2433 2793; x_wconf 66' lang='grc' dir='ltr'>ξ</span> 
     </span>
     <span class='ocr_line' id='line_1_32' title="bbox 264 2796 2335 2876; baseline 0.002 -21"><span class='ocrx_word' id='word_1_279' title='bbox 264 2796 347 2855; x_wconf 93' lang='lat' dir='ltr'><strong>ob</strong></span> <span class='ocrx_word' id='word_1_280' title='bbox 376 2810 511 2856; x_wconf 90' lang='lat' dir='ltr'><strong>eam</strong></span> <span class='ocrx_word' id='word_1_281' title='bbox 536 2806 800 2870; x_wconf 85' lang='lat' dir='ltr'><strong>causam,</strong></span> <span class='ocrx_word' id='word_1_282' title='bbox 836 2798 1003 2873; x_wconf 91' lang='lat' dir='ltr'><strong>quod</strong></span> <span class='ocrx_word' id='word_1_283' title='bbox 1022 2796 1340 2859; x_wconf 86' lang='lat' dir='ltr'><strong>immemor</strong></span> <span class='ocrx_word' id='word_1_284' title='bbox 1360 2797 1814 2873; x_wconf 84' lang='lat' dir='ltr'><strong>beneficiorum,</strong></span> <span class='ocrx_word' id='word_1_285' title='bbox 1847 2816 2080 2862; x_wconf 91' lang='lat' dir='ltr'><strong>memor</strong></span> <span class='ocrx_word' id='word_1_286' title='bbox 2103 2801 2335 2876; x_wconf 87' lang='lat' dir='ltr'><strong>patriae</strong></span> 
     </span>
     <span class='ocr_line' id='line_1_33' title="bbox 266 2877 2337 2953; baseline 0.003 -16"><span class='ocrx_word' id='word_1_287' title='bbox 266 2877 503 2940; x_wconf 77' lang='lat' dir='ltr'><strong>fuisset.</strong></span> <span class='ocrx_word' id='word_1_288' title='bbox 569 2880 724 2953; x_wconf 79' lang='lat' dir='ltr'><strong>Quid</strong></span> <span class='ocrx_word' id='word_1_289' title='bbox 758 2884 917 2943; x_wconf 90' lang='lat' dir='ltr'><strong>duos</strong></span> <span class='ocrx_word' id='word_1_290' title='bbox 954 2880 1296 2942; x_wconf 69' lang='lat' dir='ltr'><strong>Servilios?</strong></span> <span class='ocrx_word' id='word_1_291' title='bbox 1369 2881 1592 2942; x_wconf 84' lang='lat' dir='ltr'><strong>Caseas</strong></span> <span class='ocrx_word' id='word_1_292' title='bbox 1627 2881 1825 2943; x_wconf 86' lang='lat' dir='ltr'><strong>dicam</strong></span> <span class='ocrx_word' id='word_1_293' title='bbox 1859 2899 1938 2943; x_wconf 90' lang='lat' dir='ltr'><strong>an</strong></span> <span class='ocrx_word' id='word_1_294' title='bbox 1967 2884 2247 2945; x_wconf 66' lang='lat' dir='ltr'><strong>Ahalas?</strong></span> <span class='ocrx_word' id='word_1_295' title='bbox 2279 2892 2337 2944; x_wconf 90' lang='lat' dir='ltr'><strong>et</strong></span> 
     </span>
    </p>
   </div>
   <div class='ocr_carea' id='block_1_3' title="bbox 2430 370 2436 1021">
    <p class='ocr_par' dir='ltr' id='par_1_3' title="bbox 2430 370 2436 1021">
     <span class='ocr_line' id='line_1_34' title="bbox 2430 370 2436 1021; baseline 0 0"><span class='ocrx_word' id='word_1_296' title='bbox 2430 370 2436 1021; x_wconf 95' lang='lat' dir='ltr'><strong> </strong></span> 
     </span>
    </p>
   </div>
   <div class='ocr_carea' id='block_1_4' title="bbox 2427 1206 2438 3100">
    <p class='ocr_par' dir='ltr' id='par_1_4' title="bbox 2427 1206 2438 3100">
     <span class='ocr_line' id='line_1_35' title="bbox 2427 1206 2438 3100; baseline 0 0"><span class='ocrx_word' id='word_1_297' title='bbox 2427 1206 2438 3100; x_wconf 95' lang='lat' dir='ltr'><strong> </strong></span> 
     </span>
    </p>
   </div>
   <div class='ocr_carea' id='block_1_5' title="bbox 266 2962 2433 3041">
    <p class='ocr_par' dir='ltr' id='par_1_5' title="bbox 266 2962 2433 3041">
     <span class='ocr_line' id='line_1_36' title="bbox 266 2962 2433 3041; baseline 0.004 -21"><span class='ocrx_word' id='word_1_298' title='bbox 266 2962 383 3021; x_wconf 85' lang='lat' dir='ltr'><strong>hos</strong></span> <span class='ocrx_word' id='word_1_299' title='bbox 424 2964 781 3025; x_wconf 87' lang='lat' dir='ltr'><strong>auctoritate</strong></span> <span class='ocrx_word' id='word_1_300' title='bbox 822 2981 957 3025; x_wconf 87' lang='lat' dir='ltr'><strong>mea</strong></span> <span class='ocrx_word' id='word_1_301' title='bbox 996 2980 1217 3025; x_wconf 85' lang='lat' dir='ltr'><strong>censes</strong></span> <span class='ocrx_word' id='word_1_302' title='bbox 1275 2963 1574 3027; x_wconf 84' lang='lat' dir='ltr'><strong>excitatos</strong></span> <span class='ocrx_word' id='word_1_303' title='bbox 1611 2964 1820 3039; x_wconf 87' lang='lat' dir='ltr'><strong>potius</strong></span> <span class='ocrx_word' id='word_1_304' title='bbox 1863 2983 2042 3041; x_wconf 87' lang='lat' dir='ltr'><strong>quam</strong></span> <span class='ocrx_word' id='word_1_305' title='bbox 2087 2966 2334 3027; x_wconf 87' lang='lat' dir='ltr'><strong>caritate</strong></span> <span class='ocrx_word' id='word_1_306' title='bbox 2432 2994 2433 2997; x_wconf 38' lang='lat'>¹</span> 
     </span>
    </p>
   </div>
   <div class='ocr_carea' id='block_1_6' title="bbox 264 3043 2433 3206">
    <p class='ocr_par' dir='ltr' id='par_1_6' title="bbox 264 3043 2433 3206">
     <span class='ocr_line' id='line_1_37' title="bbox 264 3043 2433 3125; baseline 0.002 -21"><span class='ocrx_word' id='word_1_307' title='bbox 264 3043 355 3104; x_wconf 87' lang='lat' dir='ltr'><strong>rei</strong></span> <span class='ocrx_word' id='word_1_308' title='bbox 381 3045 703 3119; x_wconf 70' lang='lat' dir='ltr'><strong>publicae?</strong></span> <span class='ocrx_word' id='word_1_309' title='bbox 752 3048 1026 3122; x_wconf 83' lang='lat' dir='ltr'><strong>Longum</strong></span> <span class='ocrx_word' id='word_1_310' title='bbox 1064 3057 1159 3110; x_wconf 91' lang='lat' dir='ltr'><strong>est</strong></span> <span class='ocrx_word' id='word_1_311' title='bbox 1187 3048 1481 3123; x_wconf 88' lang='lat' dir='ltr'><strong>persequi</strong></span> <span class='ocrx_word' id='word_1_312' title='bbox 1551 3057 1825 3121; x_wconf 76' lang='lat' dir='ltr'><strong>ceteros,</strong></span> <span class='ocrx_word' id='word_1_313' title='bbox 1865 3048 2056 3125; x_wconf 90' lang='lat' dir='ltr'><strong>idque</strong></span> <span class='ocrx_word' id='word_1_314' title='bbox 2089 3048 2183 3111; x_wconf 88' lang='lat' dir='ltr'><strong>rei</strong></span> <span class='ocrx_word' id='word_1_315' title='bbox 2223 3066 2330 3124; x_wconf 90' lang='lat' dir='ltr'><strong>pu·</strong></span> <span class='ocrx_word' id='word_1_316' title='bbox 2432 3112 2433 3123; x_wconf 18' lang='lat'>¹</span> 
     </span>
     <span class='ocr_line' id='line_1_38' title="bbox 266 3126 2433 3206; baseline 0.002 -20"><span class='ocrx_word' id='word_1_317' title='bbox 266 3126 462 3187; x_wconf 87' lang='lat' dir='ltr'><strong>blicae</strong></span> <span class='ocrx_word' id='word_1_318' title='bbox 492 3130 899 3203; x_wconf 88' lang='lat' dir='ltr'><strong>praeclarum,</strong></span> <span class='ocrx_word' id='word_1_319' title='bbox 933 3132 1125 3191; x_wconf 77' lang='lat' dir='ltr'><strong>fuisse</strong></span> <span class='ocrx_word' id='word_1_320' title='bbox 1154 3138 1274 3191; x_wconf 86' lang='lat' dir='ltr'><strong>tam</strong></span> <span class='ocrx_word' id='word_1_321' title='bbox 1309 3132 1532 3193; x_wconf 88' lang='lat' dir='ltr'><strong>multos</strong></span> <span class='ocrx_word' id='word_1_322' title='bbox 1551 3175 1565 3202; x_wconf 95' lang='lat'><strong>,</strong></span> <span class='ocrx_word' id='word_1_323' title='bbox 1598 3130 1752 3205; x_wconf 87' lang='lat' dir='ltr'><strong>ipsis</strong></span> <span class='ocrx_word' id='word_1_324' title='bbox 1779 3132 2136 3206; x_wconf 82' lang='lat' dir='ltr'><strong>gloriosum.</strong></span> <span class='ocrx_word' id='word_1_325' title='bbox 2432 3144 2433 3147; x_wconf 72' lang='grc'>’</span> 
     </span>
    </p>
   </div>
   <div class='ocr_carea' id='block_1_7' title="bbox 388 3210 2433 3289">
    <p class='ocr_par' dir='ltr' id='par_1_7' title="bbox 388 3210 2433 3289">
     <span class='ocr_line' id='line_1_39' title="bbox 388 3210 2433 3289; baseline 0.003 -19"><span class='ocrx_word' id='word_1_326' title='bbox 388 3212 543 3270; x_wconf 86' lang='grc' dir='ltr'><strong>ΧΙΙΙ.</strong></span> <span class='ocrx_word' id='word_1_327' title='bbox 586 3210 686 3273; x_wconf 73' lang='grc'><strong>28.</strong></span> <span class='ocrx_word' id='word_1_328' title='bbox 716 3216 799 3272; x_wconf 85' lang='lat' dir='ltr'><strong>At</strong></span> <span class='ocrx_word' id='word_1_329' title='bbox 821 3228 1001 3286; x_wconf 87' lang='lat' dir='ltr'><strong>quem</strong></span> <span class='ocrx_word' id='word_1_330' title='bbox 1030 3214 1109 3272; x_wconf 90' lang='lat' dir='ltr'><strong>ad</strong></span> <span class='ocrx_word' id='word_1_331' title='bbox 1130 3214 1376 3273; x_wconf 90' lang='lat' dir='ltr'><strong>modum</strong></span> <span class='ocrx_word' id='word_1_332' title='bbox 1407 3229 1505 3275; x_wconf 87' lang='lat' dir='ltr'><strong>me</strong></span> <span class='ocrx_word' id='word_1_333' title='bbox 1529 3214 1868 3289; x_wconf 83' lang='lat' dir='ltr'><strong>coarguerit</strong></span> <span class='ocrx_word' id='word_1_334' title='bbox 1899 3215 2080 3276; x_wconf 88' lang='lat' dir='ltr'><strong>homo</strong></span> <span class='ocrx_word' id='word_1_335' title='bbox 2111 3224 2328 3277; x_wconf 87' lang='lat' dir='ltr'><strong>acutus</strong></span> <span class='ocrx_word' id='word_1_336' title='bbox 2432 3220 2433 3277; x_wconf 53' lang='grc' dir='ltr'><em>ς</em></span> 
     </span>
    </p>
   </div>
   <div class='ocr_carea' id='block_1_8' title="bbox 268 3293 2332 3451">
    <p class='ocr_par' dir='ltr' id='par_1_8' title="bbox 268 3293 2332 3451">
     <span class='ocr_line' id='line_1_40' title="bbox 268 3293 2332 3371; baseline 0.007 -24"><span class='ocrx_word' id='word_1_337' title='bbox 268 3293 689 3353; x_wconf 84' lang='lat' dir='ltr'><strong>recordamini.</strong></span> <span class='ocrx_word' id='word_1_338' title='bbox 770 3294 1033 3353; x_wconf 83' lang='lat' dir='ltr'><strong>Caesare</strong></span> <span class='ocrx_word' id='word_1_339' title='bbox 1080 3294 1426 3367; x_wconf 77' lang='lat' dir='ltr'><strong>interfecto,</strong></span> <span class='ocrx_word' id='word_1_340' title='bbox 1491 3295 1716 3371; x_wconf 84' lang='lat' dir='ltr'><strong>inquit,</strong></span> <span class='ocrx_word' id='word_1_341' title='bbox 1765 3297 1966 3359; x_wconf 88' lang='lat' dir='ltr'><strong>statim</strong></span> <span class='ocrx_word' id='word_1_342' title='bbox 2014 3308 2332 3361; x_wconf 86' lang='lat' dir='ltr'><strong>cruentum</strong></span> 
     </span>
     <span class='ocr_line' id='line_1_41' title="bbox 271 3372 2328 3451; baseline 0.006 -23"><span class='ocrx_word' id='word_1_343' title='bbox 271 3372 388 3431; x_wconf 83' lang='lat' dir='ltr'><strong>alte</strong></span> <span class='ocrx_word' id='word_1_344' title='bbox 418 3377 716 3436; x_wconf 86' lang='lat' dir='ltr'><strong>extollens</strong></span> <span class='ocrx_word' id='word_1_345' title='bbox 758 3374 989 3435; x_wconf 86' lang='lat' dir='ltr'><strong>Brutus</strong></span> <span class='ocrx_word' id='word_1_346' title='bbox 1030 3376 1365 3451; x_wconf 79' lang='lat' dir='ltr'><strong>pugionem</strong></span> <span class='ocrx_word' id='word_1_347' title='bbox 1407 3376 1766 3439; x_wconf 82' lang='lat' dir='ltr'><strong>Ciceronem</strong></span> <span class='ocrx_word' id='word_1_348' title='bbox 1811 3382 2166 3444; x_wconf 89' lang='lat' dir='ltr'><strong>nominatim</strong></span> <span class='ocrx_word' id='word_1_349' title='bbox 2225 3397 2328 3442; x_wconf 86' lang='lat' dir='ltr'><strong>ex-</strong></span> 
     </span>
    </p>
   </div>
   <div class='ocr_carea' id='block_1_9' title="bbox 1236 3681 1446 3777">
    <p class='ocr_par' dir='ltr' id='par_1_9' title="bbox 1236 3681 1446 3777">
     <span class='ocr_line' id='line_1_42' title="bbox 1236 3681 1446 3777; baseline 0 0"><span class='ocrx_word' id='word_1_350' title='bbox 1236 3681 1446 3777; x_wconf 41' lang='lat' dir='ltr'><strong>*N</strong></span> 
     </span>
    </p>
   </div>
  </div>
 </body>
</html>
