<?xml version="1.0" encoding="UTF-8"?>
<!DOCTYPE html PUBLIC "-//W3C//DTD XHTML 1.0 Transitional//EN"
    "http://www.w3.org/TR/xhtml1/DTD/xhtml1-transitional.dtd">
<html xmlns="http://www.w3.org/1999/xhtml" xml:lang="en" lang="en">
 <head>
  <title>
</title>
<meta http-equiv="Content-Type" content="text/html;charset=utf-8" />
  <meta name='ocr-system' content='tesseract 3.04.00' />
  <meta name='ocr-capabilities' content='ocr_page ocr_carea ocr_par ocr_line ocrx_word'/>
</head>
<body>
  <div class='ocr_page' id='page_1' title='image "./mtulliiciceroni00klotgoog_0450.png"; bbox 0 0 2459 3817; ppageno 0'>
   <div class='ocr_carea' id='block_1_1' title="bbox 778 117 2237 191">
    <p class='ocr_par' dir='ltr' id='par_1_1' title="bbox 778 117 2237 191">
     <span class='ocr_line' id='line_1_1' title="bbox 778 117 2237 191; baseline -0.001 -8"><span class='ocrx_word' id='word_1_1' title='bbox 778 124 940 183; x_wconf 83' lang='lat' dir='ltr'>CAP.</span> <span class='ocrx_word' id='word_1_2' title='bbox 975 131 1239 188; x_wconf 73' lang='lat'>14--17.</span> <span class='ocrx_word' id='word_1_3' title='bbox 1282 130 1335 191; x_wconf 72' lang='lat' dir='ltr'><strong>S.</strong></span> <span class='ocrx_word' id='word_1_4' title='bbox 1366 133 1631 188; x_wconf 75' lang='lat'><strong>37—45.</strong></span> <span class='ocrx_word' id='word_1_5' title='bbox 2118 117 2237 181; x_wconf 77' lang='lat'><strong>155</strong></span> 
     </span>
    </p>
   </div>
   <div class='ocr_carea' id='block_1_2' title="bbox 145 272 2263 3399">
    <p class='ocr_par' dir='ltr' id='par_1_2' title="bbox 145 272 2235 747">
     <span class='ocr_line' id='line_1_2' title="bbox 145 272 2232 351; baseline 0.002 -17"><span class='ocrx_word' id='word_1_6' title='bbox 145 272 422 345; x_wconf 72' lang='lat' dir='ltr'><strong>invidia,</strong></span> <span class='ocrx_word' id='word_1_7' title='bbox 445 273 530 332; x_wconf 88' lang='lat' dir='ltr'><strong>M.</strong></span> <span class='ocrx_word' id='word_1_8' title='bbox 555 288 705 333; x_wconf 84' lang='lat' dir='ltr'><strong>vero</strong></span> <span class='ocrx_word' id='word_1_9' title='bbox 738 273 984 335; x_wconf 84' lang='lat' dir='ltr'><strong>Antonii</strong></span> <span class='ocrx_word' id='word_1_10' title='bbox 1012 272 1277 337; x_wconf 81' lang='lat' dir='ltr'><strong>maxima</strong></span> <span class='ocrx_word' id='word_1_11' title='bbox 1307 273 1545 349; x_wconf 64' lang='lat' dir='ltr'><strong>gloriar</strong></span> <span class='ocrx_word' id='word_1_12' title='bbox 1582 272 1683 337; x_wconf 83' lang='lat'><strong>41.</strong></span> <span class='ocrx_word' id='word_1_13' title='bbox 1732 274 1933 351; x_wconf 61' lang='lat' dir='ltr'><strong>Quid?</strong></span> <span class='ocrx_word' id='word_1_14' title='bbox 1972 276 2232 339; x_wconf 85' lang='lat' dir='ltr'><strong>comitiis</strong></span> 
     </span>
     <span class='ocr_line' id='line_1_3' title="bbox 149 354 2233 433; baseline 0.002 -18"><span class='ocrx_word' id='word_1_15' title='bbox 149 356 222 415; x_wconf 86' lang='lat' dir='ltr'><strong>-in</strong></span> <span class='ocrx_word' id='word_1_16' title='bbox 268 371 488 431; x_wconf 88' lang='lat' dir='ltr'><strong>campo</strong></span> <span class='ocrx_word' id='word_1_17' title='bbox 531 354 816 431; x_wconf 85' lang='lat' dir='ltr'><strong>quotiens</strong></span> <span class='ocrx_word' id='word_1_18' title='bbox 843 364 1124 431; x_wconf 84' lang='lat' dir='ltr'><strong>potestas</strong></span> <span class='ocrx_word' id='word_1_19' title='bbox 1152 356 1291 419; x_wconf 80' lang='lat' dir='ltr'><strong>fuit!</strong></span> <span class='ocrx_word' id='word_1_20' title='bbox 1330 374 1515 431; x_wconf 85' lang='lat' dir='ltr'><strong>quum</strong></span> <span class='ocrx_word' id='word_1_21' title='bbox 1556 358 1657 421; x_wconf 85' lang='lat' dir='ltr'><strong>ille</strong></span> <span class='ocrx_word' id='word_1_22' title='bbox 1708 356 1771 421; x_wconf 85' lang='lat' dir='ltr'><strong>in</strong></span> <span class='ocrx_word' id='word_1_23' title='bbox 1828 366 2043 433; x_wconf 80' lang='lat' dir='ltr'><strong>saepta</strong></span> <span class='ocrx_word' id='word_1_24' title='bbox 2082 358 2233 419; x_wconf 84' lang='lat' dir='ltr'><strong>irru-</strong></span> 
     </span>
     <span class='ocr_line' id='line_1_4' title="bbox 150 437 2235 516; baseline 0.001 -18"><span class='ocrx_word' id='word_1_25' title='bbox 150 440 390 513; x_wconf 82' lang='lat' dir='ltr'><strong>pisset,</strong></span> <span class='ocrx_word' id='word_1_26' title='bbox 431 437 672 513; x_wconf 80' lang='lat' dir='ltr'><strong>gladios</strong></span> <span class='ocrx_word' id='word_1_27' title='bbox 711 438 1212 513; x_wconf 82' lang='lat' dir='ltr'><strong>destringendos,</strong></span> <span class='ocrx_word' id='word_1_28' title='bbox 1255 438 1495 513; x_wconf 75' lang='lat' dir='ltr'><strong>lapides</strong></span> <span class='ocrx_word' id='word_1_29' title='bbox 1525 438 1843 507; x_wconf 84' lang='lat' dir='ltr'><strong>iaciendos</strong></span> <span class='ocrx_word' id='word_1_30' title='bbox 1873 438 2235 516; x_wconf 75' lang='lat' dir='ltr'><strong>curavisset,</strong></span> 
     </span>
     <span class='ocr_line' id='line_1_5' title="bbox 155 518 2230 598; baseline 0.001 -17"><span class='ocrx_word' id='word_1_31' title='bbox 155 519 304 581; x_wconf 88' lang='lat' dir='ltr'><strong>dein</strong></span> <span class='ocrx_word' id='word_1_32' title='bbox 357 518 559 581; x_wconf 87' lang='lat' dir='ltr'><strong>subito</strong></span> <span class='ocrx_word' id='word_1_33' title='bbox 613 522 782 581; x_wconf 85' lang='lat' dir='ltr'><strong>vultu</strong></span> <span class='ocrx_word' id='word_1_34' title='bbox 834 520 1080 583; x_wconf 86' lang='lat' dir='ltr'><strong>Milonis</strong></span> <span class='ocrx_word' id='word_1_35' title='bbox 1115 520 1471 597; x_wconf 83' lang='lat' dir='ltr'><strong>perterritus</strong></span> <span class='ocrx_word' id='word_1_36' title='bbox 1528 524 1764 598; x_wconf 78' lang='lat' dir='ltr'><strong>sugeret</strong></span> <span class='ocrx_word' id='word_1_37' title='bbox 1816 524 1897 584; x_wconf 85' lang='lat' dir='ltr'><strong>ad</strong></span> <span class='ocrx_word' id='word_1_38' title='bbox 1950 521 2230 594; x_wconf 81' lang='lat' dir='ltr'><strong>Tiberim,</strong></span> 
     </span>
     <span class='ocr_line' id='line_1_6' title="bbox 156 602 2231 747; baseline -0.001 -79"><span class='ocrx_word' id='word_1_39' title='bbox 156 620 282 747; x_wconf 63' lang='lat' dir='ltr'><strong>vgs</strong></span> <span class='ocrx_word' id='word_1_40' title='bbox 325 612 387 665; x_wconf 87' lang='lat' dir='ltr'><strong>et</strong></span> <span class='ocrx_word' id='word_1_41' title='bbox 432 618 646 666; x_wconf 85' lang='lat' dir='ltr'><strong>omues</strong></span> <span class='ocrx_word' id='word_1_42' title='bbox 676 602 823 666; x_wconf 85' lang='lat' dir='ltr'><strong>boni</strong></span> <span class='ocrx_word' id='word_1_43' title='bbox 864 612 1006 668; x_wconf 84' lang='lat' dir='ltr'><strong>vota</strong></span> <span class='ocrx_word' id='word_1_44' title='bbox 1045 603 1357 678; x_wconf 78' lang='lat' dir='ltr'><strong>faceretis,</strong></span> <span class='ocrx_word' id='word_1_45' title='bbox 1399 614 1465 667; x_wconf 86' lang='lat' dir='ltr'><strong>ut</strong></span> <span class='ocrx_word' id='word_1_46' title='bbox 1492 605 1703 669; x_wconf 84' lang='lat' dir='ltr'><strong>Miloni</strong></span> <span class='ocrx_word' id='word_1_47' title='bbox 1730 604 1815 669; x_wconf 83' lang='lat' dir='ltr'><strong>uti</strong></span> <span class='ocrx_word' id='word_1_48' title='bbox 1857 604 2077 668; x_wconf 84' lang='lat' dir='ltr'><strong>virtute</strong></span> <span class='ocrx_word' id='word_1_49' title='bbox 2118 622 2231 667; x_wconf 75' lang='lat' dir='ltr'><strong>sua</strong></span> 
     </span>
     <span class='ocr_line' id='line_1_7' title="bbox 152 688 396 747; baseline -0.008 -2"><span class='ocrx_word' id='word_1_50' title='bbox 152 688 200 745; x_wconf 77' lang='lat' dir='ltr'><strong>li</strong></span> <span class='ocrx_word' id='word_1_51' title='bbox 249 696 396 747; x_wconf 90' lang='lat' dir='ltr'><strong>eret.</strong></span> 
     </span>
    </p>

    <p class='ocr_par' dir='ltr' id='par_1_3' title="bbox 145 767 2263 2821">
     <span class='ocr_line' id='line_1_8' title="bbox 287 767 2235 845; baseline 0.001 -14"><span class='ocrx_word' id='word_1_52' title='bbox 287 768 450 831; x_wconf 86' lang='lat' dir='ltr'>XVI.</span> <span class='ocrx_word' id='word_1_53' title='bbox 485 767 674 844; x_wconf 80' lang='lat' dir='ltr'><strong>Quem</strong></span> <span class='ocrx_word' id='word_1_54' title='bbox 705 768 890 844; x_wconf 84' lang='lat' dir='ltr'><strong>igilur</strong></span> <span class='ocrx_word' id='word_1_55' title='bbox 918 786 1053 835; x_wconf 86' lang='lat' dir='ltr'><strong>cum</strong></span> <span class='ocrx_word' id='word_1_56' title='bbox 1085 770 1351 833; x_wconf 84' lang='lat' dir='ltr'><strong>omnium</strong></span> <span class='ocrx_word' id='word_1_57' title='bbox 1382 768 1577 845; x_wconf 76' lang='lat' dir='ltr'><strong>gratia</strong></span> <span class='ocrx_word' id='word_1_58' title='bbox 1608 770 1817 843; x_wconf 70' lang='lat' dir='ltr'><strong>noluit,</strong></span> <span class='ocrx_word' id='word_1_59' title='bbox 1852 770 2015 831; x_wconf 85' lang='lat' dir='ltr'><strong>hunc</strong></span> <span class='ocrx_word' id='word_1_60' title='bbox 2043 770 2235 833; x_wconf 88' lang='lat' dir='ltr'><strong>voluit</strong></span> 
     </span>
     <span class='ocr_line' id='line_1_9' title="bbox 145 850 2231 930; baseline 0.001 -19"><span class='ocrx_word' id='word_1_61' title='bbox 145 866 297 914; x_wconf 79' lang='lat' dir='ltr'><strong>cum</strong></span> <span class='ocrx_word' id='word_1_62' title='bbox 325 851 672 927; x_wconf 86' lang='lat' dir='ltr'><strong>aliquorum</strong></span> <span class='ocrx_word' id='word_1_63' title='bbox 693 854 1008 925; x_wconf 73' lang='lat' dir='ltr'>querella?</span> <span class='ocrx_word' id='word_1_64' title='bbox 1049 869 1231 930; x_wconf 85' lang='lat' dir='ltr'><strong>quem</strong></span> <span class='ocrx_word' id='word_1_65' title='bbox 1271 851 1433 925; x_wconf 86' lang='lat' dir='ltr'><strong>iure,</strong></span> <span class='ocrx_word' id='word_1_66' title='bbox 1468 850 1649 928; x_wconf 76' lang='lat' dir='ltr'><strong>quem</strong></span> <span class='ocrx_word' id='word_1_67' title='bbox 1677 852 1841 928; x_wconf 87' lang='lat' dir='ltr'><strong>loco,</strong></span> <span class='ocrx_word' id='word_1_68' title='bbox 1873 870 2055 927; x_wconf 89' lang='lat' dir='ltr'><strong>quem</strong></span> <span class='ocrx_word' id='word_1_69' title='bbox 2084 860 2231 914; x_wconf 88' lang='lat' dir='ltr'><strong>tem-</strong></span> 
     </span>
     <span class='ocr_line' id='line_1_10' title="bbox 161 932 2237 1013; baseline 0 -18"><span class='ocrx_word' id='word_1_70' title='bbox 161 950 336 1009; x_wconf 79' lang='lat' dir='ltr'><strong>pore,</strong></span> <span class='ocrx_word' id='word_1_71' title='bbox 373 950 558 1009; x_wconf 85' lang='lat' dir='ltr'><strong>quem</strong></span> <span class='ocrx_word' id='word_1_72' title='bbox 582 932 830 1009; x_wconf 86' lang='lat' dir='ltr'><strong>impune</strong></span> <span class='ocrx_word' id='word_1_73' title='bbox 859 950 980 994; x_wconf 91' lang='lat' dir='ltr'><strong>non</strong></span> <span class='ocrx_word' id='word_1_74' title='bbox 1010 943 1108 995; x_wconf 87' lang='lat' dir='ltr'><strong>est</strong></span> <span class='ocrx_word' id='word_1_75' title='bbox 1135 950 1346 1008; x_wconf 82' lang='lat' dir='ltr'><strong>ausus,</strong></span> <span class='ocrx_word' id='word_1_76' title='bbox 1376 934 1537 999; x_wconf 80' lang='lat' dir='ltr'><strong>hune</strong></span> <span class='ocrx_word' id='word_1_77' title='bbox 1564 933 1799 1010; x_wconf 69' lang='lat' dir='ltr'><strong>iniuria,</strong></span> <span class='ocrx_word' id='word_1_78' title='bbox 1834 934 2047 1009; x_wconf 88' lang='lat' dir='ltr'><strong>iniquo</strong></span> <span class='ocrx_word' id='word_1_79' title='bbox 2072 936 2237 1013; x_wconf 85' lang='lat' dir='ltr'><strong>loco,</strong></span> 
     </span>
     <span class='ocr_line' id='line_1_11' title="bbox 161 1014 2221 1091; baseline 0.002 -14"><span class='ocrx_word' id='word_1_80' title='bbox 161 1016 362 1079; x_wconf 80' lang='lat' dir='ltr'><strong>alieno</strong></span> <span class='ocrx_word' id='word_1_81' title='bbox 393 1025 692 1091; x_wconf 87' lang='lat' dir='ltr'><strong>tempore,</strong></span> <span class='ocrx_word' id='word_1_82' title='bbox 723 1016 992 1090; x_wconf 87' lang='lat' dir='ltr'><strong>periculo</strong></span> <span class='ocrx_word' id='word_1_83' title='bbox 1029 1015 1245 1091; x_wconf 78' lang='lat' dir='ltr'><strong>capitis</strong></span> <span class='ocrx_word' id='word_1_84' title='bbox 1276 1033 1400 1077; x_wconf 88' lang='lat' dir='ltr'><strong>non</strong></span> <span class='ocrx_word' id='word_1_85' title='bbox 1432 1014 1731 1081; x_wconf 83' lang='lat' dir='ltr'><strong>dubitavit</strong></span> <span class='ocrx_word' id='word_1_86' title='bbox 1758 1017 2087 1084; x_wconf 73' lang='lat' dir='ltr'><strong>occidere?</strong></span> <span class='ocrx_word' id='word_1_87' title='bbox 2122 1016 2221 1081; x_wconf 79' lang='grc'><strong>42.</strong></span> 
     </span>
     <span class='ocr_line' id='line_1_12' title="bbox 159 1097 2233 1175; baseline 0.003 -18"><span class='ocrx_word' id='word_1_88' title='bbox 159 1098 548 1172; x_wconf 85' lang='lat' dir='ltr'><strong>praesertim,</strong></span> <span class='ocrx_word' id='word_1_89' title='bbox 583 1097 849 1172; x_wconf 71' lang='lat' dir='ltr'><strong>iudices»,</strong></span> <span class='ocrx_word' id='word_1_90' title='bbox 889 1115 1078 1172; x_wconf 87' lang='lat' dir='ltr'><strong>quum</strong></span> <span class='ocrx_word' id='word_1_91' title='bbox 1126 1098 1383 1162; x_wconf 86' lang='lat' dir='ltr'><strong>honoris</strong></span> <span class='ocrx_word' id='word_1_92' title='bbox 1423 1098 1783 1175; x_wconf 75' lang='lat' dir='ltr'><strong>amplissimi</strong></span> <span class='ocrx_word' id='word_1_93' title='bbox 1820 1099 2129 1163; x_wconf 84' lang='lat' dir='ltr'><strong>contentio</strong></span> <span class='ocrx_word' id='word_1_94' title='bbox 2172 1108 2233 1163; x_wconf 81' lang='lat' dir='ltr'><strong>et</strong></span> 
     </span>
     <span class='ocr_line' id='line_1_13' title="bbox 145 1178 2227 1257; baseline 0.002 -18"><span class='ocrx_word' id='word_1_95' title='bbox 145 1180 292 1243; x_wconf 81' lang='lat' dir='ltr'><strong>dies</strong></span> <span class='ocrx_word' id='word_1_96' title='bbox 328 1178 706 1243; x_wconf 82' lang='lat' dir='ltr'><strong>comitiorum</strong></span> <span class='ocrx_word' id='word_1_97' title='bbox 739 1182 1040 1251; x_wconf 76' lang='lat' dir='ltr'><strong>subesset,</strong></span> <span class='ocrx_word' id='word_1_98' title='bbox 1081 1198 1203 1255; x_wconf 89' lang='lat' dir='ltr'><strong>quo</strong></span> <span class='ocrx_word' id='word_1_99' title='bbox 1235 1179 1481 1257; x_wconf 84' lang='lat' dir='ltr'><strong>quidem</strong></span> <span class='ocrx_word' id='word_1_100' title='bbox 1514 1181 2041 1257; x_wconf 61' lang='lat' dir='ltr'><strong>tempore-„scio</strong></span> <span class='ocrx_word' id='word_1_101' title='bbox 2072 1182 2227 1243; x_wconf 84' lang='lat' dir='ltr'><strong>enim</strong></span> 
     </span>
     <span class='ocr_line' id='line_1_14' title="bbox 170 1256 2219 1335; baseline -0.002 -16"><span class='ocrx_word' id='word_1_102' title='bbox 170 1276 354 1332; x_wconf 84' lang='lat' dir='ltr'><strong>quam</strong></span> <span class='ocrx_word' id='word_1_103' title='bbox 381 1259 590 1319; x_wconf 86' lang='lat' dir='ltr'><strong>timida</strong></span> <span class='ocrx_word' id='word_1_104' title='bbox 609 1259 692 1319; x_wconf 87' lang='lat' dir='ltr'><strong>sit</strong></span> <span class='ocrx_word' id='word_1_105' title='bbox 713 1259 961 1321; x_wconf 80' lang='lat' dir='ltr'><strong>ambitio</strong></span> <span class='ocrx_word' id='word_1_106' title='bbox 987 1266 1339 1335; x_wconf 87' lang='lat' dir='ltr'><strong>quantaque</strong></span> <span class='ocrx_word' id='word_1_107' title='bbox 1372 1267 1435 1323; x_wconf 87' lang='lat' dir='ltr'><strong>et</strong></span> <span class='ocrx_word' id='word_1_108' title='bbox 1457 1275 1638 1333; x_wconf 85' lang='lat' dir='ltr'><strong>quam</strong></span> <span class='ocrx_word' id='word_1_109' title='bbox 1662 1258 1924 1323; x_wconf 87' lang='lat' dir='ltr'><strong>sollicita</strong></span> <span class='ocrx_word' id='word_1_110' title='bbox 1952 1260 2032 1320; x_wconf 89' lang='lat' dir='ltr'><strong>sit</strong></span> <span class='ocrx_word' id='word_1_111' title='bbox 2054 1256 2219 1331; x_wconf 88' lang='lat' dir='ltr'><strong>cupi-</strong></span> 
     </span>
     <span class='ocr_line' id='line_1_15' title="bbox 161 1341 2219 1419; baseline 0.001 -20"><span class='ocrx_word' id='word_1_112' title='bbox 161 1341 329 1401; x_wconf 81' lang='lat' dir='ltr'><strong>ditas</strong></span> <span class='ocrx_word' id='word_1_113' title='bbox 354 1345 714 1405; x_wconf 88' lang='lat' dir='ltr'><strong>consulatus</strong></span> <span class='ocrx_word' id='word_1_114' title='bbox 735 1377 802 1387; x_wconf 86' lang='lat'><em>-</em></span> <span class='ocrx_word' id='word_1_115' title='bbox 823 1341 1043 1414; x_wconf 84' lang='lat' dir='ltr'><strong>omnia,</strong></span> <span class='ocrx_word' id='word_1_116' title='bbox 1068 1359 1192 1407; x_wconf 84' lang='lat' dir='ltr'><strong>non</strong></span> <span class='ocrx_word' id='word_1_117' title='bbox 1217 1342 1403 1408; x_wconf 90' lang='lat' dir='ltr'><strong>modo</strong></span> <span class='ocrx_word' id='word_1_118' title='bbox 1428 1358 1589 1417; x_wconf 83' lang='lat' dir='ltr'><strong>quae</strong></span> <span class='ocrx_word' id='word_1_119' title='bbox 1610 1341 1977 1419; x_wconf 84' lang='lat' dir='ltr'><strong>reprehendi</strong></span> <span class='ocrx_word' id='word_1_120' title='bbox 2002 1341 2219 1415; x_wconf 84' lang='lat' dir='ltr'><strong>palam,</strong></span> 
     </span>
     <span class='ocr_line' id='line_1_16' title="bbox 163 1424 2218 1501; baseline -0.001 -18"><span class='ocrx_word' id='word_1_121' title='bbox 163 1425 283 1488; x_wconf 86' lang='lat' dir='ltr'><strong>sed</strong></span> <span class='ocrx_word' id='word_1_122' title='bbox 309 1424 488 1483; x_wconf 87' lang='lat' dir='ltr'><strong>etiam</strong></span> <span class='ocrx_word' id='word_1_123' title='bbox 509 1425 776 1487; x_wconf 82' lang='lat' dir='ltr'><strong>obscure</strong></span> <span class='ocrx_word' id='word_1_124' title='bbox 797 1442 960 1501; x_wconf 80' lang='lat' dir='ltr'><strong>quae</strong></span> <span class='ocrx_word' id='word_1_125' title='bbox 981 1426 1237 1500; x_wconf 83' lang='lat' dir='ltr'><strong>cogitari</strong></span> <span class='ocrx_word' id='word_1_126' title='bbox 1258 1433 1540 1501; x_wconf 86' lang='lat' dir='ltr'><strong>possunt,</strong></span> <span class='ocrx_word' id='word_1_127' title='bbox 1564 1426 1865 1493; x_wconf 81' lang='lat' dir='ltr'><strong>timemus,</strong></span> <span class='ocrx_word' id='word_1_128' title='bbox 1891 1439 2218 1493; x_wconf 88' lang='lat' dir='ltr'><strong>rumorem,</strong></span> 
     </span>
     <span class='ocr_line' id='line_1_17' title="bbox 169 1505 2221 1584; baseline -0.001 -19"><span class='ocrx_word' id='word_1_129' title='bbox 169 1507 436 1566; x_wconf 75' lang='lat' dir='ltr'><strong>fabulam</strong></span> <span class='ocrx_word' id='word_1_130' title='bbox 472 1508 714 1578; x_wconf 82' lang='lat' dir='ltr'><strong>falsam,</strong></span> <span class='ocrx_word' id='word_1_131' title='bbox 747 1510 968 1580; x_wconf 84' lang='lat' dir='ltr'><strong>fictam,</strong></span> <span class='ocrx_word' id='word_1_132' title='bbox 1005 1512 1206 1568; x_wconf 86' lang='lat' dir='ltr'><strong>levem</strong></span> <span class='ocrx_word' id='word_1_133' title='bbox 1236 1508 1782 1584; x_wconf 76' lang='lat' dir='ltr'><strong>perhorrescimus,</strong></span> <span class='ocrx_word' id='word_1_134' title='bbox 1814 1524 1925 1573; x_wconf 80' lang='lat' dir='ltr'><strong>ora</strong></span> <span class='ocrx_word' id='word_1_135' title='bbox 1954 1505 2221 1567; x_wconf 87' lang='lat' dir='ltr'><strong>omnium</strong></span> 
     </span>
     <span class='ocr_line' id='line_1_18' title="bbox 155 1585 2225 1663; baseline -0.001 -16"><span class='ocrx_word' id='word_1_136' title='bbox 155 1596 347 1663; x_wconf 87' lang='lat' dir='ltr'><strong>atque</strong></span> <span class='ocrx_word' id='word_1_137' title='bbox 369 1588 585 1649; x_wconf 86' lang='lat' dir='ltr'><strong>oculos</strong></span> <span class='ocrx_word' id='word_1_138' title='bbox 621 1588 938 1653; x_wconf 76' lang='lat' dir='ltr'><strong>intuemur.</strong></span> <span class='ocrx_word' id='word_1_139' title='bbox 1011 1585 1167 1647; x_wconf 89' lang='lat' dir='ltr'><strong>Nihil</strong></span> <span class='ocrx_word' id='word_1_140' title='bbox 1199 1594 1295 1647; x_wconf 78' lang='lat' dir='ltr'><strong>est</strong></span> <span class='ocrx_word' id='word_1_141' title='bbox 1324 1586 1483 1647; x_wconf 89' lang='lat' dir='ltr'><strong>enim</strong></span> <span class='ocrx_word' id='word_1_142' title='bbox 1512 1593 1635 1646; x_wconf 83' lang='lat' dir='ltr'><strong>tam</strong></span> <span class='ocrx_word' id='word_1_143' title='bbox 1668 1586 1877 1658; x_wconf 88' lang='lat' dir='ltr'><strong>molle,</strong></span> <span class='ocrx_word' id='word_1_144' title='bbox 1912 1594 2036 1648; x_wconf 84' lang='lat' dir='ltr'><strong>tam</strong></span> <span class='ocrx_word' id='word_1_145' title='bbox 2068 1594 2225 1648; x_wconf 81' lang='lat' dir='ltr'><strong>tene-</strong></span> 
     </span>
     <span class='ocr_line' id='line_1_19' title="bbox 151 1668 2227 1743; baseline -0.003 -12"><span class='ocrx_word' id='word_1_146' title='bbox 151 1686 324 1740; x_wconf 75' lang='lat' dir='ltr'><strong>rum,</strong></span> <span class='ocrx_word' id='word_1_147' title='bbox 373 1677 490 1731; x_wconf 81' lang='lat' dir='ltr'><strong>tam</strong></span> <span class='ocrx_word' id='word_1_148' title='bbox 538 1678 643 1729; x_wconf 86' lang='lat' dir='ltr'><strong>aut</strong></span> <span class='ocrx_word' id='word_1_149' title='bbox 687 1669 899 1743; x_wconf 79' lang='lat' dir='ltr'><strong>fragile</strong></span> <span class='ocrx_word' id='word_1_150' title='bbox 942 1677 1048 1729; x_wconf 79' lang='lat' dir='ltr'><strong>aut</strong></span> <span class='ocrx_word' id='word_1_151' title='bbox 1085 1668 1356 1729; x_wconf 84' lang='lat' dir='ltr'><strong>flexibile</strong></span> <span class='ocrx_word' id='word_1_152' title='bbox 1399 1684 1577 1743; x_wconf 85' lang='lat' dir='ltr'><strong>quam</strong></span> <span class='ocrx_word' id='word_1_153' title='bbox 1618 1668 1903 1733; x_wconf 83' lang='lat' dir='ltr'><strong>voluntas</strong></span> <span class='ocrx_word' id='word_1_154' title='bbox 1932 1684 2079 1741; x_wconf 80' lang='lat' dir='ltr'><strong>erga</strong></span> <span class='ocrx_word' id='word_1_155' title='bbox 2112 1681 2227 1727; x_wconf 82' lang='lat' dir='ltr'><strong>nos</strong></span> 
     </span>
     <span class='ocr_line' id='line_1_20' title="bbox 161 1748 2229 1826; baseline -0 -15"><span class='ocrx_word' id='word_1_156' title='bbox 161 1768 511 1826; x_wconf 84' lang='lat' dir='ltr'><strong>sensusque</strong></span> <span class='ocrx_word' id='word_1_157' title='bbox 535 1750 775 1824; x_wconf 85' lang='lat' dir='ltr'><strong>civium,</strong></span> <span class='ocrx_word' id='word_1_158' title='bbox 809 1752 912 1825; x_wconf 86' lang='lat' dir='ltr'><strong>qui</strong></span> <span class='ocrx_word' id='word_1_159' title='bbox 955 1768 1076 1815; x_wconf 81' lang='lat' dir='ltr'><strong>non</strong></span> <span class='ocrx_word' id='word_1_160' title='bbox 1112 1752 1295 1812; x_wconf 86' lang='lat' dir='ltr'><strong>modo</strong></span> <span class='ocrx_word' id='word_1_161' title='bbox 1322 1748 1689 1825; x_wconf 69' lang='lat' dir='ltr'><strong>improbitati</strong></span> <span class='ocrx_word' id='word_1_162' title='bbox 1710 1749 2057 1811; x_wconf 85' lang='lat' dir='ltr'><strong>irascuntur</strong></span> <span class='ocrx_word' id='word_1_163' title='bbox 2088 1764 2229 1810; x_wconf 83' lang='lat' dir='ltr'><strong>can·-</strong></span> 
     </span>
     <span class='ocr_line' id='line_1_21' title="bbox 155 1828 2217 1907; baseline -0 -14"><span class='ocrx_word' id='word_1_164' title='bbox 155 1834 504 1893; x_wconf 82' lang='lat' dir='ltr'><strong>didatorum</strong></span> <span class='ocrx_word' id='word_1_165' title='bbox 525 1878 539 1903; x_wconf 94' lang='lat'><strong>,</strong></span> <span class='ocrx_word' id='word_1_166' title='bbox 585 1833 697 1891; x_wconf 91' lang='lat' dir='ltr'><strong>sed</strong></span> <span class='ocrx_word' id='word_1_167' title='bbox 741 1831 918 1896; x_wconf 81' lang='lat' dir='ltr'><strong>etiam</strong></span> <span class='ocrx_word' id='word_1_168' title='bbox 953 1832 1013 1893; x_wconf 89' lang='lat' dir='ltr'><strong>in</strong></span> <span class='ocrx_word' id='word_1_169' title='bbox 1055 1840 1220 1893; x_wconf 84' lang='lat' dir='ltr'><strong>reete</strong></span> <span class='ocrx_word' id='word_1_170' title='bbox 1260 1830 1437 1894; x_wconf 85' lang='lat' dir='ltr'><strong>factis</strong></span> <span class='ocrx_word' id='word_1_171' title='bbox 1480 1847 1671 1907; x_wconf 84' lang='lat' dir='ltr'><strong>saepe</strong></span> <span class='ocrx_word' id='word_1_172' title='bbox 1710 1829 2041 1895; x_wconf 76' lang='lat' dir='ltr'><strong>fastidiunt.</strong></span> <span class='ocrx_word' id='word_1_173' title='bbox 2125 1828 2217 1892; x_wconf 82' lang='grc'><strong>43.</strong></span> 
     </span>
     <span class='ocr_line' id='line_1_22' title="bbox 165 1911 2226 1992; baseline -0.002 -17"><span class='ocrx_word' id='word_1_174' title='bbox 165 1914 336 1979; x_wconf 85' lang='lat' dir='ltr'><strong>Hunc</strong></span> <span class='ocrx_word' id='word_1_175' title='bbox 369 1914 550 1989; x_wconf 84' lang='lat' dir='ltr'><strong>igilur</strong></span> <span class='ocrx_word' id='word_1_176' title='bbox 581 1914 738 1973; x_wconf 89' lang='lat' dir='ltr'><strong>diem</strong></span> <span class='ocrx_word' id='word_1_177' title='bbox 773 1916 970 1992; x_wconf 86' lang='lat' dir='ltr'><strong>campi</strong></span> <span class='ocrx_word' id='word_1_178' title='bbox 1006 1921 1313 1989; x_wconf 81' lang='lat' dir='ltr'><strong>speratum</strong></span> <span class='ocrx_word' id='word_1_179' title='bbox 1345 1921 1532 1988; x_wconf 87' lang='lat' dir='ltr'><strong>atque</strong></span> <span class='ocrx_word' id='word_1_180' title='bbox 1556 1921 1909 1987; x_wconf 85' lang='lat' dir='ltr'><strong>exoptatum</strong></span> <span class='ocrx_word' id='word_1_181' title='bbox 1940 1911 2057 1975; x_wconf 88' lang='lat' dir='ltr'><strong>sibi</strong></span> <span class='ocrx_word' id='word_1_182' title='bbox 2090 1928 2226 1987; x_wconf 90' lang='lat' dir='ltr'><strong>pro-</strong></span> 
     </span>
     <span class='ocr_line' id='line_1_23' title="bbox 160 1990 2263 2077; baseline -0.002 -18"><span class='ocrx_word' id='word_1_183' title='bbox 160 2014 402 2077; x_wconf 78' lang='lat' dir='ltr'><strong>ponens</strong></span> <span class='ocrx_word' id='word_1_184' title='bbox 433 1997 608 2067; x_wconf 87' lang='lat' dir='ltr'><strong>Milo,</strong></span> <span class='ocrx_word' id='word_1_185' title='bbox 654 1996 922 2063; x_wconf 83' lang='lat' dir='ltr'><strong>cruentis</strong></span> <span class='ocrx_word' id='word_1_186' title='bbox 958 1997 1235 2061; x_wconf 84' lang='lat' dir='ltr'><strong>manibus</strong></span> <span class='ocrx_word' id='word_1_187' title='bbox 1266 1998 1471 2060; x_wconf 84' lang='lat' dir='ltr'><strong>scelus</strong></span> <span class='ocrx_word' id='word_1_188' title='bbox 1517 2005 1578 2060; x_wconf 85' lang='lat' dir='ltr'><strong>et</strong></span> <span class='ocrx_word' id='word_1_189' title='bbox 1607 1997 1843 2061; x_wconf 78' lang='lat' dir='ltr'><strong>facinus</strong></span> <span class='ocrx_word' id='word_1_190' title='bbox 1873 2009 2021 2069; x_wconf 87' lang='lat' dir='ltr'><strong>prae</strong></span> <span class='ocrx_word' id='word_1_191' title='bbox 2044 2010 2115 2055; x_wconf 88' lang='lat' dir='ltr'><strong>se</strong></span> <span class='ocrx_word' id='word_1_192' title='bbox 2144 1995 2225 2055; x_wconf 83' lang='lat' dir='ltr'><strong>fe·</strong></span> <span class='ocrx_word' id='word_1_193' title='bbox 2244 1990 2263 2001; x_wconf 74' lang='grc'><em>”</em></span> 
     </span>
     <span class='ocr_line' id='line_1_24' title="bbox 164 2076 2239 2155; baseline -0.003 -14"><span class='ocrx_word' id='word_1_194' title='bbox 164 2097 305 2141; x_wconf 86' lang='lat' dir='ltr'><strong>rens</strong></span> <span class='ocrx_word' id='word_1_195' title='bbox 337 2089 398 2141; x_wconf 86' lang='lat' dir='ltr'><strong>et</strong></span> <span class='ocrx_word' id='word_1_196' title='bbox 427 2080 758 2155; x_wconf 78' lang='lat' dir='ltr'><strong>confitenS,</strong></span> <span class='ocrx_word' id='word_1_197' title='bbox 799 2080 878 2143; x_wconf 89' lang='lat' dir='ltr'><strong>ad</strong></span> <span class='ocrx_word' id='word_1_198' title='bbox 919 2081 1020 2140; x_wconf 81' lang='lat' dir='ltr'><strong>illa</strong></span> <span class='ocrx_word' id='word_1_199' title='bbox 1062 2088 1322 2154; x_wconf 81' lang='lat' dir='ltr'><strong>augusta</strong></span> <span class='ocrx_word' id='word_1_200' title='bbox 1362 2078 1769 2149; x_wconf 78' lang='lat' dir='ltr'><strong>centuriarum</strong></span> <span class='ocrx_word' id='word_1_201' title='bbox 1812 2076 2093 2153; x_wconf 84' lang='lat' dir='ltr'><strong>auspicia</strong></span> <span class='ocrx_word' id='word_1_202' title='bbox 2128 2093 2239 2137; x_wconf 86' lang='lat' dir='ltr'><strong>ve-.</strong></span> 
     </span>
     <span class='ocr_line' id='line_1_25' title="bbox 163 2158 2231 2237; baseline -0.002 -14"><span class='ocrx_word' id='word_1_203' title='bbox 163 2163 406 2227; x_wconf 62' lang='lat' dir='ltr'><strong>niebati</strong></span> <span class='ocrx_word' id='word_1_204' title='bbox 447 2162 640 2237; x_wconf 81' lang='lat' dir='ltr'><strong>Quam</strong></span> <span class='ocrx_word' id='word_1_205' title='bbox 664 2162 786 2225; x_wconf 90' lang='lat' dir='ltr'><strong>hoc</strong></span> <span class='ocrx_word' id='word_1_206' title='bbox 821 2180 942 2226; x_wconf 88' lang='lat' dir='ltr'><strong>non</strong></span> <span class='ocrx_word' id='word_1_207' title='bbox 971 2162 1261 2223; x_wconf 85' lang='lat' dir='ltr'><strong>credibile</strong></span> <span class='ocrx_word' id='word_1_208' title='bbox 1293 2162 1358 2221; x_wconf 89' lang='lat' dir='ltr'><strong>in</strong></span> <span class='ocrx_word' id='word_1_209' title='bbox 1390 2162 1541 2223; x_wconf 82' lang='lat' dir='ltr'><strong>hoel</strong></span> <span class='ocrx_word' id='word_1_210' title='bbox 1628 2179 1769 2229; x_wconf 85' lang='lat' dir='ltr'><strong>uam</strong></span> <span class='ocrx_word' id='word_1_211' title='bbox 1812 2159 1975 2229; x_wconf 83' lang='lat' dir='ltr'><strong>idem</strong></span> <span class='ocrx_word' id='word_1_212' title='bbox 2002 2158 2063 2222; x_wconf 87' lang='lat' dir='ltr'><strong>in</strong></span> <span class='ocrx_word' id='word_1_213' title='bbox 2095 2158 2231 2219; x_wconf 90' lang='lat' dir='ltr'><strong>Clo-</strong></span> 
     </span>
     <span class='ocr_line' id='line_1_26' title="bbox 159 2243 2231 2321; baseline -0.003 -14"><span class='ocrx_word' id='word_1_214' title='bbox 159 2246 264 2307; x_wconf 82' lang='lat' dir='ltr'><strong>dio</strong></span> <span class='ocrx_word' id='word_1_215' title='bbox 291 2264 412 2307; x_wconf 89' lang='lat' dir='ltr'><strong>non</strong></span> <span class='ocrx_word' id='word_1_216' title='bbox 439 2245 837 2311; x_wconf 79' lang='lat' dir='ltr'><strong>dubitandum</strong></span> <span class='ocrx_word' id='word_1_217' title='bbox 869 2245 1012 2321; x_wconf 88' lang='lat' dir='ltr'><strong>quin</strong></span> <span class='ocrx_word' id='word_1_218' title='bbox 1041 2262 1112 2305; x_wconf 88' lang='lat' dir='ltr'><strong>se</strong></span> <span class='ocrx_word' id='word_1_219' title='bbox 1149 2244 1249 2307; x_wconf 89' lang='lat' dir='ltr'><strong>ille</strong></span> <span class='ocrx_word' id='word_1_220' title='bbox 1263 2246 1579 2305; x_wconf 77' lang='lat' dir='ltr'><strong>interfecto</strong></span> <span class='ocrx_word' id='word_1_221' title='bbox 1658 2243 1819 2307; x_wconf 87' lang='lat' dir='ltr'><strong>ilone</strong></span> <span class='ocrx_word' id='word_1_222' title='bbox 1843 2252 2231 2319; x_wconf 82' lang='lat' dir='ltr'><strong>regnaturum</strong></span> 
     </span>
     <span class='ocr_line' id='line_1_27' title="bbox 164 2323 2229 2406; baseline -0.002 -13"><span class='ocrx_word' id='word_1_223' title='bbox 164 2337 432 2406; x_wconf 78' lang='lat' dir='ltr'><strong>putaret!</strong></span> <span class='ocrx_word' id='word_1_224' title='bbox 467 2328 665 2403; x_wconf 73' lang='lat' dir='ltr'><strong>Quid?</strong></span> <span class='ocrx_word' id='word_1_225' title='bbox 699 2329 868 2405; x_wconf 85' lang='lat' dir='ltr'><strong>quod</strong></span> <span class='ocrx_word' id='word_1_226' title='bbox 900 2337 1083 2403; x_wconf 88' lang='lat' dir='ltr'><strong>caput</strong></span> <span class='ocrx_word' id='word_1_227' title='bbox 1123 2336 1239 2398; x_wconf 76' lang='lat' dir='ltr'><strong>est,</strong></span> <span class='ocrx_word' id='word_1_228' title='bbox 1252 2327 1577 2403; x_wconf 83' lang='lat' dir='ltr'><strong>audaciae,</strong></span> <span class='ocrx_word' id='word_1_229' title='bbox 1607 2326 1861 2405; x_wconf 79' lang='lat' dir='ltr'><strong>iudiceS,</strong></span> <span class='ocrx_word' id='word_1_230' title='bbox 1894 2325 2033 2401; x_wconf 89' lang='lat' dir='ltr'><strong>quis</strong></span> <span class='ocrx_word' id='word_1_231' title='bbox 2059 2323 2229 2399; x_wconf 84' lang='lat' dir='ltr'><strong>igno-</strong></span> 
     </span>
     <span class='ocr_line' id='line_1_28' title="bbox 162 2407 2227 2485; baseline -0.006 -10"><span class='ocrx_word' id='word_1_232' title='bbox 162 2422 257 2475; x_wconf 78' lang='lat' dir='ltr'><strong>rat</strong></span> <span class='ocrx_word' id='word_1_233' title='bbox 279 2411 602 2473; x_wconf 79' lang='lat' dir='ltr'><strong>maximam</strong></span> <span class='ocrx_word' id='word_1_234' title='bbox 632 2411 978 2475; x_wconf 81' lang='lat' dir='ltr'><strong>illecebram</strong></span> <span class='ocrx_word' id='word_1_235' title='bbox 1009 2426 1151 2473; x_wconf 91' lang='lat' dir='ltr'><strong>esse</strong></span> <span class='ocrx_word' id='word_1_236' title='bbox 1172 2410 1473 2485; x_wconf 84' lang='lat' dir='ltr'><strong>peccandi</strong></span> <span class='ocrx_word' id='word_1_237' title='bbox 1500 2408 1873 2485; x_wconf 85' lang='lat' dir='ltr'><strong>impunitatis</strong></span> <span class='ocrx_word' id='word_1_238' title='bbox 1904 2414 2125 2485; x_wconf 67' lang='lat' dir='ltr'><strong>spem?</strong></span> <span class='ocrx_word' id='word_1_239' title='bbox 2164 2407 2227 2465; x_wconf 87' lang='lat' dir='ltr'><strong>In</strong></span> 
     </span>
     <span class='ocr_line' id='line_1_29' title="bbox 161 2492 2235 2571; baseline -0.004 -14"><span class='ocrx_word' id='word_1_240' title='bbox 161 2506 296 2557; x_wconf 88' lang='lat' dir='ltr'><strong>utro</strong></span> <span class='ocrx_word' id='word_1_241' title='bbox 335 2494 517 2569; x_wconf 79' lang='lat' dir='ltr'><strong>igitur</strong></span> <span class='ocrx_word' id='word_1_242' title='bbox 556 2496 710 2561; x_wconf 81' lang='lat' dir='ltr'><strong>haec</strong></span> <span class='ocrx_word' id='word_1_243' title='bbox 753 2496 904 2557; x_wconf 66' lang='lat' dir='ltr'><strong>suit?</strong></span> <span class='ocrx_word' id='word_1_244' title='bbox 940 2494 1004 2554; x_wconf 89' lang='lat' dir='ltr'><strong>in</strong></span> <span class='ocrx_word' id='word_1_245' title='bbox 1041 2494 1299 2566; x_wconf 88' lang='lat' dir='ltr'><strong>Milone,</strong></span> <span class='ocrx_word' id='word_1_246' title='bbox 1357 2492 1463 2571; x_wconf 85' lang='lat' dir='ltr'><strong>qui</strong></span> <span class='ocrx_word' id='word_1_247' title='bbox 1515 2493 1695 2561; x_wconf 80' lang='lat' dir='ltr'><strong>etiam</strong></span> <span class='ocrx_word' id='word_1_248' title='bbox 1752 2508 1913 2557; x_wconf 88' lang='lat' dir='ltr'><strong>nunc</strong></span> <span class='ocrx_word' id='word_1_249' title='bbox 1951 2506 2095 2554; x_wconf 89' lang='lat' dir='ltr'><strong>reus</strong></span> <span class='ocrx_word' id='word_1_250' title='bbox 2138 2496 2235 2549; x_wconf 88' lang='lat' dir='ltr'><strong>est</strong></span> 
     </span>
     <span class='ocr_line' id='line_1_30' title="bbox 163 2570 2233 2653; baseline -0.004 -14"><span class='ocrx_word' id='word_1_251' title='bbox 163 2578 304 2641; x_wconf 81' lang='lat' dir='ltr'><strong>facti</strong></span> <span class='ocrx_word' id='word_1_252' title='bbox 332 2587 437 2641; x_wconf 87' lang='lat' dir='ltr'><strong>aut</strong></span> <span class='ocrx_word' id='word_1_253' title='bbox 459 2578 762 2653; x_wconf 84' lang='lat' dir='ltr'><strong>praeclari</strong></span> <span class='ocrx_word' id='word_1_254' title='bbox 791 2589 900 2644; x_wconf 75' lang='lat' dir='ltr'><strong>aut</strong></span> <span class='ocrx_word' id='word_1_255' title='bbox 925 2586 1089 2641; x_wconf 89' lang='lat' dir='ltr'><strong>certe</strong></span> <span class='ocrx_word' id='word_1_256' title='bbox 1122 2576 1493 2650; x_wconf 83' lang='lat' dir='ltr'><strong>necessarii,</strong></span> <span class='ocrx_word' id='word_1_257' title='bbox 1531 2593 1607 2635; x_wconf 86' lang='lat' dir='ltr'><strong>an</strong></span> <span class='ocrx_word' id='word_1_258' title='bbox 1644 2575 1703 2637; x_wconf 89' lang='lat' dir='ltr'><strong>in</strong></span> <span class='ocrx_word' id='word_1_259' title='bbox 1735 2574 1967 2647; x_wconf 87' lang='lat' dir='ltr'><strong>Clodio,</strong></span> <span class='ocrx_word' id='word_1_260' title='bbox 2014 2571 2119 2647; x_wconf 89' lang='lat' dir='ltr'><strong>qui</strong></span> <span class='ocrx_word' id='word_1_261' title='bbox 2150 2570 2233 2631; x_wconf 85' lang='lat' dir='ltr'><strong>ita</strong></span> 
     </span>
     <span class='ocr_line' id='line_1_31' title="bbox 165 2657 2232 2739; baseline -0.005 -16"><span class='ocrx_word' id='word_1_262' title='bbox 165 2660 390 2725; x_wconf 87' lang='lat' dir='ltr'><strong>iudicia</strong></span> <span class='ocrx_word' id='word_1_263' title='bbox 442 2678 833 2739; x_wconf 82' lang='lat' dir='ltr'><strong>poenamque</strong></span> <span class='ocrx_word' id='word_1_264' title='bbox 885 2666 1366 2736; x_wconf 65' lang='lat' dir='ltr'><strong>contempserat,</strong></span> <span class='ocrx_word' id='word_1_265' title='bbox 1417 2668 1483 2721; x_wconf 86' lang='lat' dir='ltr'><strong>ut</strong></span> <span class='ocrx_word' id='word_1_266' title='bbox 1531 2675 1670 2719; x_wconf 89' lang='lat' dir='ltr'><strong>eum</strong></span> <span class='ocrx_word' id='word_1_267' title='bbox 1715 2657 1863 2721; x_wconf 89' lang='lat' dir='ltr'><strong>nihil</strong></span> <span class='ocrx_word' id='word_1_268' title='bbox 1902 2657 2232 2717; x_wconf 86' lang='lat' dir='ltr'><strong>delectaret</strong></span> 
     </span>
     <span class='ocr_line' id='line_1_32' title="bbox 163 2739 1995 2821; baseline -0.004 -16"><span class='ocrx_word' id='word_1_269' title='bbox 163 2745 332 2821; x_wconf 88' lang='lat' dir='ltr'><strong>quod</strong></span> <span class='ocrx_word' id='word_1_270' title='bbox 362 2754 466 2806; x_wconf 82' lang='lat' dir='ltr'><strong>aut</strong></span> <span class='ocrx_word' id='word_1_271' title='bbox 491 2760 603 2817; x_wconf 88' lang='lat' dir='ltr'><strong>per</strong></span> <span class='ocrx_word' id='word_1_272' title='bbox 636 2754 910 2806; x_wconf 85' lang='lat' dir='ltr'><strong>naturam</strong></span> <span class='ocrx_word' id='word_1_273' title='bbox 941 2746 1034 2807; x_wconf 80' lang='lat' dir='ltr'><strong>fas</strong></span> <span class='ocrx_word' id='word_1_274' title='bbox 1065 2751 1232 2804; x_wconf 86' lang='lat' dir='ltr'><strong>esset</strong></span> <span class='ocrx_word' id='word_1_275' title='bbox 1258 2750 1363 2803; x_wconf 83' lang='lat' dir='ltr'><strong>aut</strong></span> <span class='ocrx_word' id='word_1_276' title='bbox 1394 2757 1505 2817; x_wconf 79' lang='lat' dir='ltr'><strong>per</strong></span> <span class='ocrx_word' id='word_1_277' title='bbox 1534 2742 1703 2816; x_wconf 80' lang='lat' dir='ltr'><strong>leges</strong></span> <span class='ocrx_word' id='word_1_278' title='bbox 1736 2739 1995 2805; x_wconf 60' lang='lat' dir='ltr'><strong>liceret?</strong></span> 
     </span>
    </p>

    <p class='ocr_par' dir='ltr' id='par_1_4' title="bbox 166 2818 2233 3399">
     <span class='ocr_line' id='line_1_33' title="bbox 282 2818 2229 2904; baseline -0.005 -17"><span class='ocrx_word' id='word_1_279' title='bbox 282 2822 385 2887; x_wconf 79' lang='lat'><strong>44.</strong></span> <span class='ocrx_word' id='word_1_280' title='bbox 443 2826 566 2889; x_wconf 87' lang='lat' dir='ltr'><strong>Sed</strong></span> <span class='ocrx_word' id='word_1_281' title='bbox 598 2826 747 2901; x_wconf 84' lang='lat' dir='ltr'><strong>quid</strong></span> <span class='ocrx_word' id='word_1_282' title='bbox 776 2842 891 2901; x_wconf 83' lang='lat' dir='ltr'><strong>ego</strong></span> <span class='ocrx_word' id='word_1_283' title='bbox 927 2832 1358 2904; x_wconf 67' lang='lat' dir='ltr'><strong>argumentor?</strong></span> <span class='ocrx_word' id='word_1_284' title='bbox 1401 2823 1550 2898; x_wconf 81' lang='lat' dir='ltr'><strong>quid</strong></span> <span class='ocrx_word' id='word_1_285' title='bbox 1583 2826 1759 2899; x_wconf 82' lang='lat' dir='ltr'><strong>plura</strong></span> <span class='ocrx_word' id='word_1_286' title='bbox 1786 2820 2079 2896; x_wconf 67' lang='lat' dir='ltr'><strong>disputo?</strong></span> <span class='ocrx_word' id='word_1_287' title='bbox 2125 2818 2229 2891; x_wconf 88' lang='lat' dir='ltr'><strong>Te,</strong></span> 
     </span>
     <span class='ocr_line' id='line_1_34' title="bbox 168 2902 2233 2985; baseline -0.004 -16"><span class='ocrx_word' id='word_1_288' title='bbox 168 2910 236 2985; x_wconf 80' lang='lat' dir='ltr'><strong>Q.</strong></span> <span class='ocrx_word' id='word_1_289' title='bbox 257 2908 447 2983; x_wconf 86' lang='lat' dir='ltr'><strong>Petili,</strong></span> <span class='ocrx_word' id='word_1_290' title='bbox 479 2909 744 2985; x_wconf 86' lang='lat' dir='ltr'><strong>appello,</strong></span> <span class='ocrx_word' id='word_1_291' title='bbox 779 2908 1070 2985; x_wconf 84' lang='lat' dir='ltr'><strong>optimum</strong></span> <span class='ocrx_word' id='word_1_292' title='bbox 1096 2916 1157 2969; x_wconf 89' lang='lat' dir='ltr'><strong>et</strong></span> <span class='ocrx_word' id='word_1_293' title='bbox 1186 2905 1577 2971; x_wconf 77' lang='lat' dir='ltr'><strong>fortissimum</strong></span> <span class='ocrx_word' id='word_1_294' title='bbox 1602 2905 1829 2973; x_wconf 76' lang='lat' dir='ltr'><strong>civem:</strong></span> <span class='ocrx_word' id='word_1_295' title='bbox 1863 2913 1938 2977; x_wconf 85' lang='lat' dir='ltr'><strong>te,</strong></span> <span class='ocrx_word' id='word_1_296' title='bbox 1960 2902 2040 2963; x_wconf 92' lang='grc' dir='ltr'><strong>Μ.</strong></span> <span class='ocrx_word' id='word_1_297' title='bbox 2066 2902 2233 2973; x_wconf 83' lang='lat' dir='ltr'><strong>Cato,</strong></span> 
     </span>
     <span class='ocr_line' id='line_1_35' title="bbox 171 2986 2231 3067; baseline -0.006 -12"><span class='ocrx_word' id='word_1_298' title='bbox 171 3001 386 3065; x_wconf 87' lang='lat' dir='ltr'><strong>testor,</strong></span> <span class='ocrx_word' id='word_1_299' title='bbox 433 3008 591 3067; x_wconf 90' lang='lat' dir='ltr'><strong>quos</strong></span> <span class='ocrx_word' id='word_1_300' title='bbox 621 2990 767 3053; x_wconf 81' lang='lat' dir='ltr'><strong>mihi</strong></span> <span class='ocrx_word' id='word_1_301' title='bbox 795 2990 1002 3056; x_wconf 81' lang='lat' dir='ltr'><strong>divina</strong></span> <span class='ocrx_word' id='word_1_302' title='bbox 1032 2989 1334 3065; x_wconf 79' lang='lat' dir='ltr'><strong>quaedam</strong></span> <span class='ocrx_word' id='word_1_303' title='bbox 1369 3006 1507 3051; x_wconf 89' lang='lat' dir='ltr'><strong>sors</strong></span> <span class='ocrx_word' id='word_1_304' title='bbox 1549 2988 1714 3048; x_wconf 82' lang='lat' dir='ltr'><strong>dedit</strong></span> <span class='ocrx_word' id='word_1_305' title='bbox 1754 2986 2013 3053; x_wconf 84' lang='lat' dir='ltr'><strong>iudices.</strong></span> <span class='ocrx_word' id='word_1_306' title='bbox 2096 2986 2231 3043; x_wconf 88' lang='lat' dir='ltr'><strong>Vos</strong></span> 
     </span>
     <span class='ocr_line' id='line_1_36' title="bbox 166 3065 2232 3140; baseline -0.006 -3"><span class='ocrx_word' id='word_1_307' title='bbox 166 3092 248 3137; x_wconf 86' lang='lat' dir='ltr'><strong>ex</strong></span> <span class='ocrx_word' id='word_1_308' title='bbox 271 3076 352 3137; x_wconf 79' lang='lat' dir='ltr'><strong>M.</strong></span> <span class='ocrx_word' id='word_1_309' title='bbox 379 3073 654 3137; x_wconf 83' lang='lat' dir='ltr'><strong>Favonio</strong></span> <span class='ocrx_word' id='word_1_310' title='bbox 697 3073 956 3139; x_wconf 81' lang='lat' dir='ltr'><strong>audistis</strong></span> <span class='ocrx_word' id='word_1_311' title='bbox 988 3072 1265 3140; x_wconf 83' lang='lat' dir='ltr'><strong>clodium</strong></span> <span class='ocrx_word' id='word_1_312' title='bbox 1308 3070 1424 3133; x_wconf 90' lang='lat' dir='ltr'><strong>sibi</strong></span> <span class='ocrx_word' id='word_1_313' title='bbox 1450 3070 1685 3139; x_wconf 86' lang='lat' dir='ltr'><strong>dixisse</strong></span> <span class='ocrx_word' id='word_1_314' title='bbox 1714 3078 1776 3132; x_wconf 72' lang='lat' dir='ltr'><strong>et</strong></span> <span class='ocrx_word' id='word_1_315' title='bbox 1801 3067 2059 3133; x_wconf 78' lang='lat' dir='ltr'><strong>audistis</strong></span> <span class='ocrx_word' id='word_1_316' title='bbox 2089 3065 2232 3128; x_wconf 89' lang='lat' dir='ltr'><strong>vivo</strong></span> 
     </span>
     <span class='ocr_line' id='line_1_37' title="bbox 169 3152 2231 3238; baseline -0.005 -19"><span class='ocrx_word' id='word_1_317' title='bbox 169 3158 377 3220; x_wconf 84' lang='lat' dir='ltr'><strong>Clodio</strong></span> <span class='ocrx_word' id='word_1_318' title='bbox 421 3158 748 3235; x_wconf 88' lang='lat' dir='ltr'><strong>periturum</strong></span> <span class='ocrx_word' id='word_1_319' title='bbox 777 3156 1061 3220; x_wconf 83' lang='lat' dir='ltr'><strong>Milonem</strong></span> <span class='ocrx_word' id='word_1_320' title='bbox 1103 3154 1325 3219; x_wconf 85' lang='lat' dir='ltr'><strong>triduo.</strong></span> <span class='ocrx_word' id='word_1_321' title='bbox 1408 3154 1555 3215; x_wconf 88' lang='lat' dir='ltr'><strong>Post</strong></span> <span class='ocrx_word' id='word_1_322' title='bbox 1589 3152 1747 3221; x_wconf 81' lang='lat' dir='ltr'><strong>diem</strong></span> <span class='ocrx_word' id='word_1_323' title='bbox 1788 3153 2024 3221; x_wconf 78' lang='lat' dir='ltr'><strong>tertium</strong></span> <span class='ocrx_word' id='word_1_324' title='bbox 2058 3156 2231 3238; x_wconf 69' lang='lat' dir='ltr'><strong>gesta</strong></span> 
     </span>
     <span class='ocr_line' id='line_1_38' title="bbox 171 3230 2232 3319; baseline -0.006 -19"><span class='ocrx_word' id='word_1_325' title='bbox 171 3257 268 3301; x_wconf 87' lang='lat' dir='ltr'><strong>res</strong></span> <span class='ocrx_word' id='word_1_326' title='bbox 298 3248 395 3301; x_wconf 90' lang='lat' dir='ltr'><strong>est</strong></span> <span class='ocrx_word' id='word_1_327' title='bbox 423 3258 604 3319; x_wconf 86' lang='lat' dir='ltr'><strong>quam</strong></span> <span class='ocrx_word' id='word_1_328' title='bbox 634 3240 890 3304; x_wconf 83' lang='lat' dir='ltr'><strong>dixerat.</strong></span> <span class='ocrx_word' id='word_1_329' title='bbox 977 3239 1172 3317; x_wconf 73' lang='lat' dir='ltr'><strong>Quum</strong></span> <span class='ocrx_word' id='word_1_330' title='bbox 1201 3236 1303 3303; x_wconf 85' lang='lat' dir='ltr'><strong>ille</strong></span> <span class='ocrx_word' id='word_1_331' title='bbox 1332 3254 1453 3301; x_wconf 88' lang='lat' dir='ltr'><strong>non</strong></span> <span class='ocrx_word' id='word_1_332' title='bbox 1490 3234 1774 3299; x_wconf 75' lang='lat' dir='ltr'><strong>dubitarit</strong></span> <span class='ocrx_word' id='word_1_333' title='bbox 1817 3232 2055 3309; x_wconf 87' lang='lat' dir='ltr'><strong>aperire</strong></span> <span class='ocrx_word' id='word_1_334' title='bbox 2090 3230 2232 3305; x_wconf 75' lang='lat' dir='ltr'><strong>quid</strong></span> 
     </span>
     <span class='ocr_line' id='line_1_39' title="bbox 171 3311 2233 3399; baseline -0.005 -17"><span class='ocrx_word' id='word_1_335' title='bbox 171 3321 478 3396; x_wconf 81' lang='lat' dir='ltr'><strong>cogitaret,</strong></span> <span class='ocrx_word' id='word_1_336' title='bbox 511 3340 623 3384; x_wconf 89' lang='lat' dir='ltr'><strong>vos</strong></span> <span class='ocrx_word' id='word_1_337' title='bbox 646 3322 904 3399; x_wconf 78' lang='lat' dir='ltr'><strong>potestis</strong></span> <span class='ocrx_word' id='word_1_338' title='bbox 925 3320 1202 3386; x_wconf 86' lang='lat' dir='ltr'><strong>dubitare</strong></span> <span class='ocrx_word' id='word_1_339' title='bbox 1240 3319 1388 3396; x_wconf 87' lang='lat' dir='ltr'><strong>quid</strong></span> <span class='ocrx_word' id='word_1_340' title='bbox 1421 3319 1671 3380; x_wconf 68' lang='lat' dir='ltr'><strong>fecerit?</strong></span> <span class='ocrx_word' id='word_1_341' title='bbox 1698 3316 1885 3377; x_wconf 85' lang='lat' dir='ltr'>XVII.</span> <span class='ocrx_word' id='word_1_342' title='bbox 1918 3312 2021 3383; x_wconf 80' lang='lat'><strong>45.</strong></span> <span class='ocrx_word' id='word_1_343' title='bbox 2048 3311 2233 3391; x_wconf 82' lang='lat' dir='ltr'><strong>Quem</strong></span> 
     </span>
    </p>
   </div>
  </div>
 </body>
</html>
