<?xml version="1.0" encoding="UTF-8"?>
<!DOCTYPE html PUBLIC "-//W3C//DTD XHTML 1.0 Transitional//EN"
    "http://www.w3.org/TR/xhtml1/DTD/xhtml1-transitional.dtd">
<html xmlns="http://www.w3.org/1999/xhtml" xml:lang="en" lang="en">
 <head>
  <title>
</title>
<meta http-equiv="Content-Type" content="text/html;charset=utf-8" />
  <meta name='ocr-system' content='tesseract 3.04.00' />
  <meta name='ocr-capabilities' content='ocr_page ocr_carea ocr_par ocr_line ocrx_word'/>
</head>
<body>
  <div class='ocr_page' id='page_1' title='image "./mtulliiciceroni00klotgoog_0022.png"; bbox 0 0 2459 3817; ppageno 0'>
   <div class='ocr_carea' id='block_1_1' title="bbox 793 134 2229 204">
    <p class='ocr_par' dir='ltr' id='par_1_1' title="bbox 793 134 2229 204">
     <span class='ocr_line' id='line_1_1' title="bbox 793 134 2229 204; baseline 0.005 -12"><span class='ocrx_word' id='word_1_1' title='bbox 793 134 956 194; x_wconf 80' lang='lat' dir='ltr'><strong>CAP.</strong></span> <span class='ocrx_word' id='word_1_2' title='bbox 1005 144 1243 198; x_wconf 77' lang='lat'><strong>12—15.</strong></span> <span class='ocrx_word' id='word_1_3' title='bbox 1288 144 1340 204; x_wconf 83' lang='lat' dir='ltr'><strong>s.</strong></span> <span class='ocrx_word' id='word_1_4' title='bbox 1384 148 1621 201; x_wconf 72' lang='lat'><strong>33—42.</strong></span> <span class='ocrx_word' id='word_1_5' title='bbox 2160 138 2229 199; x_wconf 93' lang='lat'><strong>11</strong></span> 
     </span>
    </p>
   </div>
   <div class='ocr_carea' id='block_1_2' title="bbox 149 299 2237 793">
    <p class='ocr_par' dir='ltr' id='par_1_2' title="bbox 149 299 2237 793">
     <span class='ocr_line' id='line_1_2' title="bbox 153 299 2237 381; baseline 0.008 -29"><span class='ocrx_word' id='word_1_6' title='bbox 153 299 484 361; x_wconf 54' lang='lat' dir='ltr'><strong>suun-ut</strong></span> <span class='ocrx_word' id='word_1_7' title='bbox 511 310 566 354; x_wconf 77' lang='lat'><strong>3.</strong></span> <span class='ocrx_word' id='word_1_8' title='bbox 598 299 843 370; x_wconf 90' lang='lat' dir='ltr'><strong>quando</strong></span> <span class='ocrx_word' id='word_1_9' title='bbox 883 299 1154 359; x_wconf 86' lang='lat' dir='ltr'><strong>auditum</strong></span> <span class='ocrx_word' id='word_1_10' title='bbox 1188 300 1295 373; x_wconf 90' lang='lat' dir='ltr'><strong>sit,</strong></span> <span class='ocrx_word' id='word_1_11' title='bbox 1335 303 1602 376; x_wconf 83' lang='lat' dir='ltr'>portenti</span> <span class='ocrx_word' id='word_1_12' title='bbox 1640 320 1714 364; x_wconf 88' lang='lat' dir='ltr'><strong>ac</strong></span> <span class='ocrx_word' id='word_1_13' title='bbox 1756 304 2014 381; x_wconf 82' lang='lat' dir='ltr'><strong>prodigii</strong></span> <span class='ocrx_word' id='word_1_14' title='bbox 2043 306 2237 368; x_wconf 90' lang='lat' dir='ltr'><strong>simile</strong></span> 
     </span>
     <span class='ocr_line' id='line_1_3' title="bbox 158 380 2236 462; baseline 0.008 -29"><span class='ocrx_word' id='word_1_15' title='bbox 158 382 575 449; x_wconf 76' lang='lat' dir='ltr'><strong>numeretur,</strong></span> <span class='ocrx_word' id='word_1_16' title='bbox 620 380 838 453; x_wconf 89' lang='lat' dir='ltr'><strong>quibus</strong></span> <span class='ocrx_word' id='word_1_17' title='bbox 868 382 1112 441; x_wconf 82' lang='lat' dir='ltr'><strong>tandem</strong></span> <span class='ocrx_word' id='word_1_18' title='bbox 1145 388 1287 456; x_wconf 87' lang='lat' dir='ltr'><strong>[tu],</strong></span> <span class='ocrx_word' id='word_1_19' title='bbox 1320 386 1383 444; x_wconf 91' lang='lat' dir='ltr'><strong>C.</strong></span> <span class='ocrx_word' id='word_1_20' title='bbox 1414 385 1613 457; x_wconf 81' lang='lat' dir='ltr'><strong>Eruci,</strong></span> <span class='ocrx_word' id='word_1_21' title='bbox 1661 388 2032 462; x_wconf 82' lang='lat' dir='ltr'><strong>argumentis</strong></span> <span class='ocrx_word' id='word_1_22' title='bbox 2062 407 2236 450; x_wconf 89' lang='lat' dir='ltr'><strong>accu-</strong></span> 
     </span>
     <span class='ocr_line' id='line_1_4' title="bbox 153 464 2236 553; baseline 0.008 -37"><span class='ocrx_word' id='word_1_23' title='bbox 153 466 460 553; x_wconf 67' lang='lat' dir='ltr'><strong>satorem</strong></span> <span class='ocrx_word' id='word_1_24' title='bbox 491 474 710 523; x_wconf 83' lang='lat' dir='ltr'><strong>censes</strong></span> <span class='ocrx_word' id='word_1_25' title='bbox 741 464 826 523; x_wconf 91' lang='lat' dir='ltr'><strong>uti</strong></span> <span class='ocrx_word' id='word_1_26' title='bbox 857 466 1185 537; x_wconf 79' lang='lat' dir='ltr'><strong>oportere?</strong></span> <span class='ocrx_word' id='word_1_27' title='bbox 1252 468 1468 527; x_wconf 87' lang='lat' dir='ltr'><strong>Nonne</strong></span> <span class='ocrx_word' id='word_1_28' title='bbox 1500 476 1560 527; x_wconf 91' lang='lat' dir='ltr'><strong>et</strong></span> <span class='ocrx_word' id='word_1_29' title='bbox 1589 468 1907 529; x_wconf 75' lang='lat' dir='ltr'><strong>audaciam</strong></span> <span class='ocrx_word' id='word_1_30' title='bbox 1936 473 2099 545; x_wconf 80' lang='lat' dir='ltr'><strong>eiuS,</strong></span> <span class='ocrx_word' id='word_1_31' title='bbox 2134 472 2236 545; x_wconf 90' lang='lat' dir='ltr'><strong>qui</strong></span> 
     </span>
     <span class='ocr_line' id='line_1_5' title="bbox 151 540 2236 622; baseline 0.007 -23"><span class='ocrx_word' id='word_1_32' title='bbox 151 558 235 599; x_wconf 84' lang='lat' dir='ltr'><strong>m</strong></span> <span class='ocrx_word' id='word_1_33' title='bbox 273 540 510 601; x_wconf 84' lang='lat' dir='ltr'><strong>crimen</strong></span> <span class='ocrx_word' id='word_1_34' title='bbox 538 551 814 617; x_wconf 88' lang='lat' dir='ltr'><strong>vocetur,</strong></span> <span class='ocrx_word' id='word_1_35' title='bbox 857 546 1225 622; x_wconf 84' lang='lat' dir='ltr'><strong>singularem</strong></span> <span class='ocrx_word' id='word_1_36' title='bbox 1257 549 1584 609; x_wconf 84' lang='lat' dir='ltr'><strong>ostendere</strong></span> <span class='ocrx_word' id='word_1_37' title='bbox 1615 560 1675 612; x_wconf 88' lang='lat' dir='ltr'><strong>et</strong></span> <span class='ocrx_word' id='word_1_38' title='bbox 1702 568 1906 613; x_wconf 89' lang='lat' dir='ltr'><strong>mores</strong></span> <span class='ocrx_word' id='word_1_39' title='bbox 1935 555 2102 616; x_wconf 86' lang='lat' dir='ltr'><strong>feros</strong></span> <span class='ocrx_word' id='word_1_40' title='bbox 2132 556 2236 614; x_wconf 88' lang='lat' dir='ltr'><strong>im·</strong></span> 
     </span>
     <span class='ocr_line' id='line_1_6' title="bbox 149 628 2230 709; baseline 0.007 -26"><span class='ocrx_word' id='word_1_41' title='bbox 149 636 554 697; x_wconf 82' lang='lat' dir='ltr'><strong>manemque</strong></span> <span class='ocrx_word' id='word_1_42' title='bbox 581 634 855 688; x_wconf 81' lang='lat' dir='ltr'><strong>naturam</strong></span> <span class='ocrx_word' id='word_1_43' title='bbox 889 635 950 688; x_wconf 91' lang='lat' dir='ltr'><strong>et</strong></span> <span class='ocrx_word' id='word_1_44' title='bbox 989 628 1173 689; x_wconf 86' lang='lat' dir='ltr'><strong>vitam</strong></span> <span class='ocrx_word' id='word_1_45' title='bbox 1203 631 1369 691; x_wconf 87' lang='lat' dir='ltr'><strong>vitiis</strong></span> <span class='ocrx_word' id='word_1_46' title='bbox 1412 630 1779 709; x_wconf 83' lang='lat' dir='ltr'><strong>flagitiisque</strong></span> <span class='ocrx_word' id='word_1_47' title='bbox 1820 635 2103 698; x_wconf 88' lang='lat' dir='ltr'><strong>omnibus</strong></span> <span class='ocrx_word' id='word_1_48' title='bbox 2133 638 2230 697; x_wconf 88' lang='lat' dir='ltr'><strong>de-</strong></span> 
     </span>
     <span class='ocr_line' id='line_1_7' title="bbox 149 706 2234 793; baseline 0.005 -26"><span class='ocrx_word' id='word_1_49' title='bbox 149 707 368 767; x_wconf 84' lang='lat' dir='ltr'><strong>ditam</strong></span> <span class='ocrx_word' id='word_1_50' title='bbox 404 714 466 766; x_wconf 88' lang='lat' dir='ltr'><strong>et</strong></span> <span class='ocrx_word' id='word_1_51' title='bbox 509 706 775 784; x_wconf 88' lang='lat' dir='ltr'><strong>denique</strong></span> <span class='ocrx_word' id='word_1_52' title='bbox 815 712 1016 771; x_wconf 83' lang='lat' dir='ltr'><strong>omnia</strong></span> <span class='ocrx_word' id='word_1_53' title='bbox 1057 713 1132 771; x_wconf 90' lang='lat' dir='ltr'><strong>ad</strong></span> <span class='ocrx_word' id='word_1_54' title='bbox 1171 714 1499 787; x_wconf 88' lang='lat' dir='ltr'><strong>perniciem</strong></span> <span class='ocrx_word' id='word_1_55' title='bbox 1528 716 1854 793; x_wconf 86' lang='lat' dir='ltr'><strong>profligata</strong></span> <span class='ocrx_word' id='word_1_56' title='bbox 1883 724 2071 792; x_wconf 88' lang='lat' dir='ltr'><strong>atque</strong></span> <span class='ocrx_word' id='word_1_57' title='bbox 2098 735 2234 793; x_wconf 87' lang='lat' dir='ltr'><strong>per-</strong></span> 
     </span>
    </p>
   </div>
   <div class='ocr_carea' id='block_1_3' title="bbox 146 789 2233 1022">
    <p class='ocr_par' dir='ltr' id='par_1_3' title="bbox 146 789 2233 1022">
     <span class='ocr_line' id='line_1_8' title="bbox 149 789 2233 875; baseline 0.006 -27"><span class='ocrx_word' id='word_1_58' title='bbox 149 789 348 849; x_wconf 78' lang='lat' dir='ltr'><strong>dita?</strong></span> <span class='ocrx_word' id='word_1_59' title='bbox 379 790 652 863; x_wconf 81' lang='lat' dir='ltr'><strong>Quorum</strong></span> <span class='ocrx_word' id='word_1_60' title='bbox 683 800 749 853; x_wconf 85' lang='lat' dir='ltr'><strong>tu</strong></span> <span class='ocrx_word' id='word_1_61' title='bbox 776 792 922 854; x_wconf 88' lang='lat' dir='ltr'><strong>nihil</strong></span> <span class='ocrx_word' id='word_1_62' title='bbox 955 793 1011 851; x_wconf 89' lang='lat' dir='ltr'><strong>in</strong></span> <span class='ocrx_word' id='word_1_63' title='bbox 1039 794 1180 853; x_wconf 86' lang='lat' dir='ltr'><strong>Sex.</strong></span> <span class='ocrx_word' id='word_1_64' title='bbox 1205 796 1496 857; x_wconf 84' lang='lat' dir='ltr'><strong>Roscium</strong></span> <span class='ocrx_word' id='word_1_65' title='bbox 1528 812 1607 858; x_wconf 89' lang='lat' dir='ltr'><strong>no</strong></span> <span class='ocrx_word' id='word_1_66' title='bbox 1634 800 1958 861; x_wconf 86' lang='lat' dir='ltr'><strong>obiiciendi</strong></span> <span class='ocrx_word' id='word_1_67' title='bbox 1990 800 2233 875; x_wconf 90' lang='lat' dir='ltr'><strong>quidem</strong></span> 
     </span>
     <span class='ocr_line' id='line_1_9' title="bbox 146 873 780 933; baseline 0 -2"><span class='ocrx_word' id='word_1_68' title='bbox 146 888 372 933; x_wconf 79' lang='lat' dir='ltr'><strong>causa</strong></span> <span class='ocrx_word' id='word_1_69' title='bbox 402 873 729 933; x_wconf 82' lang='lat' dir='ltr'><strong>contulisti.</strong></span> <span class='ocrx_word' id='word_1_70' title='bbox 774 920 780 925; x_wconf 96' lang='lat'><strong>.</strong></span> 
     </span>
     <span class='ocr_line' id='line_1_10' title="bbox 351 942 2231 1022; baseline 0.003 -18"><span class='ocrx_word' id='word_1_71' title='bbox 351 946 512 1004; x_wconf 87' lang='lat' dir='ltr'>XIV.</span> <span class='ocrx_word' id='word_1_72' title='bbox 555 942 658 1005; x_wconf 84' lang='lat'><strong>39.</strong></span> <span class='ocrx_word' id='word_1_73' title='bbox 719 946 954 1005; x_wconf 88' lang='lat' dir='ltr'><strong>Patrem</strong></span> <span class='ocrx_word' id='word_1_74' title='bbox 1006 946 1228 1007; x_wconf 74' lang='lat' dir='ltr'><strong>occidit</strong></span> <span class='ocrx_word' id='word_1_75' title='bbox 1278 947 1422 1006; x_wconf 84' lang='lat' dir='ltr'><strong>Sex.</strong></span> <span class='ocrx_word' id='word_1_76' title='bbox 1476 949 1758 1008; x_wconf 77' lang='lat' dir='ltr'><strong>Rosmus.</strong></span> <span class='ocrx_word' id='word_1_77' title='bbox 1845 951 1957 1022; x_wconf 71' lang='lat' dir='ltr'><strong>Qui</strong></span> <span class='ocrx_word' id='word_1_78' title='bbox 2005 954 2231 1009; x_wconf 66' lang='lat' dir='ltr'><strong>homo?</strong></span> 
     </span>
    </p>
   </div>
   <div class='ocr_carea' id='block_1_4' title="bbox 155 1026 2233 3395">
    <p class='ocr_par' dir='ltr' id='par_1_4' title="bbox 155 1026 2233 3395">
     <span class='ocr_line' id='line_1_11' title="bbox 155 1026 2233 1104; baseline 0.001 -17"><span class='ocrx_word' id='word_1_79' title='bbox 155 1026 696 1088; x_wconf 76' lang='lat' dir='ltr'><strong>Adolescentulus</strong></span> <span class='ocrx_word' id='word_1_80' title='bbox 722 1036 1042 1102; x_wconf 84' lang='lat' dir='ltr'><strong>corruptus</strong></span> <span class='ocrx_word' id='word_1_81' title='bbox 1066 1036 1126 1087; x_wconf 88' lang='lat' dir='ltr'><strong>et</strong></span> <span class='ocrx_word' id='word_1_82' title='bbox 1147 1028 1222 1087; x_wconf 89' lang='lat' dir='ltr'><strong>ab</strong></span> <span class='ocrx_word' id='word_1_83' title='bbox 1245 1026 1591 1089; x_wconf 87' lang='lat' dir='ltr'><strong>hominibus</strong></span> <span class='ocrx_word' id='word_1_84' title='bbox 1614 1046 1875 1104; x_wconf 82' lang='lat' dir='ltr'><strong>nequam</strong></span> <span class='ocrx_word' id='word_1_85' title='bbox 1905 1028 2233 1092; x_wconf 66' lang='lat' dir='ltr'><strong>inductus?</strong></span> 
     </span>
     <span class='ocr_line' id='line_1_12' title="bbox 157 1108 2226 1185; baseline 0.003 -17"><span class='ocrx_word' id='word_1_86' title='bbox 157 1125 383 1169; x_wconf 84' lang='lat' dir='ltr'><strong>annos</strong></span> <span class='ocrx_word' id='word_1_87' title='bbox 423 1116 599 1169; x_wconf 87' lang='lat' dir='ltr'><strong>natus</strong></span> <span class='ocrx_word' id='word_1_88' title='bbox 639 1108 832 1169; x_wconf 90' lang='lat' dir='ltr'><strong>maior</strong></span> <span class='ocrx_word' id='word_1_89' title='bbox 873 1110 1291 1184; x_wconf 72' lang='lat' dir='ltr'><strong>quadraginta.</strong></span> <span class='ocrx_word' id='word_1_90' title='bbox 1371 1112 1567 1171; x_wconf 80' lang='lat' dir='ltr'><strong>Vetus</strong></span> <span class='ocrx_word' id='word_1_91' title='bbox 1620 1111 1905 1173; x_wconf 89' lang='lat' dir='ltr'><strong>videlicet</strong></span> <span class='ocrx_word' id='word_1_92' title='bbox 1953 1110 2226 1185; x_wconf 87' lang='lat' dir='ltr'><strong>sicarius,</strong></span> 
     </span>
     <span class='ocr_line' id='line_1_13' title="bbox 157 1191 2228 1267; baseline 0.003 -18"><span class='ocrx_word' id='word_1_93' title='bbox 157 1192 369 1251; x_wconf 82' lang='lat' dir='ltr'><strong>homo</strong></span> <span class='ocrx_word' id='word_1_94' title='bbox 400 1191 602 1251; x_wconf 86' lang='lat' dir='ltr'><strong>audax</strong></span> <span class='ocrx_word' id='word_1_95' title='bbox 644 1199 705 1251; x_wconf 86' lang='lat' dir='ltr'><strong>et</strong></span> <span class='ocrx_word' id='word_1_96' title='bbox 731 1206 919 1267; x_wconf 88' lang='lat' dir='ltr'><strong>saepe</strong></span> <span class='ocrx_word' id='word_1_97' title='bbox 948 1191 1010 1250; x_wconf 88' lang='lat' dir='ltr'><strong>in</strong></span> <span class='ocrx_word' id='word_1_98' title='bbox 1045 1192 1235 1251; x_wconf 90' lang='lat' dir='ltr'><strong>caede</strong></span> <span class='ocrx_word' id='word_1_99' title='bbox 1266 1192 1582 1255; x_wconf 65' lang='lat' dir='ltr'><strong>versat-us!</strong></span> <span class='ocrx_word' id='word_1_100' title='bbox 1621 1196 1703 1253; x_wconf 81' lang='lat' dir='ltr'><strong>At</strong></span> <span class='ocrx_word' id='word_1_101' title='bbox 1722 1193 1840 1254; x_wconf 88' lang='lat' dir='ltr'><strong>hoc</strong></span> <span class='ocrx_word' id='word_1_102' title='bbox 1872 1196 1949 1254; x_wconf 86' lang='lat' dir='ltr'><strong>ab</strong></span> <span class='ocrx_word' id='word_1_103' title='bbox 1978 1209 2228 1255; x_wconf 86' lang='lat' dir='ltr'><strong>accusa-</strong></span> 
     </span>
     <span class='ocr_line' id='line_1_14' title="bbox 159 1270 2230 1347; baseline -0 -12"><span class='ocrx_word' id='word_1_104' title='bbox 159 1283 318 1335; x_wconf 78' lang='lat' dir='ltr'><strong>tore</strong></span> <span class='ocrx_word' id='word_1_105' title='bbox 348 1288 426 1331; x_wconf 91' lang='lat' dir='ltr'><strong>ne</strong></span> <span class='ocrx_word' id='word_1_106' title='bbox 453 1270 570 1333; x_wconf 88' lang='lat' dir='ltr'><strong>dici</strong></span> <span class='ocrx_word' id='word_1_107' title='bbox 599 1271 844 1347; x_wconf 88' lang='lat' dir='ltr'><strong>quidem</strong></span> <span class='ocrx_word' id='word_1_108' title='bbox 872 1273 1148 1333; x_wconf 88' lang='lat' dir='ltr'><strong>audistis.</strong></span> <span class='ocrx_word' id='word_1_109' title='bbox 1197 1272 1497 1333; x_wconf 86' lang='lat' dir='ltr'><strong>Luxuries</strong></span> <span class='ocrx_word' id='word_1_110' title='bbox 1525 1273 1704 1347; x_wconf 84' lang='lat' dir='ltr'><strong>igitur</strong></span> <span class='ocrx_word' id='word_1_111' title='bbox 1728 1274 2033 1334; x_wconf 86' lang='lat' dir='ltr'><strong>hominem</strong></span> <span class='ocrx_word' id='word_1_112' title='bbox 2059 1275 2230 1334; x_wconf 87' lang='lat' dir='ltr'><strong>nimi·</strong></span> 
     </span>
     <span class='ocr_line' id='line_1_15' title="bbox 157 1351 2229 1431; baseline 0 -15"><span class='ocrx_word' id='word_1_113' title='bbox 157 1372 313 1416; x_wconf 90' lang='lat' dir='ltr'><strong>rum</strong></span> <span class='ocrx_word' id='word_1_114' title='bbox 359 1362 420 1415; x_wconf 83' lang='lat' dir='ltr'><strong>et</strong></span> <span class='ocrx_word' id='word_1_115' title='bbox 460 1351 618 1415; x_wconf 89' lang='lat' dir='ltr'><strong>aeris</strong></span> <span class='ocrx_word' id='word_1_116' title='bbox 659 1354 840 1415; x_wconf 88' lang='lat' dir='ltr'><strong>alieni</strong></span> <span class='ocrx_word' id='word_1_117' title='bbox 879 1354 1228 1429; x_wconf 87' lang='lat' dir='ltr'><strong>magnitudo</strong></span> <span class='ocrx_word' id='word_1_118' title='bbox 1274 1364 1335 1415; x_wconf 90' lang='lat' dir='ltr'><strong>et</strong></span> <span class='ocrx_word' id='word_1_119' title='bbox 1374 1354 1698 1416; x_wconf 79' lang='lat' dir='ltr'><strong>indomitae</strong></span> <span class='ocrx_word' id='word_1_120' title='bbox 1727 1354 1906 1416; x_wconf 89' lang='lat' dir='ltr'><strong>animi</strong></span> <span class='ocrx_word' id='word_1_121' title='bbox 1934 1357 2229 1431; x_wconf 88' lang='lat' dir='ltr'><strong>cupidita·</strong></span> 
     </span>
     <span class='ocr_line' id='line_1_16' title="bbox 161 1437 2228 1513; baseline 0 -15"><span class='ocrx_word' id='word_1_122' title='bbox 161 1448 272 1498; x_wconf 78' lang='lat' dir='ltr'><strong>tes</strong></span> <span class='ocrx_word' id='word_1_123' title='bbox 313 1438 396 1495; x_wconf 87' lang='lat' dir='ltr'><strong>ad</strong></span> <span class='ocrx_word' id='word_1_124' title='bbox 423 1437 542 1496; x_wconf 90' lang='lat' dir='ltr'><strong>hoc</strong></span> <span class='ocrx_word' id='word_1_125' title='bbox 585 1438 786 1497; x_wconf 84' lang='lat' dir='ltr'><strong>scelus</strong></span> <span class='ocrx_word' id='word_1_126' title='bbox 816 1437 1224 1511; x_wconf 69' lang='lat' dir='ltr'><strong>impulerunt?</strong></span> <span class='ocrx_word' id='word_1_127' title='bbox 1272 1438 1361 1497; x_wconf 90' lang='lat' dir='ltr'><strong>De</strong></span> <span class='ocrx_word' id='word_1_128' title='bbox 1390 1437 1627 1498; x_wconf 85' lang='lat' dir='ltr'><strong>luxuria</strong></span> <span class='ocrx_word' id='word_1_129' title='bbox 1654 1438 1933 1513; x_wconf 85' lang='lat' dir='ltr'><strong>purgavit</strong></span> <span class='ocrx_word' id='word_1_130' title='bbox 1952 1439 2228 1511; x_wconf 62' lang='lat' dir='ltr'><strong>Erucius),</strong></span> 
     </span>
     <span class='ocr_line' id='line_1_17' title="bbox 163 1518 2222 1594; baseline 0 -15"><span class='ocrx_word' id='word_1_131' title='bbox 163 1536 371 1594; x_wconf 87' lang='lat' dir='ltr'><strong>quum</strong></span> <span class='ocrx_word' id='word_1_132' title='bbox 401 1518 555 1578; x_wconf 88' lang='lat' dir='ltr'><strong>dixit</strong></span> <span class='ocrx_word' id='word_1_133' title='bbox 579 1518 740 1579; x_wconf 89' lang='lat' dir='ltr'><strong>hunc</strong></span> <span class='ocrx_word' id='word_1_134' title='bbox 769 1534 846 1579; x_wconf 88' lang='lat' dir='ltr'><strong>ne</strong></span> <span class='ocrx_word' id='word_1_135' title='bbox 879 1520 940 1580; x_wconf 91' lang='lat' dir='ltr'><strong>in</strong></span> <span class='ocrx_word' id='word_1_136' title='bbox 972 1518 1252 1581; x_wconf 81' lang='lat' dir='ltr'><strong>convivio</strong></span> <span class='ocrx_word' id='word_1_137' title='bbox 1285 1518 1530 1594; x_wconf 89' lang='lat' dir='ltr'><strong>quidem</strong></span> <span class='ocrx_word' id='word_1_138' title='bbox 1552 1521 1674 1581; x_wconf 91' lang='lat' dir='ltr'><strong>ullo</strong></span> <span class='ocrx_word' id='word_1_139' title='bbox 1703 1520 1829 1580; x_wconf 74' lang='lat' dir='ltr'><strong>fere</strong></span> <span class='ocrx_word' id='word_1_140' title='bbox 1861 1520 2222 1582; x_wconf 79' lang='lat' dir='ltr'><strong>interfuisse.</strong></span> 
     </span>
     <span class='ocr_line' id='line_1_18' title="bbox 160 1597 2223 1677; baseline 0 -16"><span class='ocrx_word' id='word_1_141' title='bbox 160 1600 338 1661; x_wconf 79' lang='lat' dir='ltr'><strong>Nihil</strong></span> <span class='ocrx_word' id='word_1_142' title='bbox 379 1607 580 1661; x_wconf 85' lang='lat' dir='ltr'><strong>autern</strong></span> <span class='ocrx_word' id='word_1_143' title='bbox 610 1611 894 1675; x_wconf 84' lang='lat' dir='ltr'><strong>um‘quam</strong></span> <span class='ocrx_word' id='word_1_144' title='bbox 935 1600 1160 1664; x_wconf 90' lang='lat' dir='ltr'><strong>debuit.</strong></span> <span class='ocrx_word' id='word_1_145' title='bbox 1246 1600 1617 1676; x_wconf 80' lang='lat' dir='ltr'><strong>cupiditates</strong></span> <span class='ocrx_word' id='word_1_146' title='bbox 1656 1597 1841 1677; x_wconf 83' lang='lat' dir='ltr'><strong>p&#39;orro</strong></span> <span class='ocrx_word' id='word_1_147' title='bbox 1886 1618 2043 1676; x_wconf 89' lang='lat' dir='ltr'><strong>quae</strong></span> <span class='ocrx_word' id='word_1_148' title='bbox 2086 1618 2223 1676; x_wconf 92' lang='lat' dir='ltr'><strong>pos-</strong></span> 
     </span>
     <span class='ocr_line' id='line_1_19' title="bbox 166 1681 2229 1759; baseline -0.001 -15"><span class='ocrx_word' id='word_1_149' title='bbox 166 1692 323 1744; x_wconf 75' lang='lat' dir='ltr'><strong>sunt</strong></span> <span class='ocrx_word' id='word_1_150' title='bbox 359 1698 501 1743; x_wconf 86' lang='lat' dir='ltr'><strong>esse</strong></span> <span class='ocrx_word' id='word_1_151' title='bbox 528 1681 588 1742; x_wconf 90' lang='lat' dir='ltr'><strong>in</strong></span> <span class='ocrx_word' id='word_1_152' title='bbox 619 1700 724 1754; x_wconf 91' lang='lat' dir='ltr'><strong>eo,</strong></span> <span class='ocrx_word' id='word_1_153' title='bbox 759 1682 894 1759; x_wconf 88' lang='lat' dir='ltr'><strong>qui,</strong></span> <span class='ocrx_word' id='word_1_154' title='bbox 936 1692 1003 1743; x_wconf 92' lang='lat' dir='ltr'><strong>ut</strong></span> <span class='ocrx_word' id='word_1_155' title='bbox 1030 1683 1166 1758; x_wconf 91' lang='lat' dir='ltr'><strong>ipse</strong></span> <span class='ocrx_word' id='word_1_156' title='bbox 1194 1691 1517 1745; x_wconf 87' lang='lat' dir='ltr'><strong>accusator</strong></span> <span class='ocrx_word' id='word_1_157' title='bbox 1546 1683 1795 1756; x_wconf 87' lang='lat' dir='ltr'><strong>obiecit,</strong></span> <span class='ocrx_word' id='word_1_158' title='bbox 1829 1684 1953 1743; x_wconf 86' lang='lat' dir='ltr'><strong>ruri</strong></span> <span class='ocrx_word' id='word_1_159' title='bbox 1988 1698 2229 1757; x_wconf 84' lang='lat' dir='ltr'><strong>semper</strong></span> 
     </span>
     <span class='ocr_line' id='line_1_20' title="bbox 162 1764 2228 1845; baseline -0.001 -20"><span class='ocrx_word' id='word_1_160' title='bbox 162 1764 466 1845; x_wconf 78' lang='lat' dir='ltr'><strong>habitarit</strong></span> <span class='ocrx_word' id='word_1_161' title='bbox 508 1773 568 1825; x_wconf 91' lang='lat' dir='ltr'><strong>et</strong></span> <span class='ocrx_word' id='word_1_162' title='bbox 605 1764 666 1825; x_wconf 86' lang='lat' dir='ltr'><strong>in</strong></span> <span class='ocrx_word' id='word_1_163' title='bbox 696 1782 843 1839; x_wconf 89' lang='lat' dir='ltr'><strong>agro</strong></span> <span class='ocrx_word' id='word_1_164' title='bbox 874 1766 1131 1826; x_wconf 90' lang='lat' dir='ltr'><strong>colendo</strong></span> <span class='ocrx_word' id='word_1_165' title='bbox 1171 1764 1421 1836; x_wconf 87' lang='lat' dir='ltr'><strong>vixerit,</strong></span> <span class='ocrx_word' id='word_1_166' title='bbox 1472 1782 1630 1839; x_wconf 89' lang='lat' dir='ltr'><strong>quae</strong></span> <span class='ocrx_word' id='word_1_167' title='bbox 1668 1764 1793 1823; x_wconf 81' lang='lat' dir='ltr'><strong>vita</strong></span> <span class='ocrx_word' id='word_1_168' title='bbox 1821 1766 2079 1825; x_wconf 87' lang='lat' dir='ltr'><strong>maxime</strong></span> <span class='ocrx_word' id='word_1_169' title='bbox 2106 1764 2228 1823; x_wconf 81' lang='lat' dir='ltr'><strong>dis-</strong></span> 
     </span>
     <span class='ocr_line' id='line_1_21' title="bbox 160 1844 2229 1923; baseline -0.001 -15"><span class='ocrx_word' id='word_1_170' title='bbox 160 1848 386 1908; x_wconf 88' lang='lat' dir='ltr'><strong>iuncta</strong></span> <span class='ocrx_word' id='word_1_171' title='bbox 417 1863 455 1905; x_wconf 91' lang='lat' dir='ltr'><strong>a</strong></span> <span class='ocrx_word' id='word_1_172' title='bbox 483 1844 810 1923; x_wconf 84' lang='lat' dir='ltr'><strong>cupiditate</strong></span> <span class='ocrx_word' id='word_1_173' title='bbox 839 1856 936 1907; x_wconf 84' lang='lat' dir='ltr'><strong>est</strong></span> <span class='ocrx_word' id='word_1_174' title='bbox 975 1856 1036 1907; x_wconf 88' lang='lat' dir='ltr'><strong>et</strong></span> <span class='ocrx_word' id='word_1_175' title='bbox 1068 1863 1203 1906; x_wconf 89' lang='lat' dir='ltr'><strong>cum</strong></span> <span class='ocrx_word' id='word_1_176' title='bbox 1248 1844 1451 1907; x_wconf 76' lang='lat' dir='ltr'><strong>officio</strong></span> <span class='ocrx_word' id='word_1_177' title='bbox 1485 1845 1847 1907; x_wconf 65' lang='lat' dir='ltr'><strong>coniuncta?</strong></span> <span class='ocrx_word' id='word_1_178' title='bbox 1920 1844 2025 1905; x_wconf 81' lang='lat'><strong>40:</strong></span> <span class='ocrx_word' id='word_1_179' title='bbox 2064 1844 2229 1918; x_wconf 81' lang='lat' dir='ltr'><strong>Quae</strong></span> 
     </span>
     <span class='ocr_line' id='line_1_22' title="bbox 163 1926 2227 2003; baseline -0.001 -14"><span class='ocrx_word' id='word_1_180' title='bbox 163 1946 282 1989; x_wconf 91' lang='lat' dir='ltr'><strong>res</strong></span> <span class='ocrx_word' id='word_1_181' title='bbox 313 1928 494 2003; x_wconf 85' lang='lat' dir='ltr'><strong>igitur</strong></span> <span class='ocrx_word' id='word_1_182' title='bbox 521 1938 748 1989; x_wconf 89' lang='lat' dir='ltr'><strong>tantum</strong></span> <span class='ocrx_word' id='word_1_183' title='bbox 775 1928 959 1990; x_wconf 86' lang='lat' dir='ltr'><strong>istum</strong></span> <span class='ocrx_word' id='word_1_184' title='bbox 991 1931 1254 1988; x_wconf 69' lang='lat' dir='ltr'><strong>fluorem</strong></span> <span class='ocrx_word' id='word_1_185' title='bbox 1287 1928 1428 1988; x_wconf 85' lang='lat' dir='ltr'><strong>Sex.</strong></span> <span class='ocrx_word' id='word_1_186' title='bbox 1456 1927 1682 1989; x_wconf 87' lang='lat' dir='ltr'><strong>Roscio</strong></span> <span class='ocrx_word' id='word_1_187' title='bbox 1730 1927 1992 1988; x_wconf 69' lang='lat' dir='ltr'><strong>obiecit?</strong></span> <span class='ocrx_word' id='word_1_188' title='bbox 2050 1926 2227 2000; x_wconf 86' lang='lat' dir='ltr'><strong>Patri,</strong></span> 
     </span>
     <span class='ocr_line' id='line_1_23' title="bbox 167 2009 2229 2089; baseline -0.003 -17"><span class='ocrx_word' id='word_1_189' title='bbox 167 2010 400 2085; x_wconf 74' lang='lat' dir='ltr'><strong>inquit,</strong></span> <span class='ocrx_word' id='word_1_190' title='bbox 421 2028 542 2071; x_wconf 89' lang='lat' dir='ltr'><strong>non</strong></span> <span class='ocrx_word' id='word_1_191' title='bbox 568 2011 864 2087; x_wconf 84' lang='lat' dir='ltr'><strong>placebat.</strong></span> <span class='ocrx_word' id='word_1_192' title='bbox 903 2011 1080 2089; x_wconf 86' lang='lat' dir='ltr'><strong>[Patri</strong></span> <span class='ocrx_word' id='word_1_193' title='bbox 1109 2027 1228 2070; x_wconf 89' lang='lat' dir='ltr'><strong>non</strong></span> <span class='ocrx_word' id='word_1_194' title='bbox 1260 2010 1538 2085; x_wconf 87' lang='lat' dir='ltr'><strong>placebat</strong></span> <span class='ocrx_word' id='word_1_195' title='bbox 1548 2014 1599 2083; x_wconf 64' lang='grc' dir='ltr'><strong>ἲ]</strong></span> <span class='ocrx_word' id='word_1_196' title='bbox 1623 2009 1813 2084; x_wconf 85' lang='lat' dir='ltr'><strong>Quam</strong></span> <span class='ocrx_word' id='word_1_197' title='bbox 1837 2011 1915 2070; x_wconf 91' lang='lat' dir='ltr'><strong>ob</strong></span> <span class='ocrx_word' id='word_1_198' title='bbox 1940 2016 2229 2071; x_wconf 63' lang='lat' dir='ltr'><strong>causamv</strong></span> 
     </span>
     <span class='ocr_line' id='line_1_24' title="bbox 169 2092 2227 2168; baseline -0.001 -16"><span class='ocrx_word' id='word_1_199' title='bbox 169 2094 454 2153; x_wconf 84' lang='lat' dir='ltr'><strong>Necesse</strong></span> <span class='ocrx_word' id='word_1_200' title='bbox 486 2102 580 2153; x_wconf 76' lang='lat' dir='ltr'><strong>est</strong></span> <span class='ocrx_word' id='word_1_201' title='bbox 609 2093 766 2153; x_wconf 89' lang='lat' dir='ltr'><strong>enim</strong></span> <span class='ocrx_word' id='word_1_202' title='bbox 813 2110 945 2153; x_wconf 87' lang='lat' dir='ltr'><strong>eam</strong></span> <span class='ocrx_word' id='word_1_203' title='bbox 978 2109 1224 2167; x_wconf 90' lang='lat' dir='ltr'><strong>quoque</strong></span> <span class='ocrx_word' id='word_1_204' title='bbox 1248 2092 1465 2153; x_wconf 87' lang='lat' dir='ltr'><strong>iustam</strong></span> <span class='ocrx_word' id='word_1_205' title='bbox 1506 2102 1566 2153; x_wconf 89' lang='lat' dir='ltr'><strong>et</strong></span> <span class='ocrx_word' id='word_1_206' title='bbox 1592 2108 1872 2168; x_wconf 87' lang='lat' dir='ltr'><strong>magnam</strong></span> <span class='ocrx_word' id='word_1_207' title='bbox 1900 2101 1961 2152; x_wconf 89' lang='lat' dir='ltr'><strong>et</strong></span> <span class='ocrx_word' id='word_1_208' title='bbox 1992 2092 2227 2168; x_wconf 87' lang='lat' dir='ltr'><strong>perspi-</strong></span> 
     </span>
     <span class='ocr_line' id='line_1_25' title="bbox 170 2174 2225 2254; baseline -0.001 -19"><span class='ocrx_word' id='word_1_209' title='bbox 170 2191 359 2235; x_wconf 85' lang='lat' dir='ltr'><strong>cuam</strong></span> <span class='ocrx_word' id='word_1_210' title='bbox 392 2174 600 2235; x_wconf 81' lang='lat' dir='ltr'><strong>fuisse.</strong></span> <span class='ocrx_word' id='word_1_211' title='bbox 665 2176 815 2235; x_wconf 86' lang='lat' dir='ltr'><strong>Nam</strong></span> <span class='ocrx_word' id='word_1_212' title='bbox 856 2174 1098 2254; x_wconf 79' lang='lat' dir='ltr'><strong>utillud</strong></span> <span class='ocrx_word' id='word_1_213' title='bbox 1127 2174 1477 2235; x_wconf 85' lang='lat' dir='ltr'><strong>incredibile</strong></span> <span class='ocrx_word' id='word_1_214' title='bbox 1510 2184 1635 2248; x_wconf 83' lang='lat' dir='ltr'><strong>est,</strong></span> <span class='ocrx_word' id='word_1_215' title='bbox 1676 2182 1928 2236; x_wconf 90' lang='lat' dir='ltr'><strong>mortem</strong></span> <span class='ocrx_word' id='word_1_216' title='bbox 1966 2176 2225 2234; x_wconf 85' lang='lat' dir='ltr'><strong>oblatam</strong></span> 
     </span>
     <span class='ocr_line' id='line_1_26' title="bbox 169 2254 2227 2334; baseline -0.002 -17"><span class='ocrx_word' id='word_1_217' title='bbox 169 2272 326 2317; x_wconf 88' lang='lat' dir='ltr'><strong>esse</strong></span> <span class='ocrx_word' id='word_1_218' title='bbox 369 2256 526 2331; x_wconf 87' lang='lat' dir='ltr'><strong>patri</strong></span> <span class='ocrx_word' id='word_1_219' title='bbox 566 2274 603 2316; x_wconf 80' lang='lat' dir='ltr'><strong>a</strong></span> <span class='ocrx_word' id='word_1_220' title='bbox 646 2258 770 2318; x_wconf 85' lang='lat' dir='ltr'><strong>filio</strong></span> <span class='ocrx_word' id='word_1_221' title='bbox 817 2257 950 2320; x_wconf 89' lang='lat' dir='ltr'><strong>sine</strong></span> <span class='ocrx_word' id='word_1_222' title='bbox 982 2257 1256 2334; x_wconf 88' lang='lat' dir='ltr'><strong>plurimis</strong></span> <span class='ocrx_word' id='word_1_223' title='bbox 1300 2268 1361 2317; x_wconf 89' lang='lat' dir='ltr'><strong>et</strong></span> <span class='ocrx_word' id='word_1_224' title='bbox 1401 2257 1678 2317; x_wconf 87' lang='lat' dir='ltr'><strong>maximis</strong></span> <span class='ocrx_word' id='word_1_225' title='bbox 1710 2257 1943 2329; x_wconf 86' lang='lat' dir='ltr'><strong>causis,</strong></span> <span class='ocrx_word' id='word_1_226' title='bbox 1990 2254 2079 2315; x_wconf 86' lang='lat' dir='ltr'><strong>sic</strong></span> <span class='ocrx_word' id='word_1_227' title='bbox 2107 2256 2227 2313; x_wconf 90' lang='lat' dir='ltr'><strong>hoc</strong></span> 
     </span>
     <span class='ocr_line' id='line_1_27' title="bbox 167 2336 2228 2414; baseline -0.001 -17"><span class='ocrx_word' id='word_1_228' title='bbox 167 2337 309 2399; x_wconf 84' lang='lat' dir='ltr'><strong>veri</strong></span> <span class='ocrx_word' id='word_1_229' title='bbox 339 2338 532 2400; x_wconf 89' lang='lat' dir='ltr'><strong>simile</strong></span> <span class='ocrx_word' id='word_1_230' title='bbox 555 2357 675 2400; x_wconf 90' lang='lat' dir='ltr'><strong>non</strong></span> <span class='ocrx_word' id='word_1_231' title='bbox 701 2349 823 2411; x_wconf 88' lang='lat' dir='ltr'><strong>est,</strong></span> <span class='ocrx_word' id='word_1_232' title='bbox 849 2340 990 2400; x_wconf 80' lang='lat' dir='ltr'><strong>odIo</strong></span> <span class='ocrx_word' id='word_1_233' title='bbox 1016 2339 1206 2400; x_wconf 79' lang='lat' dir='ltr'><strong>fuisse</strong></span> <span class='ocrx_word' id='word_1_234' title='bbox 1227 2339 1461 2414; x_wconf 86' lang='lat' dir='ltr'><strong>parenti</strong></span> <span class='ocrx_word' id='word_1_235' title='bbox 1488 2338 1675 2399; x_wconf 84' lang='lat' dir='ltr'><strong>filium</strong></span> <span class='ocrx_word' id='word_1_236' title='bbox 1697 2339 1829 2399; x_wconf 89' lang='lat' dir='ltr'><strong>sine</strong></span> <span class='ocrx_word' id='word_1_237' title='bbox 1852 2336 2055 2397; x_wconf 86' lang='lat' dir='ltr'><strong>causis</strong></span> <span class='ocrx_word' id='word_1_238' title='bbox 2080 2336 2228 2396; x_wconf 89' lang='lat' dir='ltr'><strong>mul·</strong></span> 
     </span>
     <span class='ocr_line' id='line_1_28' title="bbox 171 2419 2227 2496; baseline -0.001 -16"><span class='ocrx_word' id='word_1_239' title='bbox 171 2421 258 2481; x_wconf 85' lang='lat' dir='ltr'><strong>tis</strong></span> <span class='ocrx_word' id='word_1_240' title='bbox 302 2429 363 2480; x_wconf 88' lang='lat' dir='ltr'><strong>et</strong></span> <span class='ocrx_word' id='word_1_241' title='bbox 403 2421 638 2495; x_wconf 86' lang='lat' dir='ltr'><strong>magnis</strong></span> <span class='ocrx_word' id='word_1_242' title='bbox 678 2432 737 2482; x_wconf 94' lang='lat' dir='ltr'><strong>et</strong></span> <span class='ocrx_word' id='word_1_243' title='bbox 776 2421 1160 2482; x_wconf 88' lang='lat' dir='ltr'><strong>necessariis.</strong></span> <span class='ocrx_word' id='word_1_244' title='bbox 1242 2420 1343 2483; x_wconf 83' lang='lat'><strong>41.</strong></span> <span class='ocrx_word' id='word_1_245' title='bbox 1384 2423 1621 2481; x_wconf 88' lang='lat' dir='ltr'><strong>Rursus</strong></span> <span class='ocrx_word' id='word_1_246' title='bbox 1665 2419 1843 2496; x_wconf 75' lang='lat' dir='ltr'><strong>igitur</strong></span> <span class='ocrx_word' id='word_1_247' title='bbox 1882 2421 2098 2481; x_wconf 89' lang='lat' dir='ltr'><strong>eodem</strong></span> <span class='ocrx_word' id='word_1_248' title='bbox 2132 2433 2227 2478; x_wconf 92' lang='lat' dir='ltr'><strong>re-</strong></span> 
     </span>
     <span class='ocr_line' id='line_1_29' title="bbox 168 2499 2224 2579; baseline -0 -18"><span class='ocrx_word' id='word_1_249' title='bbox 168 2502 490 2563; x_wconf 80' lang='lat' dir='ltr'><strong>vertamur</strong></span> <span class='ocrx_word' id='word_1_250' title='bbox 515 2514 574 2564; x_wconf 89' lang='lat' dir='ltr'><strong>et</strong></span> <span class='ocrx_word' id='word_1_251' title='bbox 599 2520 959 2579; x_wconf 88' lang='lat' dir='ltr'><strong>quaeramus</strong></span> <span class='ocrx_word' id='word_1_252' title='bbox 993 2519 1148 2578; x_wconf 85' lang='lat' dir='ltr'><strong>quae</strong></span> <span class='ocrx_word' id='word_1_253' title='bbox 1176 2512 1341 2563; x_wconf 84' lang='lat' dir='ltr'><strong>tanta</strong></span> <span class='ocrx_word' id='word_1_254' title='bbox 1371 2502 1514 2563; x_wconf 82' lang='lat' dir='ltr'><strong>vitia</strong></span> <span class='ocrx_word' id='word_1_255' title='bbox 1550 2502 1771 2563; x_wconf 83' lang='lat' dir='ltr'><strong>suerint</strong></span> <span class='ocrx_word' id='word_1_256' title='bbox 1797 2503 1857 2561; x_wconf 83' lang='lat' dir='ltr'><strong>in</strong></span> <span class='ocrx_word' id='word_1_257' title='bbox 1888 2502 2070 2563; x_wconf 89' lang='lat' dir='ltr'><strong>unico</strong></span> <span class='ocrx_word' id='word_1_258' title='bbox 2100 2499 2224 2561; x_wconf 82' lang='lat' dir='ltr'><strong>filio</strong></span> 
     </span>
     <span class='ocr_line' id='line_1_30' title="bbox 174 2582 2223 2660; baseline -0.002 -17"><span class='ocrx_word' id='word_1_259' title='bbox 174 2602 375 2658; x_wconf 89' lang='lat' dir='ltr'><strong>quare</strong></span> <span class='ocrx_word' id='word_1_260' title='bbox 402 2584 456 2644; x_wconf 92' lang='lat' dir='ltr'><strong>is</strong></span> <span class='ocrx_word' id='word_1_261' title='bbox 485 2586 640 2660; x_wconf 88' lang='lat' dir='ltr'><strong>patri</strong></span> <span class='ocrx_word' id='word_1_262' title='bbox 669 2584 1037 2660; x_wconf 86' lang='lat' dir='ltr'><strong>displiceret.</strong></span> <span class='ocrx_word' id='word_1_263' title='bbox 1107 2587 1188 2644; x_wconf 78' lang='lat' dir='ltr'><strong>At</strong></span> <span class='ocrx_word' id='word_1_264' title='bbox 1215 2586 1603 2659; x_wconf 88' lang='lat' dir='ltr'><strong>perspicuum</strong></span> <span class='ocrx_word' id='word_1_265' title='bbox 1634 2593 1729 2645; x_wconf 88' lang='lat' dir='ltr'><strong>est</strong></span> <span class='ocrx_word' id='word_1_266' title='bbox 1755 2586 1979 2645; x_wconf 85' lang='lat' dir='ltr'><strong>nullum</strong></span> <span class='ocrx_word' id='word_1_267' title='bbox 2014 2582 2223 2643; x_wconf 79' lang='lat' dir='ltr'><strong>fuisse.</strong></span> 
     </span>
     <span class='ocr_line' id='line_1_31' title="bbox 170 2666 2225 2742; baseline -0.001 -17"><span class='ocrx_word' id='word_1_268' title='bbox 170 2667 358 2726; x_wconf 88' lang='lat' dir='ltr'><strong>Pater</strong></span> <span class='ocrx_word' id='word_1_269' title='bbox 392 2666 571 2741; x_wconf 84' lang='lat' dir='ltr'><strong>igitur</strong></span> <span class='ocrx_word' id='word_1_270' title='bbox 603 2684 813 2728; x_wconf 89' lang='lat' dir='ltr'><strong>amens</strong></span> <span class='ocrx_word' id='word_1_271' title='bbox 859 2666 962 2742; x_wconf 87' lang='lat' dir='ltr'><strong>qui</strong></span> <span class='ocrx_word' id='word_1_272' title='bbox 993 2667 1226 2727; x_wconf 88' lang='lat' dir='ltr'><strong>odisset</strong></span> <span class='ocrx_word' id='word_1_273' title='bbox 1254 2684 1391 2727; x_wconf 87' lang='lat' dir='ltr'><strong>eum</strong></span> <span class='ocrx_word' id='word_1_274' title='bbox 1424 2666 1555 2727; x_wconf 88' lang='lat' dir='ltr'><strong>sine</strong></span> <span class='ocrx_word' id='word_1_275' title='bbox 1596 2682 1811 2738; x_wconf 87' lang='lat' dir='ltr'><strong>causa,</strong></span> <span class='ocrx_word' id='word_1_276' title='bbox 1864 2682 2044 2742; x_wconf 88' lang='lat' dir='ltr'><strong>quem</strong></span> <span class='ocrx_word' id='word_1_277' title='bbox 2086 2682 2225 2739; x_wconf 89' lang='lat' dir='ltr'><strong>pro-</strong></span> 
     </span>
     <span class='ocr_line' id='line_1_32' title="bbox 173 2748 2223 2822; baseline -0.001 -14"><span class='ocrx_word' id='word_1_278' title='bbox 173 2757 435 2809; x_wconf 88' lang='lat' dir='ltr'><strong>crearat.</strong></span> <span class='ocrx_word' id='word_1_279' title='bbox 509 2751 592 2809; x_wconf 88' lang='lat' dir='ltr'><strong>At</strong></span> <span class='ocrx_word' id='word_1_280' title='bbox 631 2750 684 2809; x_wconf 89' lang='lat' dir='ltr'><strong>is</strong></span> <span class='ocrx_word' id='word_1_281' title='bbox 733 2748 975 2822; x_wconf 88' lang='lat' dir='ltr'><strong>quidem</strong></span> <span class='ocrx_word' id='word_1_282' title='bbox 1017 2749 1126 2809; x_wconf 83' lang='lat' dir='ltr'><strong>suit</strong></span> <span class='ocrx_word' id='word_1_283' title='bbox 1154 2750 1416 2810; x_wconf 89' lang='lat' dir='ltr'><strong>omnium</strong></span> <span class='ocrx_word' id='word_1_284' title='bbox 1448 2748 1994 2810; x_wconf 81' lang='lat' dir='ltr'><strong>constantissimus.</strong></span> <span class='ocrx_word' id='word_1_285' title='bbox 2064 2748 2223 2820; x_wconf 88' lang='lat' dir='ltr'><strong>Ergo</strong></span> 
     </span>
     <span class='ocr_line' id='line_1_33' title="bbox 172 2831 2226 2907; baseline -0.002 -17"><span class='ocrx_word' id='word_1_286' title='bbox 172 2832 330 2890; x_wconf 82' lang='lat' dir='ltr'><strong>illud</strong></span> <span class='ocrx_word' id='word_1_287' title='bbox 370 2832 486 2889; x_wconf 88' lang='lat' dir='ltr'><strong>iam</strong></span> <span class='ocrx_word' id='word_1_288' title='bbox 523 2831 917 2907; x_wconf 86' lang='lat' dir='ltr'><strong>perspicuum</strong></span> <span class='ocrx_word' id='word_1_289' title='bbox 963 2832 1232 2907; x_wconf 84' lang='lat' dir='ltr'><strong>profecto</strong></span> <span class='ocrx_word' id='word_1_290' title='bbox 1277 2840 1401 2902; x_wconf 88' lang='lat' dir='ltr'><strong>est,</strong></span> <span class='ocrx_word' id='word_1_291' title='bbox 1446 2831 1499 2890; x_wconf 88' lang='lat' dir='ltr'><strong>si</strong></span> <span class='ocrx_word' id='word_1_292' title='bbox 1538 2846 1739 2906; x_wconf 88' lang='lat' dir='ltr'><strong>neque</strong></span> <span class='ocrx_word' id='word_1_293' title='bbox 1788 2846 1998 2890; x_wconf 88' lang='lat' dir='ltr'><strong>amens</strong></span> <span class='ocrx_word' id='word_1_294' title='bbox 2054 2835 2226 2904; x_wconf 87' lang='lat' dir='ltr'><strong>pater</strong></span> 
     </span>
     <span class='ocr_line' id='line_1_34' title="bbox 173 2911 2225 2987; baseline -0.001 -15"><span class='ocrx_word' id='word_1_295' title='bbox 173 2929 386 2987; x_wconf 85' lang='lat' dir='ltr'><strong>neque</strong></span> <span class='ocrx_word' id='word_1_296' title='bbox 415 2913 688 2987; x_wconf 84' lang='lat' dir='ltr'><strong>perditus</strong></span> <span class='ocrx_word' id='word_1_297' title='bbox 718 2914 878 2973; x_wconf 85' lang='lat' dir='ltr'><strong>filius</strong></span> <span class='ocrx_word' id='word_1_298' title='bbox 913 2911 1118 2984; x_wconf 83' lang='lat' dir='ltr'><strong>fuerit,</strong></span> <span class='ocrx_word' id='word_1_299' title='bbox 1174 2928 1375 2984; x_wconf 89' lang='lat' dir='ltr'><strong>neque</strong></span> <span class='ocrx_word' id='word_1_300' title='bbox 1410 2912 1533 2971; x_wconf 87' lang='lat' dir='ltr'><strong>odii</strong></span> <span class='ocrx_word' id='word_1_301' title='bbox 1563 2928 1811 2973; x_wconf 86' lang='lat' dir='ltr'><strong>causam</strong></span> <span class='ocrx_word' id='word_1_302' title='bbox 1842 2911 1995 2987; x_wconf 86' lang='lat' dir='ltr'><strong>patri</strong></span> <span class='ocrx_word' id='word_1_303' title='bbox 2024 2926 2225 2985; x_wconf 88' lang='lat' dir='ltr'><strong>neque</strong></span> 
     </span>
     <span class='ocr_line' id='line_1_35' title="bbox 177 2990 2226 3075; baseline -0.003 -20"><span class='ocrx_word' id='word_1_304' title='bbox 177 2994 436 3075; x_wconf 79' lang='lat' dir='ltr'><strong>sceleris</strong></span> <span class='ocrx_word' id='word_1_305' title='bbox 477 2994 602 3055; x_wconf 81' lang='lat' dir='ltr'><strong>filio</strong></span> <span class='ocrx_word' id='word_1_306' title='bbox 648 2995 860 3055; x_wconf 82' lang='lat' dir='ltr'><strong>fuisse.</strong></span> <span class='ocrx_word' id='word_1_307' title='bbox 927 2995 1056 3053; x_wconf 88' lang='lat' dir='ltr'><strong>XV.</strong></span> <span class='ocrx_word' id='word_1_308' title='bbox 1099 2990 1200 3053; x_wconf 74' lang='lat'><strong>42.</strong></span> <span class='ocrx_word' id='word_1_309' title='bbox 1244 2994 1493 3065; x_wconf 85' lang='lat' dir='ltr'><strong>Nescio,</strong></span> <span class='ocrx_word' id='word_1_310' title='bbox 1546 2994 1769 3069; x_wconf 89' lang='lat' dir='ltr'><strong>inquit,</strong></span> <span class='ocrx_word' id='word_1_311' title='bbox 1828 3011 1985 3071; x_wconf 89' lang='lat' dir='ltr'><strong>quae</strong></span> <span class='ocrx_word' id='word_1_312' title='bbox 2036 3007 2226 3053; x_wconf 86' lang='lat' dir='ltr'><strong>causa</strong></span> 
     </span>
     <span class='ocr_line' id='line_1_36' title="bbox 178 3074 2223 3151; baseline -0.003 -14"><span class='ocrx_word' id='word_1_313' title='bbox 178 3076 308 3137; x_wconf 88' lang='lat' dir='ltr'><strong>odii</strong></span> <span class='ocrx_word' id='word_1_314' title='bbox 347 3076 554 3147; x_wconf 72' lang='lat' dir='ltr'><strong>fueritz</strong></span> <span class='ocrx_word' id='word_1_315' title='bbox 598 3077 790 3137; x_wconf 79' lang='lat' dir='ltr'><strong>fuisse</strong></span> <span class='ocrx_word' id='word_1_316' title='bbox 831 3076 1034 3137; x_wconf 88' lang='lat' dir='ltr'><strong>odium</strong></span> <span class='ocrx_word' id='word_1_317' title='bbox 1067 3074 1361 3150; x_wconf 84' lang='lat' dir='ltr'><strong>intelligo,</strong></span> <span class='ocrx_word' id='word_1_318' title='bbox 1407 3075 1549 3149; x_wconf 87' lang='lat' dir='ltr'><strong>quia</strong></span> <span class='ocrx_word' id='word_1_319' title='bbox 1590 3088 1793 3150; x_wconf 87' lang='lat' dir='ltr'><strong>antea,</strong></span> <span class='ocrx_word' id='word_1_320' title='bbox 1839 3090 2025 3151; x_wconf 88' lang='lat' dir='ltr'><strong>quum</strong></span> <span class='ocrx_word' id='word_1_321' title='bbox 2066 3076 2223 3133; x_wconf 85' lang='lat' dir='ltr'><strong>duos</strong></span> 
     </span>
     <span class='ocr_line' id='line_1_37' title="bbox 179 3150 2223 3233; baseline -0.005 -14"><span class='ocrx_word' id='word_1_322' title='bbox 179 3158 345 3219; x_wconf 81' lang='lat' dir='ltr'><strong>filios</strong></span> <span class='ocrx_word' id='word_1_323' title='bbox 377 3158 656 3233; x_wconf 87' lang='lat' dir='ltr'><strong>haberet,</strong></span> <span class='ocrx_word' id='word_1_324' title='bbox 699 3160 863 3218; x_wconf 90' lang='lat' dir='ltr'><strong>illum</strong></span> <span class='ocrx_word' id='word_1_325' title='bbox 903 3160 1185 3229; x_wconf 87' lang='lat' dir='ltr'><strong>alterum,</strong></span> <span class='ocrx_word' id='word_1_326' title='bbox 1230 3157 1333 3232; x_wconf 91' lang='lat' dir='ltr'><strong>qui</strong></span> <span class='ocrx_word' id='word_1_327' title='bbox 1357 3166 1633 3217; x_wconf 88' lang='lat' dir='ltr'><strong>mortuus</strong></span> <span class='ocrx_word' id='word_1_328' title='bbox 1660 3167 1781 3229; x_wconf 87' lang='lat' dir='ltr'><strong>est,</strong></span> <span class='ocrx_word' id='word_1_329' title='bbox 1825 3172 2035 3218; x_wconf 87' lang='lat' dir='ltr'><strong>secum</strong></span> <span class='ocrx_word' id='word_1_330' title='bbox 2060 3150 2223 3214; x_wconf 89' lang='lat' dir='ltr'><strong>omni</strong></span> 
     </span>
     <span class='ocr_line' id='line_1_38' title="bbox 180 3236 2220 3315; baseline -0.005 -15"><span class='ocrx_word' id='word_1_331' title='bbox 180 3250 460 3315; x_wconf 87' lang='lat' dir='ltr'><strong>tempore</strong></span> <span class='ocrx_word' id='word_1_332' title='bbox 498 3240 743 3300; x_wconf 79' lang='lat' dir='ltr'><strong>volebat</strong></span> <span class='ocrx_word' id='word_1_333' title='bbox 794 3256 962 3312; x_wconf 87' lang='lat' dir='ltr'><strong>esse,</strong></span> <span class='ocrx_word' id='word_1_334' title='bbox 1013 3241 1173 3299; x_wconf 87' lang='lat' dir='ltr'><strong>hunc</strong></span> <span class='ocrx_word' id='word_1_335' title='bbox 1220 3236 1283 3297; x_wconf 89' lang='lat' dir='ltr'><strong>in</strong></span> <span class='ocrx_word' id='word_1_336' title='bbox 1330 3238 1583 3312; x_wconf 89' lang='lat' dir='ltr'><strong>praedia</strong></span> <span class='ocrx_word' id='word_1_337' title='bbox 1630 3239 1858 3298; x_wconf 85' lang='lat' dir='ltr'><strong>rustica</strong></span> <span class='ocrx_word' id='word_1_338' title='bbox 1905 3239 2220 3307; x_wconf 83' lang='lat' dir='ltr'><strong>relegarat.</strong></span> 
     </span>
     <span class='ocr_line' id='line_1_39' title="bbox 183 3312 2223 3395; baseline -0.004 -12"><span class='ocrx_word' id='word_1_339' title='bbox 183 3322 361 3395; x_wconf 81' lang='lat' dir='ltr'><strong>Quod</strong></span> <span class='ocrx_word' id='word_1_340' title='bbox 402 3314 620 3383; x_wconf 80' lang='lat' dir='ltr'><strong>Erucio</strong></span> <span class='ocrx_word' id='word_1_341' title='bbox 669 3321 985 3381; x_wconf 88' lang='lat' dir='ltr'><strong>accidebat</strong></span> <span class='ocrx_word' id='word_1_342' title='bbox 1025 3318 1084 3379; x_wconf 91' lang='lat' dir='ltr'><strong>in</strong></span> <span class='ocrx_word' id='word_1_343' title='bbox 1129 3323 1290 3393; x_wconf 88' lang='lat' dir='ltr'><strong>mala</strong></span> <span class='ocrx_word' id='word_1_344' title='bbox 1330 3318 1770 3394; x_wconf 86' lang='lat' dir='ltr'><strong>nugatoriaque</strong></span> <span class='ocrx_word' id='word_1_345' title='bbox 1810 3312 2223 3387; x_wconf 83' lang='lat' dir='ltr'><strong>accusatlone,</strong></span> 
     </span>
    </p>
   </div>
  </div>
 </body>
</html>
