2459 3817
920 213 1091 277 CAP.
1122 222 1292 279 3—5.
1333 223 1618 286 3.,6-10.
2171 226 2298 290 243

238 396 537 459 poenam,
584 396 745 457 quos
778 382 1171 454 condemnat,
1216 388 1322 442 aut
1359 398 1473 458 per
1501 389 1780 443 senatum
1817 391 1922 446 aut
1965 403 2076 461 per
2106 403 2296 463 popu·

239 467 366 525 lum
396 464 601 540 possit
630 468 869 525 levare:
908 464 1087 541 eripit
1122 464 1301 525 etiam
1330 482 1536 541 spem,
1571 482 1730 543 quae
1761 471 1898 528 sola
1927 469 2204 532 homines
2233 472 2294 531 in

238 546 505 608 miseriis
536 548 846 609 consolari
881 549 1073 609 solet:
1103 549 1271 608 bona
1298 557 1620 625 praeterea
1647 551 1947 627 publicari
1979 552 2174 613 iubet:
2205 552 2292 615 vi-

236 640 363 695 tam
392 631 587 691 solam
620 630 905 706 relinquit
931 630 1179 691 nefariis
1216 630 1593 694 hominibus:
1641 651 1824 713 quam
1865 635 1914 696 si
1949 634 2294 711 eripuisset,

238 718 464 775 multas
495 730 619 774 uno
650 715 868 776 dolore
898 713 1082 776 animi
1110 721 1297 789 atque
1329 717 1610 791 corporis
1651 725 1712 777 et
1742 733 1957 779 omnes
1991 722 2296 781 scelerum

234 812 477 875 poenas
518 798 873 859 ademisset.
934 800 1153 872 Itaque
1190 804 1262 858 ut
1287 797 1493 873 aliqua
1527 799 1588 858 in
1623 800 1750 860 vita
1779 800 2039 861 formido
2071 801 2294 878 impro-

233 882 329 942 bis
360 887 530 941 esset
556 883 780 979 posita,
812 883 981 958 apud
1005 882 1240 943 inferos
1273 880 1404 943 eius
1433 881 1600 941 modi
1626 884 1928 957 quaedam
1956 882 2038 946 illi
2063 884 2294 961 antiqui

236 963 541 1040 supplicia
580 964 783 1062 impiis
824 965 1159 1026 constituta
1199 979 1343 1024 esse
1385 967 1744 1039 voluerunt,
1795 967 1964 1041 quod
2007 966 2295 1028 videlicet

235 1047 659 1121 intelligebant
697 1048 773 1108 iis
815 1046 1068 1109 remotis
1112 1061 1238 1106 non
1281 1062 1423 1107 esse
1473 1056 1732 1109 mortem
1772 1050 1966 1125 ipsam
2010 1049 2292 1125 pertime-

238 1132 555 1191 scendam.

403 1215 483 1272 V.
508 1215 589 1275 9.
632 1214 808 1274 Nunc
838 1228 973 1289 ego,
1007 1221 1215 1291 patres
1247 1214 1611 1292 conscripti,
1653 1232 1789 1276 mea
1815 1214 2000 1276 video
2031 1212 2222 1291 quid
2209 1232 2291 1275 m·

230 1294 420 1359 tersit.
468 1296 533 1358 Si
564 1296 731 1358 eritis
764 1296 955 1359 secuti
984 1294 1343 1359 sententiam
1376 1296 1438 1357 C.
1471 1297 1778 1371 CaesariS,
1812 1296 2100 1375 quoniam
2134 1295 2291 1355 hanc

230 1380 285 1441 is
319 1380 380 1440 in
412 1396 479 1441 re
508 1379 755 1456 publica
788 1379 979 1453 viam,
1015 1396 1172 1455 quae
1204 1379 1522 1455 popularis
1550 1380 1836 1455 habetur,
1879 1387 2130 1441 secutus
2175 1384 2290 1453 est,

230 1465 494 1524 fortasse
523 1462 726 1525 minus
758 1473 935 1525 erunt
974 1462 1095 1523 hoc
1128 1472 1377 1524 auctore
1428 1470 1488 1524 et
1515 1462 1830 1539 cognitore
1859 1461 2116 1523 huiusce
2151 1478 2290 1523 sen-

229 1544 452 1608 tentiae
481 1546 624 1608 mihi
658 1548 991 1624 populares
1024 1544 1288 1621 impetus
1319 1546 1819 1619 pertimescendi:
1865 1547 1957 1606 sin
2000 1547 2160 1606 illam
2203 1546 2286 1605 al·

224 1638 435 1705 teram,
466 1628 679 1691 nescio
708 1646 784 1691 an
816 1628 1078 1706 amplius
1107 1629 1252 1689 mihi
1291 1629 1522 1705 negotii
1553 1630 1956 1690 contrahatur.
2045 1628 2172 1689 Sed
2203 1635 2290 1691 ta-

228 1730 366 1775 men
398 1730 671 1775 meorum
701 1711 1111 1790 periculorum
1141 1712 1412 1773 rationes
1447 1712 1674 1773 utilitas
1715 1712 1802 1772 rei
1848 1709 2129 1787 publicae
2158 1708 2286 1769 vin-

228 1804 343 1858 cat.
404 1797 715 1857 Habemus
744 1794 903 1857 euim
926 1812 963 1857 a
1004 1794 1299 1869 caesare,
1357 1794 1514 1857 sicut
1551 1793 1750 1869 ipsius
1793 1792 2052 1868 dignitas
2085 1800 2146 1853 et
2167 1808 2288 1853 ma-

228 1879 424 1941 iorum
457 1878 591 1940 eius
622 1878 955 1955 amplitudo
990 1878 1356 1953 postulabat,
1393 1876 1750 1939 sententiam
1775 1884 2080 1951 tamquam
2125 1874 2287 1936 obsi-

228 1963 367 2023 dem
410 1970 744 2037 perpetuae
787 1960 847 2021 in
894 1976 1021 2021 rem
1065 1959 1372 2035 publicam
1402 1958 1750 2021 voluntatis,
1791 1960 2163 2020 Intellectum
2195 1966 2290 2021 est

230 2044 379 2121 quid
412 2044 738 2106 interesset
764 2043 920 2105 inter
940 2041 1244 2104 levitatem
1271 2043 1750 2103 contionatorum
1777 2051 1836 2103 et
1857 2041 2118 2104 animum
2142 2057 2308 2115 vere,

232 2128 607 2205 popularem,
628 2126 813 2191 ‚saluti
844 2126 1058 2204 populi
1088 2126 1525 2188 consulentem.
1619 2124 1718 2189 lo.
1764 2125 1963 2187 Video
2009 2127 2086 2187 de
2131 2124 2287 2199 istis,

228 2211 333 2288 qui
364 2226 434 2273 se
462 2212 797 2287 populares
826 2209 1037 2271 haberi
1064 2211 1296 2286 volunt,
1327 2210 1550 2271 abesse
1579 2226 1702 2271 non
1731 2208 2066 2285 neminem,
2103 2226 2180 2269 ne
2210 2210 2286 2269 de

228 2294 427 2371 capite
458 2293 743 2357 videlicet
770 2294 992 2356 civium
1034 2296 1447 2355 Romanorum
1489 2292 1848 2354 sententiam
1893 2293 2063 2354 ferat.
2139 2292 2200 2351 Is
2229 2299 2288 2351 et

225 2376 450 2437 nudius
478 2379 689 2439 tertius
712 2378 770 2438 in
796 2377 1133 2440 custodiam
1166 2376 1336 2439 cives
1359 2378 1670 2437 Romanos
1695 2375 1862 2437 dedit
1893 2385 1954 2437 et
1979 2373 2288 2452 supplica·

226 2458 451 2523 tionem
478 2460 623 2521 mihi
658 2460 930 2523 decrevit
959 2470 1020 2522 et
1051 2460 1287 2521 indices
1329 2461 1615 2522 hesterno
1653 2460 1753 2521 dIe
1794 2457 2073 2520 maximis
2106 2474 2282 2535 prae·

224 2542 363 2603 miis
391 2543 633 2606 adfecit.
676 2546 800 2605 lam
834 2544 953 2605 hoc
982 2542 1208 2604 nemini
1232 2544 1478 2606 dubium
1511 2552 1621 2617 est,
1657 2542 1760 2619 qui
1785 2559 1892 2604 reo
1923 2540 2282 2610 custodiam,

227 2625 559 2703 quaesitori
590 2627 1067 2703 gratulationem,
1097 2626 1288 2689 indici
1322 2628 1654 2703 praemium
1683 2622 1968 2698 decrerit,
2031 2623 2179 2701 quid
2208 2624 2286 2683 de

222 2717 349 2770 tota
381 2724 448 2769 re
478 2718 539 2771 et
569 2726 754 2771 causa
786 2710 1084 2771 iudicarit.
1135 2714 1219 2773 At
1246 2726 1395 2771 vero
1427 2711 1489 2771 C.
1523 2711 1750 2771 Caesar
1781 2707 2060 2785 intelligit
2089 2709 2284 2783 legem

222 2790 645 2867 Semproniam
672 2810 812 2854 esse
836 2794 915 2855 de
938 2794 1175 2855 civibus
1197 2792 1490 2855 Romanis
1517 2790 1902 2854 constitutam
1917 2813 1934 2847 ε
1959 2789 2062 2867 qui
2087 2797 2283 2851 autem

219 2874 310 2937 rei
342 2874 625 2951 publicae
654 2876 731 2937 sit
759 2875 989 2951 hostiS,
1032 2889 1171 2938 eum
1218 2876 1414 2937 civem
1441 2875 1610 2933 nullo
1647 2874 1838 2935 modo
1867 2888 2012 2935 esse
2059 2890 2282 2951 posse:

220 2956 489 3033 denique
510 2958 713 3035 ipsum
737 2960 990 3021 latorem
1007 2959 1408 3034 Semproniae
1432 2958 1585 3035 legis
1607 2958 1782 3020 iussu
1810 2956 2025 3035 populi
2050 2974 2282 3034 poenae

219 3040 310 3101 rei
338 3041 624 3117 publicae
652 3040 1052 3119 dependisse.
1114 3042 1282 3103 ldem
1315 3043 1516 3117 ipsum
1543 3042 1892 3115 Lentulum,
1936 3042 2282 3117 largitorem

220 3132 281 3186 et
308 3124 665 3201 prodigum,
716 3142 838 3186 non
868 3134 1073 3201 putat,
1117 3142 1304 3200 quum
1345 3124 1423 3187 de
1453 3124 1724 3201 pernicie
1753 3123 1971 3201 populi
2003 3122 2282 3193 Romani,

219 3205 407 3268 exitio
436 3208 619 3270 huius
648 3208 819 3271 urbis
851 3217 975 3271 tam
1004 3210 1248 3285 acerbe,
1275 3218 1398 3270 tam
1425 3208 1754 3271 crudeliter
1774 3206 2070 3283 cogitarit,
2103 3205 2282 3267 etiam

218 3290 519 3367 appellari
548 3309 739 3369 posse
773 3293 1153 3369 popularem.
1220 3293 1436 3368 Itaque
1480 3292 1665 3355 homo
1695 3284 2054 3352 mitissimus
2097 3296 2284 3364 atque

218 3372 570 3445 lenissimus
604 3391 726 3437 non
759 3376 994 3438 dubitat
1020 3375 1083 3436 P.
1115 3376 1432 3438 Lentulum
1471 3372 1736 3437 aeternis
1769 3370 2042 3434 tenebris
2072 3372 2281 3433 vincu-

218 3452 417 3531 lisque
442 3460 736 3519 mandare
766 3467 827 3520 et
854 3456 1051 3520 sancit
1089 3458 1151 3519 in
1190 3466 1522 3535 posterum,
1558 3474 1636 3517 ne
1669 3454 1807 3531 quis
1835 3452 2048 3595 huligs
2051 3454 2280 3531 suppli
