2459 3817
0 0 2459 40 ἡ

758 209 921 270 CAP.
940 215 1203 270 46-49.
1235 212 1288 272 s.
1321 215 1650 271 roa—107.
2119 205 2242 270 103

180 373 280 427 tur
309 361 699 424 confessione
722 375 851 430 sua,
883 354 1218 417 manifestis
1247 356 1308 415 in
1337 355 1652 416 maleficiis
1680 364 1918 420 tenetur
1944 365 2006 418 et
2031 367 2234 422 manet

180 446 363 508 etiam
390 460 462 504 ac
490 440 709 504 tacitus
744 441 903 500 facta
930 453 1170 500 mecum
1200 454 1316 498 sua
1340 439 1744 512 recognoscit.

350 525 491 588 105.
526 521 784 584 Nimium
810 519 956 582 mihi
980 521 1084 581 diu
1114 519 1326 580 videor
1357 519 1418 580 in
1446 536 1568 582 uno
1595 531 1822 594 genere
1855 519 2088 582 versari
2123 524 2235 584 cri·

182 610 429 670 minum.
485 604 693 667 Sentio
710 651 725 678 ,
770 603 1035 676 iudieeS,
1070 604 1511 664 occurrendum
1539 619 1682 662 esse
1707 601 1972 679 satietati
2001 603 2234 666 aurium

180 691 643 764 animorumque
666 695 1023 748 vestrorum.
1058 685 1248 758 Quam
1271 686 1350 746 ob
1373 702 1502 746 rem
1525 685 1710 746 multa
1738 685 2233 761 praetermittam·

184 777 267 835 ad
294 791 368 836 ea
397 781 627 844 autern,
660 785 817 845 quae
847 768 1120 830 dicturus
1156 784 1320 840 sum,
1353 768 1585 828 reficite
1615 781 1756 840 vos,
1789 783 2050 843 quaeso,
2080 768 2234 830 iudi·

182 874 311 930 eeS,
354 868 467 932 per
519 855 671 914 deos
712 851 1103 924 immortales,
1142 866 1256 910 eos
1295 849 1491 924 ipsos,
1537 850 1615 909 de
1657 863 1915 924 quorum
1939 849 2236 926 religione

181 939 422 1002 iamdiu
453 931 728 1032 dicimus,
760 935 905 994 dum
935 933 1001 992 id
1026 934 1158 994 eius
1184 932 1424 992 facinus
1451 947 1858 994 commemoro
1887 940 1948 992 et
1967 934 2233 1008 profero,

186 1039 311 1096 quo
340 1016 657 1096 provincia
689 1025 811 1079 tota
838 1024 1139 1077 commota
1166 1021 1279 1076 est.
1342 1016 1434 1075 De
1463 1031 1584 1087 quo
1617 1013 1670 1073 si
1699 1015 1902 1088 paullo
1931 1013 2108 1075 altius
2137 1031 2234 1076 or·

186 1104 302 1164 diri
329 1119 403 1164 ac
431 1109 711 1176 repetere
744 1097 1094 1159 memoriam
1120 1095 1432 1172 religionis
1463 1095 1750 1168 videbor,
1777 1094 2106 1192 ignoscite.
2145 1095 2235 1156 rei

182 1184 535 1260 magnitudo
564 1197 661 1240 me
686 1180 953 1240 breviter
986 1180 1392 1254 perstringere
1425 1177 1798 1239 atrocitatem
1823 1176 2088 1240 criminis
2111 1195 2235 1240 non

186 1266 348 1328 sinit.
376 1263 639 1324 XLVIII.
672 1261 812 1322 106.
835 1262 1031 1322 Vetus
1052 1269 1149 1321 est
1174 1261 1330 1320 haec
1359 1260 1584 1334 opinio,
1616 1259 1870 1334 iudices,
1903 1277 2060 1335 quae
2088 1277 2234 1322 con·

188 1355 307 1408 stat
331 1361 408 1406 ex
448 1341 887 1418 antiquissimis
917 1343 1290 1404 Graecorum
1323 1341 1536 1402 litteris
1569 1357 1642 1402 ae
1671 1343 2105 1416 monumentis,
2146 1343 2235 1404 in-

184 1432 383 1490 sulam
422 1425 691 1488 Siciliam
732 1433 917 1487 totam
958 1441 1101 1486 esse
1148 1424 1348 1486 Cereri
1395 1432 1456 1486 et
1495 1424 1750 1486 Liberae
1797 1434 2232 1487 consecratam.

182 1515 317 1572 Hoc
348 1525 537 1587 quum
564 1517 840 1570 caeterae
873 1516 1087 1583 gentes
1117 1507 1208 1568 sie
1238 1507 1626 1581 arbitrantur,
1672 1516 1793 1570 tum
1820 1505 1977 1583 ipsis
2011 1507 2233 1570 Siculis

185 1596 267 1656 ita
294 1606 653 1670 persuasum
682 1599 795 1667 est,
824 1591 979 1653 utin
1010 1589 1225 1652 animis
1253 1607 1462 1652 eorum
1484 1589 1730 1652 insitum
1757 1597 1940 1665 atque
1966 1589 2236 1653 innatum

184 1693 329 1738 esse
354 1676 649 1736 videatur.⁴
692 1675 841 1735 Nam
870 1682 930 1735 et
949 1682 1121 1734 natas
1156 1690 1298 1734 esse
1325 1673 1438 1734 has
1467 1672 1530 1740 in
1558 1671 1634 1732 iis
1667 1673 1820 1734 locis
1851 1672 2000 1732 deas
2028 1682 2090 1735 et
2113 1675 2234 1734 fru-

184 1777 297 1833 ges
324 1761 385 1821 in
414 1775 489 1818 ea
515 1766 677 1818 terra
704 1756 961 1831 primum
998 1763 1274 1830 repertas
1311 1767 1454 1818 esse
1501 1755 1861 1814 arbitrantur
1904 1761 1967 1813 et
2001 1763 2237 1828 raptam

182 1857 330 1901 esse
354 1839 667 1911 Liberam,
701 1854 883 1912 quam
926 1838 1203 1898 eamdem
1227 1835 1658 1910 Proserpinam
1687 1841 1934 1909 vocant,
1967 1851 2048 1896 ex
2075 1837 2235 1896 Hen-

135 1991 143 2000 ,
188 1922 465 1982 nensium
492 1935 771 1990 nemore=
792 1933 795 1937 ·
816 1917 919 1992 qui
962 1920 1155 1990 loeuS,
1191 1917 1358 1993 quod
1390 1917 1452 1976 in
1481 1915 1807 1984 mediaest
1831 1915 2032 1978 insula
2065 1917 2235 1993 situS,

183 2003 505 2065 umbilicus
532 1999 775 2062 Siciliae
796 2001 1153 2062 nominatur.
1200 2001 1388 2074 Quam
1413 2016 1600 2074 quum
1620 1997 1986 2075 investigare
2009 2009 2069 2062 et
2093 2017 2233 2064 con·-

184 2085 433 2160 quirere
462 2084 643 2143 Ceres
676 2083 885 2155 vellet,
923 2080 1142 2142 dicitur
1178 2081 1590 2144 inflammasse
1624 2083 1834 2143 taedas
1867 2079 1944 2142 iis
1974 2081 2236 2158 ignibus,

182 2166 295 2242 qui
323 2183 401 2224 ex
428 2166 663 2225 Aetnae
698 2163 922 2226 vertice
952 2171 1304 2240 erumpunt=
1351 2181 1506 2240 quas
1537 2164 1653 2226 sibi
1683 2181 1869 2239 quum
1896 2165 2036 2240 ipsa
2063 2182 2236 2242 prae-

180 2253 387 2322 ferret,
410 2247 621 2308 orbem
644 2262 881 2307 omnem
901 2257 1266 2322 peragrasse
1289 2256 1597 2308 terrarum.
1628 2245 1766 2312 107.
1781 2249 1996 2310 Henna
2017 2243 2232 2327 autem,

180 2331 291 2392 ubi
322 2347 427 2404 ea,
470 2345 629 2405 quae
658 2328 826 2402 dice,
868 2338 1044 2404 gesta
1086 2347 1226 2390 esse
1254 2339 1819 2403 memorantur,‘est
1849 2333 1989 2393 loco
2020 2350 2240 2409 perex-

182 2414 355 2473 celso
385 2418 569 2487 atque
600 2411 763 2472 edito
786 2456 801 2483 ,
852 2427 976 2486 quo
1008 2411 1070 2472 in
1100 2429 1336 2474 summo
1371 2419 1467 2474 est
1495 2422 1758 2488 aequata
1791 2411 1922 2488 agri
1953 2415 2237 2489 planities

180 2503 249 2556 et
276 2511 475 2569 aquae
506 2509 846 2569 peremneS,
867 2501 995 2556 tota
1018 2508 1161 2554 vero
1194 2496 1273 2555 ab
1297 2493 1459 2555 omni
1485 2495 1656 2556 aditu
1677 2496 2033 2558 circumcisa
2053 2508 2237 2574 atque

183 2576 416 2638 directa
434 2584 558 2637 esta
592 2591 773 2649 quam
788 2574 951 2636 circa
972 2577 1143 2636 lacus
1158 2577 1402 2650 lucique
1425 2586 1566 2638 sunt
1576 2577 1817 2653 plurimi
1837 2587 2020 2654 atque
2034 2581 2235 2644 laetis·

182 2657 325 2720 simi
357 2657 545 2719 flores
575 2658 737 2718 omni
778 2667 1051 2732 tempore
1084 2659 1255 2732 anni,
1298 2660 1473 2722 locus
1519 2667 1586 2720 ut
1628 2659 1762 2734 ipse
1796 2669 2034 2736 raptum
2069 2663 2235 2727 illum

178 2740 467 2814 virginis,
514 2754 695 2814 quem
726 2739 845 2800 iam
874 2757 913 2800 a
940 2741 1152 2814 pueris
1184 2741 1534 2816 accepimus
1551 2787 1566 2813 ,
1600 2743 1915 2805 declarare
1941 2743 2234 2809 videatur.

175 2823 417 2884 Etenim
445 2838 641 2896 prope
669 2829 765 2882 est
784 2823 1079 2896 spelunca
1102 2825 1418 2898 quaedam,
1443 2839 1741 2885 conversa
1769 2825 1848 2885 ad
1870 2825 2236 2902 aquilonem,

176 2902 771 2976 infinita-altitudine,
797 2919 919 2978 qua
930 2904 1124 2964 Ditem
1144 2913 1376 2980 patrem
1397 2907 1594 2967 ferunt
1621 2914 1874 2980 repente
1897 2924 2034 2970 eum
2059 2928 2237 2973 curru

178 2985 495 3049 exstitisse
516 2987 952 3060 abreptamque
974 3003 1055 3046 ex
1077 3003 1152 3048 eo
1167 2988 1306 3049 loeo
1321 2987 1612 3062 virginem
1632 3004 1842 3050 seeum
1857 3003 2236 3066 asportasse,

178 3089 225 3132 e.
273 3067 473 3130 subito
502 3085 625 3128 non
651 3068 834 3142 longe
858 3085 893 3128 a
918 3067 1242 3144 Syracusis
1269 3079 1627 3145 penetrasse
1657 3071 1772 3132 sub
1798 3079 1990 3134 terras
2014 3076 2239 3135 lacum-

181 3151 395 3228 quein
425 3167 501 3212 eo
533 3151 669 3211 loeo
705 3157 960 3225 repente
986 3151 1332 3213 exstitisse:
1362 3152 1468 3213 ubi
1503 3170 1704 3229 usque
1737 3155 1818 3214 ad
1844 3155 1966 3216 hoc
1995 3165 2236 3231 tempus

182 3231 560 3310 Syracusani
598 3234 793 3293 festos
833 3232 966 3293 dIes
993 3232 1440 3296 anniversario-s
1485 3244 1672 3310 agunt
1715 3236 2106 3299 celeberrimo
2149 3237 2237 3297 vi·

177 3333 385 3380 rorum
411 3312 853 3388 mulierumque
876 3325 1198 3378 conventu.
1224 3317 1426 3376 XLIX.
1453 3317 1709 3392 Propter
1728 3315 1909 3376 huius
1930 3317 2236 3391 opinionis

180 3405 575 3472 vetustatem,
623 3397 791 3473 quod
832 3396 1047 3458 horum
1082 3397 1145 3458 in
1195 3397 1272 3460 iis
1317 3397 1471 3460 locis
1514 3397 1770 3472 vestigia
1811 3413 1882 3457 ac
1912 3415 2108 3476 prope
2147 3399 2236 3463 in-
