2459 3817
240 59 325 125 84
740 61 889 124 PRO
917 63 1209 124 ARcHlA
1241 61 1486 122 POETA
1517 61 1820 124 ORATIO.

244 221 581 290 putaretur,
613 219 739 275 tum
780 212 1137 274 auctoritate
1182 221 1244 274 et
1284 213 1473 286 gratia
1507 213 1740 274 Luculli
1779 213 1856 272 ab
1895 211 2300 276 Heracliensi-

240 297 359 359 bus
398 295 761 372 impetravit.
818 290 879 356 7.
910 295 1063 356 Data
1092 302 1187 356 est
1215 294 1428 357 civitas
1459 294 1688 355 Silvani
1729 295 1866 370 lege
1897 304 1956 356 et
1984 295 2302 372 Carbonis,

239 395 296 440 ει
329 396 426 449 om
462 395 829 439 rotor-:nans
858 394 1229 438 mvn-nisus
1254 394 1524 437 Ascmrn
1553 393 1860 437 ruissmz
1894 394 1948 438 ει
1977 393 2112 450 run,
2138 395 2302 448 oum(

237 478 349 522 ιιι-,κ
380 477 753 534 ramnus,
788 476 849 520 ιιι
888 461 1097 522 luna
1128 475 1482 522 coniciunt
1522 475 1888 520 nAsuissmrr
1913 474 1986 519 n
2013 477 2069 519 s1
2112 477 2296 522 smm-

238 561 415 604 ειιετΑ
461 559 669 602 prnsus
713 559 865 602 aruo
916 559 1274 602 rumonim
1327 559 1545 604 zsssnr
1588 557 1887 604 Ριιοηεει.
1959 543 2155 617 Quum
2198 545 2302 606 hic

238 626 609 688 domicilium
638 628 869 688 Romae
904 626 1125 686 multos
1154 625 1272 686 iam
1302 641 1498 686 annos
1527 626 1806 699 haberet,
1851 627 2173 700 protessus
2202 638 2303 689 est

237 711 402 784 apud
445 717 787 784 praetorem
831 709 897 784 Q.
938 709 1242 769 Metellum
1282 707 1814 770 familiarissimum
1861 726 2057 769 suum.
2125 707 2185 770 8.
2231 711 2298 772 Si

238 791 385 856 nihil
413 791 577 852 aliud
600 791 717 852 nisi
740 792 819 852 de
847 791 1087 852 civitate
1112 808 1188 852 ac
1210 793 1345 866 lege
1367 791 1624 853 dicimus
1639 837 1654 865 ,
1683 791 1828 852 nihil
1852 791 1991 851 dico
2013 792 2300 868 ampliuS,

237 891 425 936 causa
453 874 613 936 dicta
652 884 763 936 est.
819 873 975 948 Quid
1014 873 1173 934 enim
1214 874 1430 939 horum
1474 873 1789 946 infirmari,
1825 874 2017 946 Grati,
2054 884 2302 950 potest?

234 958 627 1020 Heracliaene
658 973 801 1020 esse
830 967 953 1019 tum
984 957 1316 1032 ascriptum
1359 957 1657 1032 negabis?
1693 956 1889 1018 Adest
1928 957 2018 1016 vir
2059 975 2298 1019 summa

236 1040 593 1106 auctoritate
622 1050 685 1102 et
710 1040 1002 1115 religione
1029 1049 1091 1101 et
1117 1040 1270 1115 fide,
1289 1037 1371 1100 M.
1397 1040 1716 1114 Lucullus,
1759 1037 1863 1114 qui
1904 1056 1975 1100 se
2006 1057 2124 1101 uon
2161 1041 2294 1116 opi-

236 1125 397 1198 nari,
431 1123 541 1186 sed
587 1121 776 1194 scire,
820 1139 944 1183 non
988 1120 1270 1193 audisse,
1325 1124 1437 1183 sed
1467 1122 1725 1195 vidisse,
1767 1138 1888 1182 non
1925 1121 2294 1198 interfuisse,

238 1209 349 1268 sed
404 1207 609 1282 egisse
655 1206 814 1267 dicit
891 1207 1133 1267 Adsunt
1182 1203 1610 1266 Heraclienses
1664 1204 1873 1280 legati,
1931 1205 2294 1266 nobilissimi

236 1288 535 1364 homineS,
582 1287 763 1349 huius
794 1288 999 1349 iudicii
1034 1305 1223 1349 causa
1261 1304 1397 1349 cum
1439 1285 1736 1349 mandatis
1777 1295 1837 1348 et
1876 1303 2010 1348 cum
2030 1287 2292 1364 ‚publico

234 1369 576 1432 testimonio
613 1377 925 1448 venerunt,
980 1372 1084 1445 qui
1128 1371 1292 1430 hunc
1333 1369 1662 1444 ascriptum
1699 1370 2154 1432 Heracliensem
2201 1371 2288 1431 di-

236 1462 395 1514 cunt.
451 1453 565 1512 Hic
594 1462 657 1514 tu
680 1453 915 1515 tabulas
944 1452 1261 1514 desideras
1289 1453 1766 1514 Heracliensium
1797 1452 2098 1532 publicas,
2137 1471 2298 1530 quas

234 1535 442 1598 italico
474 1535 631 1596 bello
663 1533 916 1598 incenso
956 1535 1254 1597 tabulario
1298 1534 1580 1597 interisse
1623 1535 1851 1598 scimus
1893 1553 2126 1597 omnes.
2181 1537 2292 1599 Est

234 1619 550 1682 ridiculum
581 1620 659 1704 ad
690 1637 793 1693 ea,
824 1634 982 1695 quae
1010 1619 1333 1693 habemuS,
1364 1618 1508 1680 nihil
1538 1618 1772 1693 dicere,
1806 1636 2100 1694 quaerere
2131 1637 2290 1696 quae¹

234 1703 458 1766 habere
488 1720 609 1765 non
644 1721 1003 1781 possumus,
1036 1705 1202 1765 etde
1228 1702 1536 1766 hominum
1566 1701 1856 1764 memoria
1889 1711 2109 1775 tacere,
2138 1703 2286 1765 litte-

130 1779 150 1804 ''
236 1804 435 1850 rarum
466 1786 813 1850 memoriam
840 1787 1149 1864 flagitare,
1180 1797 1270 1860 et,
1305 1805 1490 1862 quum
1520 1786 1748 1847 habeas
1789 1785 2149 1862 amplissimi
2179 1783 2290 1847 viri

234 1871 615 1947 religionem,
646 1871 1014 1948 integerrimi
1042 1870 1353 1946 municipii
1376 1871 1472 1932 ius
1501 1869 1821 1931 iurandum
1843 1869 2171 1945 fidemque,
2197 1885 2290 1942 ea,

238 1971 393 2029 quae
417 1955 735 2029 depravari
762 1956 925 2017 nullo
948 1956 1130 2016 modo
1158 1963 1447 2030 possunt,
1471 1954 1794 2029 repudiare
1810 1999 1825 2026 ,
1849 1953 2106 2027 tabulas,
2131 1967 2288 2029 quas

236 2035 391 2096 idem
428 2037 583 2096 dicis
625 2038 827 2096 solere
861 2037 1162 2113 corrumpi
1183 2085 1199 2114 ,
1241 2037 1612 2100 desiderare.
1673 2035 1734 2098 9.
1775 2038 1872 2096 An
1921 2034 2286 2098 domicilium

235 2121 462 2180 Romae
506 2135 625 2179 non
648 2121 897 2181 habuit?
942 2124 1021 2194 ls,
1054 2124 1157 2196 qui
1194 2128 1284 2181 tot
1332 2119 1508 2181 annis
1550 2127 1692 2181 ante
1741 2117 2043 2180 civitatem
2087 2119 2286 2180 datam

236 2203 444 2262 sedem
485 2199 749 2262 omnium
784 2217 984 2262 rerum
1026 2217 1099 2263 ac
1132 2205 1503 2264 fortunarum
1545 2219 1792 2264 suarum
1824 2202 2056 2262 Romae
2102 2203 2286 2263 colio—

236 2284 432 2344 cavitt
452 2287 546 2342 An
576 2299 696 2344 non
720 2294 817 2345 est
837 2285 1200 2359 professus?
1218 2288 1405 2346 lmmo
1427 2301 1577 2345 vero
1602 2282 1678 2346 iis
1701 2284 1920 2345 tabulis
1947 2284 2282 2360 professus,

236 2383 395 2442 quae
436 2367 607 2426 solae
647 2382 724 2426 ex
769 2365 871 2426 illa
907 2367 1294 2442 professione
1325 2366 1712 2444 collegioque
1754 2377 2101 2442 praetorum
2138 2366 2284 2428 obti-

234 2458 376 2510 nent
392 2448 767 2523 publicarum
789 2449 1124 2512 tabularum
1148 2450 1583 2511 auctoritatem.
1619 2452 1694 2510 V.
1718 2450 1866 2510 Nam
1892 2467 2078 2524 quum
2100 2448 2288 2525 Appii

230 2533 472 2594 tabulae
508 2531 907 2606 negligentius
950 2532 1311 2594 adservatae
1352 2532 1727 2608 dicerentur,
1768 2531 2037 2607 Gabinii,
2080 2549 2286 2606 quam·

233 2614 336 2676 diu
394 2614 712 2674 incolumis
770 2613 911 2686 fuit,
962 2616 1209 2690 levitas,
1277 2624 1420 2690 post
1471 2613 1920 2678 damnationem
1976 2615 2290 2677 calamitas

234 2711 469 2756 omnem
496 2697 830 2758 tabularum
856 2699 1041 2760 fldem
1064 2699 1470 2775 resignasset,
1491 2699 1770 2761 Metellus
1787 2745 1801 2772 ,
1823 2698 2006 2760 homo
2031 2697 2288 2759 sanctis-

234 2778 425 2838 simus
456 2779 1069 2857 modestissimusque
1094 2781 1388 2854 omnium,
1419 2791 1583 2844 tanta
1613 2782 1922 2858 diligentia
1951 2779 2086 2854 fuit,
2119 2787 2183 2840 ut
2208 2780 2287 2840 ad

232 2861 293 2920 L.
325 2861 639 2923 Lentulum
670 2873 1012 2938 praetorem
1044 2874 1104 2926 et
1134 2867 1213 2925 ad
1255 2864 1490 2927 iudices
1526 2865 1759 2926 venerit
1787 2875 1849 2927 et
1876 2865 2056 2926 unius
2095 2861 2280 2923 nomi·

232 2942 327 3002 nis
356 2943 533 3005 litura
564 2962 633 3005 se
668 2957 1032 3009 commotum
1064 2964 1206 3009 esse
1240 2947 1475 3010 dixerit.
1531 2949 1640 3008 His
1675 2947 1854 3023 igitur
1894 2945 2113 3010 tabulis
2155 2946 2282 3006 nul·

230 3029 348 3086 lam
378 3025 612 3088 lituram
642 3027 704 3087 in
736 3031 981 3090 nomine
1012 3031 1085 3090 Α.
1120 3030 1336 3091 Licinii
1369 3031 1605 3092 videtis.
1665 3028 1762 3092 10.
1794 3031 1960 3105 Quae
1992 3045 2176 3106 quum
2205 3025 2292 3088 ita

230 3110 379 3183 sint,
428 3110 572 3186 quid
615 3119 710 3171 est
763 3113 929 3185 quod
973 3113 1051 3172 de
1105 3112 1240 3175 eius
1290 3113 1529 3176 civitate
1569 3113 1882 3187 dubitem,
1930 3109 2292 3193 praesertim

230 3210 417 3267 quum
459 3193 595 3254 aliis
642 3210 892 3269 quoque
931 3193 993 3254 in
1037 3194 1383 3257 civitatibus
1435 3197 1615 3257 suerit
1664 3195 2014 3272 ascriptus?
2051 3191 2290 3255 Etenim

2455 937 2458 1044 ι
