2459 3817
261 130 388 205 142
713 138 863 199 PRO
890 138 955 198 Τ.
983 136 1220 197 Amilo
1248 136 1537 199 MILONE
1566 137 1867 199 ORATIO.

385 288 432 351 1.
458 286 514 348 1.
551 286 682 349 Etsi
705 300 939 357 vereor,
971 284 1226 361 iudices,
1264 302 1343 349 ne
1368 294 1539 363 turpe
1568 287 1647 347 sit
1675 302 1787 363 pro
1816 286 2147 348 fortissimo
2186 288 2331 351 viro

259 368 464 431 dicere
485 369 873 447 incipientem
899 367 1108 429 timere
1131 368 1497 445 minimeque
1524 369 1754 441 deceat,
1782 386 1965 444 quum
1984 368 2053 433 Τ.
2072 369 2327 431 Annius

257 450 397 529 ipse
445 449 640 526 magis
682 450 760 513 de
785 450 875 513 rei
905 449 1186 529 publicae
1212 452 1407 513 salute
1442 468 1625 527 quam
1658 452 1737 513 de
1766 468 1879 513 sua
1912 454 2327 528 perturbetur,

258 550 358 595 me
401 532 481 593 ad
511 532 644 595 eius
675 548 922 595 causam
953 550 1164 610 parem
1191 533 1375 595 animi
1400 533 1873 609 magnitudinem
1916 535 2161 594 adferre
2194 552 2326 597 non

259 630 472 691 posse,
503 622 704 675 tamen
733 614 888 676 haec
915 615 1068 677 novi·
1088 615 1297 676 iudicii
1318 632 1479 677 nova
1506 617 1701 676 forma
1724 624 1909 677 terret
1942 618 2179 691 omine,
2210 619 2325 693 qui

259 710 648 772 quocumque
675 694 1033 773 inciderunt,
1068 696 1566 758 consuetudinem
1588 697 1705 759 fori
1734 706 1795 758 et
1820 697 2144 774 pristinum
2186 716 2323 763 mo·

255 794 384 838 rem
419 776 778 839 iudiciorum
807 780 1141 856 requirunt.
1227 780 1361 841 Non
1395 782 1554 841 enim
1584 796 1812 841 corona
1842 796 2182 842 consessus
2212 799 2323 842 ve-

257 868 381 923 ster
409 858 643 923 cinctus
671 870 784 935 est,
814 870 882 923 ut
907 864 1172 924 solebat=
1207 879 1331 923 non
1359 860 1581 923 usitata
1606 862 1948 937 frequentia
1978 862 2186 938 stipati
2214 881 2323 926 su-

255 960 422 1005 muss
467 941 528 1003 2.
563 960 689 1005 non
714 944 818 1005 illa
845 944 1172 1019 praesidia,
1201 961 1359 1020 quae
1390 960 1501 1019 pro
1532 944 1773 1020 templis
1804 944 2091 1008 omnibus
2122 948 2319 1007 cemi-

257 1027 365 1099 tis,
406 1024 522 1086 etsi
551 1033 759 1087 contra
796 1026 912 1087 vim
943 1028 1241 1087 collocata
1270 1035 1441 1101 sunt,
1480 1040 1605 1086 non
1638 1027 1921 1089 adserunt
1944 1036 2147 1089 tamen
2180 1046 2317 1089 ora·

257 1107 378 1170 tori
397 1106 646 1183 aliquid,
678 1108 826 1168 utin
851 1111 986 1169 roro
1017 1108 1160 1169 etin
1185 1106 1431 1181 iudicio,
1463 1124 1828 1183 quamquam
1854 1109 2177 1185 praesidiis
2212 1128 2317 1171 sa-

256 1188 549 1251 lutaribus
565 1196 625 1251 et
636 1191 1004 1252 necessariis
1023 1190 1221 1267 saepti
1237 1206 1466 1265 sumus,
1483 1198 1681 1251 tamen
1698 1208 1774 1251 ne
1788 1209 1911 1253 non
1940 1191 2154 1253 timere
2178 1193 2310 1268 qui·

257 1274 396 1334 dem
423 1271 557 1333 sine
584 1273 788 1347 aliquo
819 1273 1032 1333 timore
1071 1272 1405 1347 possimus.
1490 1272 1657 1345 Quae
1700 1272 1755 1335 si
1784 1276 2075 1349 opposita
2102 1273 2308 1341 Miloni

256 1362 562 1429 putarem,
591 1354 872 1414 cederem
900 1352 1184 1429 tempori,
1211 1355 1465 1427 iudices„
1497 1371 1613 1415 nec
1632 1354 1788 1416 inter
1815 1365 2039 1417 tantam
2072 1358 2190 1416 vim
2218 1374 2319 1416 ar-

253 1450 489 1495 morum
517 1432 922 1495 existimarem
953 1450 1096 1495 esse
1131 1435 1390 1496 orationi
1418 1438 1635 1499 locum.
1706 1436 1831 1498 Sed
1864 1454 1964 1499 mc
1990 1448 2229 1500 recreat
2256 1446 2320 1499 et

253 1515 448 1577 reficit
469 1514 572 1577 Cn.
595 1514 894 1591 Pompeii,
925 1516 1357 1591 sapientissimi
1385 1526 1444 1578 et
1464 1517 1777 1582 iustissimi
1804 1520 1937 1595 viri,
1972 1520 2313 1596 consilium,

256 1597 360 1674 qui
389 1598 662 1673 profecto
692 1613 806 1659 nec
835 1597 1098 1661 iustitiae
1129 1616 1279 1661 suae
1312 1608 1549 1675 putaret
1576 1618 1735 1677 esse,
1768 1619 1951 1678 quem
1971 1619 2143 1665 reum
2172 1620 2311 1665 sen-

261 1678 457 1742 tentiis
479 1679 745 1742 iudicum
765 1681 1132 1756 tradidisset,
1167 1682 1447 1743 eumdem
1476 1684 1609 1744 telis
1638 1684 1888 1745 militum
1918 1686 2166 1761 dedere,
2197 1702 2311 1747 nec

255 1763 592 1839 sapientiae
613 1764 1008 1826 temeritatem
1027 1764 1365 1827 concitatae
1386 1764 1779 1827 multitudinis
1810 1768 2169 1829 auctoritate
2198 1786 2309 1845 pu·

253 1848 411 1907 blica
437 1862 691 1908 armare.
776 1847 837 1908 3.
869 1848 1058 1923 Quam
1089 1848 1168 1909 ob
1199 1864 1328 1909 rem
1356 1848 1459 1907 illa
1498 1864 1698 1923 arma,
1743 1848 2160 1922 centuriones,
2208 1868 2310 1911 co-

253 1930 460 1991 hortes
491 1946 612 1991 non
649 1929 980 2005 periculum
1012 1930 1212 2003 nobis,
1242 1928 1357 1991 sed
1385 1928 1758 2004 praesidium
1782 1932 2175 2005 denuntiant,
2204 1950 2307 1993 ne·

256 2027 376 2087 que
407 2015 606 2073 solum
637 2021 702 2073 ut
735 2012 970 2087 quieto,
1015 2014 1128 2075 sed
1168 2014 1346 2073 etiam
1378 2021 1447 2073 ut
1472 2028 1692 2087 magno
1720 2013 1919 2077 animo
1948 2014 2147 2077 simus
2172 2015 2310 2076 hor·

255 2101 484 2165 tantur,
516 2110 720 2167 neque
748 2093 1038 2155 auxilium
1065 2094 1249 2155 modo
1280 2094 1619 2155 defensioni
1648 2112 1851 2170 meae,
1890 2114 2101 2159 verum
2130 2096 2310 2157 etiam

258 2174 559 2235 silentium
589 2176 964 2248 pollicentur.
1028 2175 1289 2251 Reliqua
1319 2192 1467 2237 vero
1502 2176 1838 2251 multitudo,
1870 2194 2029 2254 quae
2062 2178 2309 2254 quidem

254 2266 348 2318 est
377 2254 615 2329 civium,
643 2264 770 2316 tota
793 2266 1001 2318 nostra
1029 2266 1140 2329 est,
1171 2274 1375 2333 neque
1396 2274 1607 2319 eorum
1638 2260 1981 2336 quisquam,
2016 2274 2179 2337 quos
2203 2280 2307 2321 un-

259 2338 439 2411 dique
467 2338 788 2413 intuenteS,
821 2341 985 2400 unde
1015 2340 1219 2413 aliqua
1252 2341 1365 2400 fori
1394 2355 1539 2415 pars
1562 2340 1758 2416 aspici
1784 2351 2007 2418 potest,
2036 2352 2101 2405 et
2124 2342 2307 2405 huius
2376 2368 2381 2371 ·
2458 2355 2459 2374 ¹

255 2420 478 2479 exitum
509 2418 716 2481 iudicii
749 2429 1174 2495 exspectantes
1193 2421 1433 2494 videtiS,
1462 2440 1589 2491 non
1620 2442 1806 2498 quum
1840 2424 2036 2485 virtuti
2063 2425 2307 2485 Milonis

255 2503 418 2562 favet
455 2510 584 2562 tum
611 2502 690 2562 de
715 2518 813 2573 se,
854 2504 938 2561 de
972 2502 1178 2562 liberis
1209 2502 1373 2575 suis,
1418 2505 1496 2564 de
1525 2506 1753 2580 patria,
1794 2507 1875 2567 de
1914 2507 2173 2569 fortunis
2200 2509 2305 2567 ho-

253 2584 464 2643 dierno
495 2583 596 2643 die
623 2584 920 2644 decertari
948 2590 1134 2659 putat.
1189 2586 1261 2642 ΙΙ.
1291 2584 1489 2646 Unum
1518 2604 1711 2661 genus
1744 2597 1840 2650 est
1869 2590 2196 2651 adversum
2218 2588 2305 2649 in-

253 2667 596 2741 festumque
621 2663 800 2725 nobis
823 2682 1050 2737 eorum,
1079 2682 1236 2739 quo-s
1256 2666 1318 2725 P.
1351 2666 1542 2729 Clodii
1572 2671 1740 2731 furor
1760 2670 1991 2747 rapinis
2016 2680 2079 2733 et
2103 2671 2306 2731 incen-

253 2746 369 2807 diis
399 2755 459 2808 et
492 2747 770 2809 omnibus
794 2748 993 2811 exitiis
1010 2747 1270 2824 publicis
1300 2748 1494 2823 pavit=
1519 2752 1622 2825 qui
1649 2752 1933 2814 hesterna
1960 2754 2137 2815 etiam
2162 2768 2306 2814 con-

251 2829 414 2887 tione
444 2830 667 2891 incitati
711 2839 879 2905 sunt,
923 2839 991 2892 ut
1021 2830 1196 2891 vobis
1227 2848 1383 2892 voce
1426 2832 1729 2907 praeirent
1764 2834 1911 2909 quid
1938 2835 2305 2897 iudicaretis.

253 2909 518 2982 Quorum
547 2914 774 2973 clamor
807 2916 860 2973 si
891 2913 998 2989 qui
1031 2917 1185 2973 sorte
1215 2913 1423 2989 fuerit,
1451 2915 1777 2977 admonere
1806 2934 1919 2977 vos
1948 2917 2211 2991 debebit,
2241 2925 2306 2979 ut

255 3006 394 3052 eum
423 2992 618 3055 civem
647 2996 985 3069 retineatis,
1030 2996 1132 3071 qui
1175 3012 1419 3071 semper
1444 3012 1637 3073 genus
1668 2999 1815 3059 illud
1842 2998 2154 3060 hominum
2184 3002 2304 3059 cla-

250 3090 577 3151 moresque
605 3078 900 3139 maximos
929 3094 1077 3153 prae
1103 3086 1309 3139 vestra
1335 3080 1529 3140 salute
1560 3079 1844 3156 neglexit.
1912 3080 1973 3143 4.
2006 3079 2197 3156 Quam
2226 3082 2305 3141 ob

247 3174 378 3219 rem
405 3158 620 3221 adeste
646 3160 889 3233 animis,
929 3158 1198 3229 iudices,
1248 3168 1307 3219 et
1333 3159 1607 3223 timorem
1638 3163 1691 3221 si
1722 3178 1902 3238 quem
1933 3164 2171 3225 habetis
2200 3166 2299 3225 de·

252 3239 479 3312 ponite.
561 3242 710 3301 Nam
751 3240 805 3301 si
837 3257 1120 3316 umquam
1152 3242 1229 3299 de
1256 3240 1435 3301 bonis
1471 3251 1534 3303 et
1559 3244 1814 3305 fortibus
1860 3244 2035 3317 viris,
2078 3246 2133 3305 si
2174 3262 2300 3305 um-

252 3336 432 3391 quam
462 3322 540 3380 de
573 3322 730 3381 bene
755 3322 981 3381 meritis
1025 3322 1259 3381 civibus
1301 3330 1573 3395 potestas
1611 3326 1787 3386 vobis
1826 3325 2131 3387 iudicandi
2176 3327 2297 3391 fuit,
