2459 3817
731 182 894 242 CAP.
931 190 1091 243 18-
1105 190 1190 243 26.
1236 187 1288 241 S.
1317 188 1384 242 45
1406 214 1470 223 —
1492 187 1583 239 ea.
2074 182 2194 243 115

139 339 283 415 quid
313 333 776 412 tergiversaris?
812 332 1007 394 Etiam
1037 342 1220 409 atque
1244 334 1421 394 etiam
1455 332 1613 394 insto
1647 337 1829 407 atque
1859 346 2069 407 urgeo,
2106 332 2193 392 in·

135 428 369 493 sector,
417 435 613 496 posco
655 428 840 492 atque
879 418 1039 477 adeo
1067 415 1277 491 flagito
1324 418 1581 477 crimen:
1615 432 2061 491 quamcumque
2092 416 2193 477 tri·

137 509 294 577 bum,
325 502 594 577 inquam,
624 500 944 577 delegeriS,
982 516 1161 575 quam
1200 500 1398 561 tulerit
1426 497 1738 571 PlanciuS,
1776 508 1836 561 ω
1872 499 2194 570 ostendito,

134 590 188 651 si
233 588 492 665 poteris,
540 585 780 646 vitium:
852 600 968 658 ego
1002 601 1123 659 qua
1152 585 1389 645 ratione
1435 586 1630 645 tulerit
1658 584 1915 644 docebo.
1984 584 2197 659 Neque

133 672 248 733 erit
274 672 426 731 haec
455 669 574 729 alia
599 668 752 728 ratio
787 666 1030 727 Plancio
1061 682 1134 726 ac
1164 668 1287 741 tibi,
1316 667 1682 729 Laterensis.
1754 667 1903 726 Nam
1940 676 2004 728 nt
2038 686 2194 742 quas

137 756 325 817 tribus
357 761 421 815 tu
445 751 649 825 tulisti,
680 751 729 812 si
761 750 880 811 iam
911 766 991 810 ex
1018 760 1076 811 te
1105 751 1427 825 requiram,
1456 752 1665 825 possis
1698 767 1957 825 quorum
1993 752 2193 812 studio

131 838 342 901 tuleris
369 837 697 912 explicare,
731 834 820 895 sic
851 851 966 910 ego
998 834 1116 894 hoc
1153 836 1477 907 contendo,
1506 850 1603 893 me
1636 834 1738 894 tibi
1762 833 1882 908 ipsi
1906 835 2192 895 adversa·

131 923 221 984 rio
253 920 694 995 cuiuscumque
727 916 917 979 tribus
948 917 1244 977 rationem
1277 918 1642 992 poposceris
1676 917 2071 978 redditurum.

254 1006 382 1065 XX.
430 1002 534 1063 49.
576 1002 702 1062 Sed
741 1017 850 1061 cur
879 1000 969 1061 sic
999 1007 1160 1074 ago?
1201 1002 1378 1075 quasi
1419 1016 1541 1060 non
1574 1000 1833 1062 comitiis
1862 1002 1981 1063 iam
2009 1018 2194 1077 supc-

131 1089 394 1151 rioribus
419 1085 498 1147 sit
516 1085 796 1145 Plancius
815 1082 1170 1157 designatus
1201 1084 1445 1144 aedilis=
1482 1100 1640 1159 quae
1676 1083 1917 1144 comitia
1940 1084 2197 1161 primum

131 1174 356 1232 habere
385 1168 590 1243 coepit
622 1168 838 1227 consul
869 1183 1055 1241 quum
1087 1166 1366 1227 omnibus
1412 1167 1471 1226 in
1510 1168 1695 1229 rebus
1726 1185 1961 1229 summa
1988 1178 2197 1230 aucto-

133 1255 306 1315 ritate
334 1261 458 1313 tum
489 1252 700 1311 harum
733 1252 1002 1325 ipsarum
1033 1251 1233 1325 legum
1264 1249 1525 1311 ambitus
1552 1261 1792 1313 auctorz
1836 1252 2059 1313 deinde
2089 1253 2193 1311 ha-

133 1340 276 1399 bere
307 1334 510 1412 coepit
543 1334 743 1395 subito
777 1341 1016 1409 praeter
1045 1333 1394 1408 opinionem
1424 1335 1721 1409 omnium,
1750 1343 1919 1397 utne
1948 1335 2003 1395 si
2032 1336 2194 1411 cogi·

128 1429 322 1483 tasset
351 1419 596 1495 quidem
635 1417 839 1493 largiri
871 1416 1190 1493 quispiam,
1225 1420 1470 1479 daretur
1499 1418 1759 1495 spatium
1782 1420 2191 1495 comparandi.

135 1506 413 1565 vocatae
435 1503 644 1574 tribus,
669 1504 856 1567 latum
881 1502 1269 1576 suffragium,
1308 1502 1583 1561 diribitae
1608 1505 1900 1574 [tabellae]
1916 1547 1933 1575 ,
1960 1518 2183 1582 renun-

133 1585 344 1647 tiatae:
388 1588 571 1661 longe
597 1586 922 1660 plurimum
951 1586 1138 1645 valuit
1161 1586 1475 1646 Plancius:
1517 1587 1681 1645 nulla
1705 1584 2041 1659 largitionis
2067 1600 2183 1645 nec

133 1670 246 1730 fuit
269 1686 380 1729 nec
405 1686 546 1730 6336
567 1671 764 1743 potuit
785 1668 1066 1743 suspitio.
1112 1668 1228 1727 Ain
1258 1670 1538 1727 tandem?
1570 1684 1691 1727 una
1715 1667 1987 1727 centuria
2008 1683 2183 1742 prae-

133 1754 409 1825 rogativa
442 1760 675 1812 tantum
711 1752 894 1810 habet
925 1750 1336 1820 auctoritafis,
1374 1760 1440 1811 ut
1475 1766 1655 1809 nemo
1691 1766 1977 1823 umquam
2014 1750 2185 1825 prior

135 1851 268 1893 eam
303 1834 507 1894 tulerit
537 1833 680 1907 quin
716 1834 1095 1893 renuntiatus
1126 1834 1203 1893 sit
1232 1841 1339 1892 aut
1367 1834 1440 1893 iis
1470 1832 1622 1906 ipsis
1664 1832 1922 1893 comitiis
1964 1836 2181 1893 consul

131 1926 236 1977 aut
266 1924 432 1977 certe
460 1917 520 1977 in
560 1918 726 1977 illum
755 1932 1010 1975 annum:
1054 1916 1314 1975 aedilem
1347 1925 1408 1975 tu
1437 1914 1747 1975 Plancium
1776 1917 2003 1975 factum
2038 1931 2181 1975 esse

131 2000 384 2071 mirarIS,
411 1999 471 2060 in
489 2016 610 2075 quo
630 2016 751 2059 non
766 1999 986 2073 exigua
999 2014 1145 2073 pars
1166 2000 1399 2073 populi,
1423 2000 1535 2059 sed
1561 1999 1885 2058 universus
1911 2000 2177 2073 populus

129 2084 498 2143 voluntatem
532 2098 706 2143 suam
748 2081 1108 2143 declararit?
1148 2084 1323 2143 cuius
1364 2081 1424 2143 in
1462 2084 1695 2145 honore
1730 2103 1850 2147 non
1883 2087 2059 2147 unius
2096 2088 2189 2147 tri-

127 2169 244 2227 bus
277 2182 452 2241 pam,
475 2167 597 2226 *sed
625 2164 867 2226 comitia
901 2173 1024 2227 tota
1053 2165 1312 2227 comitiis
1344 2167 1561 2228 fuerint
1590 2172 2055 2244 praerogativa?
2085 2170 2187 2231 50.

128 2251 258 2323 Quo
292 2250 538 2324 quidem
573 2258 875 2323 tempore,
903 2248 1280 2323 Laterensis,
1326 2251 1377 2311 si
1418 2251 1480 2309 id
1522 2252 1723 2312 facere
1752 2255 2057 2314 voluisses
2087 2264 2193 2314 aut

127 2335 180 2394 si
220 2333 534 2407 gravitatis
571 2349 716 2394 esse
758 2340 1045 2407 putasses
1093 2341 1261 2406 tuae,
1312 2336 1477 2408 quod
1524 2336 1689 2395 multi
1729 2336 1965 2397 nobiles
2002 2352 2193 2412 saepe

127 2420 432 2489 fecerunt,
480 2424 569 2490 ut,
606 2432 790 2493 quum
821 2415 1020 2477 minus
1053 2416 1391 2478 valuissent
1432 2418 1739 2494 suffragiis
1776 2437 1956 2495 quam
1987 2430 2190 2495 putas-

124 2508 279 2573 sent,
311 2508 528 2576 postea
557 2500 812 2575 prolatis
843 2498 1102 2561 comitiis
1133 2509 1590 2577 prosternerent
1618 2518 1686 2563 se
1720 2512 1781 2565 et
1808 2506 2040 2579 populo
2070 2504 2191 2563 Ro-

125 2599 305 2643 mano
363 2586 551 2645 fracto
595 2584 797 2645 animo
835 2592 1020 2659 atque
1061 2584 1270 2645 humili
1314 2581 1757 2660 supplicarent,
1816 2604 1938 2648 non
1982 2585 2190 2647 dubito

124 2668 269 2742 quin
317 2668 513 2728 omnis
559 2668 636 2727 ad
685 2675 743 2728 te
780 2684 1153 2729 conversura
1201 2668 1381 2729 fuerit
1419 2668 1755 2730 multitudo.
1852 2670 2191 2745 Numquam

121 2750 284 2811 euim
315 2752 441 2810 sere
473 2750 773 2823 nobilitaS,
805 2750 1037 2825 integra
1069 2752 1421 2825 praesertim
1450 2760 1637 2826 atque
1660 2752 1974 2824 innocens,
2013 2772 2049 2813 a
2082 2770 2187 2829 po-

122 2835 268 2909 pulo
302 2835 578 2895 Romano
626 2838 891 2909 supplex
929 2835 1249 2909 repudiata
1289 2848 1401 2895 est.
1504 2833 1630 2895 Sed
1670 2834 1725 2895 si
1770 2836 1875 2895 tibi
1916 2837 2187 2911 gravitas

123 2926 225 2979 tua
254 2925 314 2978 et
341 2916 691 2991 magnitudo
721 2917 902 2977 animi
935 2917 1124 2992 pluris
1156 2918 1294 2988 fuit,
1340 2917 1519 2978 sicuti
1548 2934 1690 2978 esse
1714 2918 1951 2993 debuit,
2008 2936 2189 2995 quam

121 3000 434 3080 aedilitas,
468 3002 621 3073 noli,
669 3018 854 3077 quum
895 3001 1124 3061 habeas
1156 3002 1248 3072 id,
1280 3002 1445 3073 quod
1482 2998 1798 3076 malueris,
1835 3002 2189 3065 desiderare

120 3083 205 3157 id,
237 3086 404 3159 quod
440 3083 691 3145 minoris
727 3084 977 3161 putaris.
1019 3084 1316 3160 Equidem
1342 3084 1599 3159 primum
1622 3095 1687 3146 ut
1709 3086 1943 3147 honore
1966 3088 2187 3161 dignus

121 3182 327 3228 essem
367 3168 628 3229 maxime
686 3184 931 3244 semper
978 3168 1273 3239 laboravi,
1338 3170 1614 3229 secundo
1663 3178 1730 3230 ut
1781 3169 2184 3229 existimarem

120 3250 360 3313 tertium
395 3250 537 3312 mihi
574 3250 681 3313 fuit
707 3252 882 3324 illud,
930 3253 1092 3329 quod
1135 3251 1447 3327 plerisque
1481 3253 1733 3328 primum
1764 3262 1883 3325 est,
1915 3252 2050 3325 ipse
2078 3253 2177 3313 ho·

123 3350 258 3399 nos,
297 3336 399 3409 qui
425 3334 500 3396 iis
517 3336 781 3411 denique
807 3336 989 3397 debet
1011 3352 1153 3396 esse
1170 3336 1491 3409 iucundUS,
1518 3353 1773 3410 quorum
1792 3334 2061 3409 dignitati
2078 3352 2183 3409 po·

123 3419 304 3491 putus
329 3419 640 3479 Romanus
669 3419 1090 3492 testimonium,
1121 3437 1245 3479 non
1272 3419 1630 3479 beneficium
1660 3418 1969 3557 angbstmni
2000 3418 2173 3479 dedit.

1778 3508 1806 3538 8
