2459 3817
262 153 388 221 278
825 150 973 213 PRO
1004 150 1072 208 L.
1102 149 1432 209 MURENA
1463 145 1768 210 ORATIO.

258 310 522 383 quorum
556 298 729 363 alteri
758 315 880 360 uno
913 300 1180 362 adventu
1202 301 1394 360 nostri
1425 302 1730 361 exercitus
1757 295 1940 360 deleti
1964 304 2122 370 sunt,
2153 296 2330 359 alteri

260 387 456 450 nostri
490 383 726 460 imperii
771 381 1081 457 praesidio
1112 383 1499 458 disciplinam
1531 399 1702 443 suam
1746 385 2041 458 legesque
2075 397 2322 442 conser-

258 480 423 533 vant.
476 467 740 529 XXXVI.
766 464 864 528 75.
908 465 1037 539 Qua
1063 483 1131 528 re
1160 465 1304 540 noli,
1332 466 1496 539 Cat0,
1529 466 1822 527 maiorum
1845 465 2133 538 instituta,
2166 481 2330 539 quae

256 572 362 616 res
391 555 545 628 ipsa,
578 566 739 626 quae
769 548 1130 611 diuturnitas
1160 547 1398 624 imperii
1429 550 1804 624 comprobat,
1835 548 2083 608 nimium
2108 565 2328 608 severa

260 635 537 698 oratione
580 633 1051 708 reprehendere.
1122 632 1260 693 Fuit
1295 633 1513 694 eodem
1554 649 1633 693 ex
1677 633 1878 693 studio
1921 631 2014 690 vir
2053 631 2330 692 eruditus

260 720 429 795 apud
456 725 664 794 patres
699 724 947 778 nostros
975 724 1037 777 et
1062 717 1362 804 hoglestus
1392 717 1576 777 homo
1606 724 1668 777 et
1695 715 1937 789 nobilis,
1969 715 2036 788 Ω.
2065 715 2328 775 Tubero.

258 805 535 875 ls‚quum
558 801 803 876 epulum
820 797 1201 874 affluimus
1214 799 1560 860 P.Al'ricani
1591 797 1790 874 patrui
1817 797 1913 858 sui
1942 797 2187 859 nomine
2216 815 2327 873 po·

262 888 405 962 pulo
428 887 702 946 Romano
731 884 921 957 daret,
954 891 1205 957 rogatus
1236 892 1332 943 est
1356 899 1394 943 a
1413 881 1699 957 Maxime,
1735 890 1803 943 ut
1824 881 2145 943 triclinium
2177 890 2328 942 ster·

262 977 461 1044 neret,
516 983 705 1044 quum
749 975 920 1028 esset
957 967 1199 1027 Tubero
1239 964 1515 1026 eiusdem
1552 965 1824 1026 Africani
1871 965 2104 1026 sororis
2144 965 2326 1025 filius,

260 1055 463 1127 Atque
494 1049 624 1125 ille,
664 1051 847 1111 homo
876 1049 1326 1110 eruditissimus
1360 1063 1434 1110 ac
1467 1049 1740 1122 Stoicus,
1780 1049 1992 1110 stravit
2026 1048 2327 1125 pelliculis

262 1133 539 1195 haedinis
579 1135 835 1195 lectulos
870 1133 1214 1195 Punicanos
1254 1142 1315 1194 et
1355 1132 1642 1208 exposuit
1680 1149 1833 1193 vasa
1867 1131 2100 1192 Samia:
2150 1133 2325 1207 quasi

261 1235 408 1279 vero
450 1225 618 1278 esset
645 1217 953 1292 Diogenes
987 1216 1254 1295 Cynicus
1284 1227 1558 1278 mortuus
1595 1225 1654 1277 et
1689 1233 1812 1277 non
1851 1215 2038 1276 divini
2066 1217 2326 1277 hominis

260 1301 529 1362 Africani
569 1317 736 1360 mors
771 1301 1225 1362 honestareture
1289 1317 1467 1376 quem
1514 1316 1699 1376 quum
1735 1315 2022 1376 supremo
2051 1299 2184 1360 eius
2227 1300 2326 1358 die

260 1384 561 1444 Maximus
603 1383 907 1456 laudaret,
951 1383 1177 1458 gratias
1218 1383 1342 1458 egit
1381 1384 1478 1444 dis
1520 1383 1984 1457 immortalibuS,
2032 1383 2199 1459 quod
2225 1381 2326 1444 ille

260 1467 355 1526 vir
384 1467 445 1526 in
475 1467 591 1526 hac
618 1482 686 1525 re
717 1465 961 1540 publica
997 1466 1382 1541 potissimum
1423 1476 1602 1528 natus
1635 1476 1832 1528 esset=
1880 1483 2139 1528 necesse
2167 1464 2326 1526 enim

262 1550 455 1611 fuisse
489 1548 574 1609 ibi
613 1565 757 1610 esse
789 1557 1083 1610 terrarum
1104 1548 1455 1626 imperium,
1497 1551 1600 1611 ubi
1632 1550 1734 1611 ille
1775 1560 1961 1612 esset.
2041 1549 2236 1611 Huius
2265 1547 2325 1608 in

260 1642 451 1703 morte
480 1633 849 1695 celebranda
880 1632 1145 1708 graviter
1184 1633 1319 1695 tulit
1351 1636 1630 1710 populus·
1651 1637 1964 1696 Romanus
1997 1635 2154 1694 hanc
2190 1649 2302 1708 per

259 1735 501 1779 versam
526 1716 887 1793 sapientiam
906 1717 1268 1779 Tuberonis.
1319 1715 1419 1780 76.
1444 1720 1656 1794 Itaque
1676 1720 1859 1778 homo
1884 1715 2325 1792 integerrimus,

260 1801 413 1863 civis
454 1800 753 1878 optimus,
794 1818 981 1878 quum
1026 1810 1196 1863 esset
1214 1803 1290 1864 L.
1317 1801 1506 1862 Paulli
1553 1817 1781 1878 nepos,
1825 1803 1888 1860 P.
1919 1800 2220 1872 Africani,
2263 1810 2328 1860 ut

258 1885 415 1960 dixi,
464 1887 696 1946 sororis
725 1885 920 1960 filius,
964 1884 1061 1945 his
1095 1884 1376 1946 haedinis
1409 1885 1712 1961 pelliculis
1744 1895 2023 1961 praetura
2052 1882 2327 1944 deiectus

258 1978 371 2030 est.
452 1969 593 2031 Odit
629 1971 899 2044 populus
940 1971 1256 2030 Romanus
1299 1969 1595 2045 privatam
1644 1968 1971 2043 luxuriam,
2023 1967 2326 2043 publicam

256 2050 767 2125 magnificentiam
795 2051 1018 2128 diligit=
1070 2069 1193 2113 non
1223 2061 1387 2113 amat
1421 2055 1705 2126 profusas
1736 2055 1981 2126 epulaS,
2019 2051 2237 2111 sordes
2269 2061 2326 2111 et

256 2132 751 2194 inhumanitatem
781 2137 967 2196 multo
999 2135 1219 2196 minus.
1304 2134 1646 2212 Distinguit
1699 2135 1938 2196 ratione
1987 2133 2329 2195 officiorum

256 2233 332 2277 ac
352 2225 692 2291 temporum
737 2216 1221 2279 vicissitudinem
1244 2220 1471 2280 laboris
1496 2236 1567 2280 ac
1593 2219 1940 2293 voluptatis.
1986 2219 2134 2278 Nam
2162 2218 2329 2293 quod

257 2300 350 2360 ais
380 2301 546 2360 nulla
572 2315 641 2360 re
670 2298 853 2360 adlici
880 2301 1192 2362 hominum
1216 2311 1454 2362 mentes
1484 2310 1768 2377 oportere
1799 2303 1878 2363 ad
1915 2301 2330 2377 magistratum

258 2383 668 2444 mandandum
709 2381 827 2444 nisi
868 2383 1187 2459 dignitate,
1232 2385 1352 2445 hoe
1386 2394 1450 2446 tu
1490 2386 1656 2460 ipse,
1697 2385 1756 2444 in
1797 2403 1921 2460 quo
1968 2401 2204 2446 summa
2232 2393 2330 2444 est

258 2465 553 2541 dignitas,
596 2482 719 2528 non
754 2481 987 2527 servas.
1060 2467 1179 2528 Cur
1206 2467 1367 2528 enim
1399 2485 1797 2544 quemquam,
1833 2478 1899 2528 ut
1927 2469 2169 2529 studeat
2199 2465 2332 2540 tibi,

256 2559 323 2610 ut
351 2558 411 2608 te
439 2550 704 2622 adiuvet,
748 2557 975 2625 rogas?
1031 2552 1239 2626 Rogas
1269 2559 1331 2611 tu
1361 2567 1477 2625 me,
1510 2559 1576 2612 ut
1603 2550 1747 2612 mihi
1779 2551 2038 2626 praesia
2070 2559 2136 2612 ut
2165 2565 2330 2611 com-

257 2630 483 2693 mittam
512 2649 629 2709 ego
672 2649 769 2694 me
806 2633 934 2693 tibi.
1008 2633 1164 2708 Quid
1194 2635 1481 2694 tandem}
1537 2635 1701 2695 Istuc
1730 2651 1827 2695 me
1854 2635 2058 2710 rogari
2087 2641 2334 2710 oportet

256 2716 369 2774 abs
414 2726 474 2776 te
502 2731 580 2776 an
614 2726 675 2778 te
707 2716 913 2793 potius
946 2736 980 2778 a
1022 2733 1148 2790 me,
1198 2727 1266 2776 ut
1301 2734 1414 2792 pro
1457 2733 1595 2777 mea
1623 2720 1818 2778 salute
1859 2719 2127 2778 laborem
2169 2715 2332 2792 peri-

256 2799 585 2874 culumque
614 2799 963 2875 suscipias}
1020 2797 1119 2861 77.
1155 2799 1355 2874 Quid?
1384 2801 1552 2874 quod
1574 2800 1767 2860 habes
1791 2803 2336 2872 nomenclatorem,

254 2879 318 2940 in
346 2897 425 2942 eo
458 2881 703 2956 quidem
736 2883 895 2943 fallis
927 2891 990 2944 et
1016 2882 1274 2958 decipis.
1349 2884 1500 2944 Nam
1531 2881 1586 2942 si
1613 2883 1862 2945 nomine
1887 2883 2182 2960 appellari
2211 2882 2334 2941 abs

251 2971 316 3026 te
345 2962 513 3026 cives
545 2974 685 3027 tuos
716 2967 1041 3026 honesturn
1066 2975 1179 3038 est,
1209 2975 1388 3040 turpe
1411 2974 1507 3027 est
1529 2981 1638 3026 eos
1668 2967 1940 3028 notiores
1970 2981 2114 3028 esse
2142 2980 2332 3026 servo

253 3053 365 3109 tuo
386 3065 566 3122 quam
588 3047 715 3108 tibi.
750 3047 875 3120 Sin,
898 3047 1079 3108 etiam
1099 3051 1155 3108 si
1174 3047 1364 3119 noriS,
1388 3053 1588 3108 tamen
1603 3064 1719 3124 per
1731 3050 2094 3109 monitorem
2110 3050 2320 3123 appel·

256 3132 423 3193 landi
446 3141 605 3202 sunt,
635 3147 746 3192 eur
768 3138 909 3192 ante
930 3131 1089 3208 petis
1108 3147 1292 3206 quam
1313 3131 1676 3206 imperavit?
1707 3132 1906 3206 Quid?
1938 3133 2106 3207 quod
2131 3149 2319 3206 quum

183 3213 191 3221 ‘
256 3215 633 3287 admoneris,
665 3225 891 3287 tamen,
913 3215 1093 3290 quasi
1116 3223 1246 3276 tute
1268 3215 1457 3288 noris,
1491 3214 1576 3276 ita
1597 3217 1873 3277 salutas?
1919 3215 2072 3289 Quid
2092 3263 2106 3288 ,
2137 3220 2320 3291 quod,

260 3308 481 3374 postea
502 3316 685 3376 quam
708 3316 777 3360 es
800 3300 1177 3374 designatus,
1200 3301 1393 3360 multo
1413 3301 1646 3360 salutas
1669 3299 2119 3374 negligentius?
2147 3299 2324 3358 Haec

260 3385 469 3444 omnia
498 3385 576 3443 ad
614 3383 915 3446 rationem
944 3382 1210 3444 civitatis
1241 3381 1298 3444 si
1327 3382 1556 3459 dirigas
1574 3429 1590 3455 ,
1619 3391 1790 3444 recta
1819 3389 1996 3442 sunt:
2043 3382 2141 3442 sin
2173 3395 2318 3456 per-
