2459 3817
273 150 395 219 116
803 154 953 217 PRO
983 152 1098 217 CN.
1129 152 1458 217 PLANCIO
1492 154 1799 217 ORATIO.

401 322 556 387 xx1.
585 322 687 383 51.
719 319 974 395 Quaeris
997 319 1198 395 etlam,
1222 321 1593 394 Laterensis,
1626 318 1773 397 quid
1794 319 2165 398 imaginibus
2198 323 2353 400 ταῖς,

273 407 423 485 quid
453 403 846 468 ornatissimo
881 410 1069 479 atque
1104 404 1335 482 optimo
1369 404 1532 475 viro,
1573 404 1735 481 patri
1761 412 1897 477 tuo,
1938 409 2355 481 respondeas

271 498 535 552 mortuo.
581 486 716 549 Noli
739 487 860 549 ista
879 487 1174 561 meditari,
1199 496 1387 562 atque
1398 487 1547 549 illud
1562 504 1717 550 cave
1738 488 1961 564 potius,
1984 504 2065 548 ne
2085 496 2206 550 tua
2224 490 2350 553 ista

273 574 548 649 querella
583 572 887 645 dolorque
915 570 1138 631 nimius
1171 571 1251 631 ab
1285 570 1405 632 illis
1441 569 1909 646 sapientissimis
1944 570 2089 632 viris
2124 588 2347 649 repre-

271 656 593 716 hendatur.
637 652 808 715 Vidit
831 653 992 715 enim
1015 660 1193 729 pater
1215 660 1360 715 tuus
1378 654 1644 729 Appium
1668 654 1997 727 claudium,
2023 654 2347 717 nobilissi-

272 754 438 799 mum
470 736 810 811 hominem,
855 737 999 797 vivo
1031 746 1208 813 patre
1240 753 1385 806 suo,
1423 735 1849 811 potentissimo
1888 744 1950 799 et
1983 736 2345 799 clarissimo

273 820 412 891 civi,
435 820 500 883 c.
515 820 788 893 Claudio,
821 821 1081 881 aedilem
1111 837 1235 882 non
1266 836 1409 881 esse
1439 821 1662 881 factum
1686 827 1748 882 et
1772 820 2051 881 eumdem
2077 819 2221 881 sine
2246 838 2345 881 re-

271 904 454 981 pulsa
477 904 705 966 tactum
728 918 872 965 esse
895 907 1245 965 consulem:
1271 903 1422 964 vidit
1442 902 1745 964 hominem
1770 901 1887 964 sibi
1902 900 2167 962 maxime
2194 919 2343 965 con-

271 988 575 1061 iunctum,
620 986 931 1064 egregium
963 986 1190 1058 virum,
1221 988 1287 1049 L.
1326 986 1669 1047 Volcatium
1688 1033 1703 1059 ‚
1734 986 1885 1047 vidit
1910 984 1993 1045 M.
2022 985 2337 1058 Pisonem,

272 1069 392 1133 isla
421 1071 483 1133 in
515 1070 855 1143 aedilitate,
907 1068 1361 1132 offensiuncula
1393 1076 1677 1145 accepta,
1717 1084 1990 1131 summos
2022 1084 2061 1128 a
2096 1072 2335 1145 populo

273 1156 554 1217 Romano
580 1169 726 1214 esse
745 1154 1019 1215 honores
1043 1154 1327 1229 adeptos.
1370 1153 1545 1213 Avus
1574 1167 1721 1213 vero
1747 1161 1889 1213 tuus
1912 1158 1975 1213 et
1994 1151 2339 1219 P..Nasicae

277 1237 386 1299 tibi
415 1236 754 1300 aediliciam
778 1236 1162 1311 praedicaret
1189 1236 1519 1311 repulsam,
1562 1250 1684 1309 quo
1717 1236 1852 1295 cive
1880 1232 2180 1295 neminem
2215 1252 2333 1312 ego

279 1328 482 1382 statuo
521 1320 580 1379 in
621 1319 737 1379 hac
767 1335 836 1378 re
871 1319 1116 1394 publica
1147 1318 1490 1389 fortiorem,
1534 1324 1596 1379 et
1625 1318 1686 1377 Ο.
1719 1316 1920 1389 Marii,
1964 1316 2069 1391 qui
2096 1319 2335 1379 duabus

277 1400 600 1461 aedilitatis
632 1400 906 1475 acceptis
936 1400 1204 1476 repulsis
1233 1401 1509 1477 septiens
1539 1402 1757 1461 consul
1794 1408 1889 1462 est
1918 1402 2145 1473 factus,
2176 1408 2243 1462 et
2270 1404 2332 1462 L.

281 1482 582 1555 Caesaris,
616 1483 720 1543 Cn.
751 1482 1000 1553 Octavii,
1025 1484 1108 1543 M.
1131 1482 1328 1554 Tullii,
1353 1500 1513 1558 quos
1539 1499 1752 1547 omnes
1776 1483 2004 1545 scimus
2028 1484 2335 1545 aedilitate

277 1565 648 1643 praeteritos
673 1568 964 1629 consules
989 1580 1129 1627 esse
1151 1568 1370 1627 factos.
1425 1565 1525 1626 52.
1552 1566 1676 1627 Sed
1711 1566 1857 1643 quid
1882 1583 1996 1643 ego
2022 1566 2333 1628 aedilicias

281 1652 566 1725 repulsas
591 1648 862 1725 colligo?
893 1664 1052 1724 quae
1073 1664 1269 1725 saepe
1298 1648 1431 1710 eius
1463 1648 1629 1710 modi
1662 1649 1905 1710 habitae
1939 1658 2111 1722 sunt,
2144 1656 2217 1709 ut
2244 1650 2332 1719 iis,

280 1733 387 1808 qui
427 1732 739 1810 praeteriti
781 1740 1023 1804 essent,
1066 1733 1333 1809 benigne
1370 1749 1409 1793 a
1453 1735 1687 1808 populo
1730 1735 1953 1794 sactum
2000 1733 2332 1794 videretur.

275 1817 579 1879 Tribunus
609 1816 859 1878 militum
882 1817 948 1877 L.
972 1816 1288 1894 Philippus
1303 1864 1318 1888 ,
1352 1832 1588 1877 summa
1613 1815 1929 1877 nobilitate
1953 1824 2015 1878 et
2038 1818 2327 1891 eloquen-

276 1900 378 1972 tia,
405 1909 700 1975 quaestor
714 1902 776 1961 C.
793 1899 1051 1971 Caelius,
1077 1898 1453 1961 clarissimus
1470 1916 1542 1960 ac
1554 1898 1927 1961 fortissimus
1944 1900 2333 1972 adolescenS,

277 1984 503 2045 tribuni
531 1984 731 2059 plebis
759 1983 826 2042 P.
855 1983 1115 2045 Rutilius
1147 1985 1375 2054 Rufus,
1408 1984 1469 2043 Ο.
1499 1981 1791 2054 Fimbria,
1820 1984 1886 2043 c.
1918 1982 2196 2054 Cassius,
2230 1984 2333 2044 Cn.

281 2066 532 2126 Orestes
561 2066 706 2125 raeti
735 2080 858 2125 non
887 2075 1063 2126 sunt:
1099 2084 1258 2141 quos
1290 2074 1495 2127 tamen
1527 2081 1747 2126 omnes
1778 2066 2069 2127 consules
2100 2065 2332 2127 scimus

278 2151 478 2209 factos
513 2162 674 2208 esse.
764 2149 933 2222 Quae
975 2148 1084 2209 tibi
1121 2153 1277 2210 ultro
1314 2156 1493 2225 pater
1528 2155 1590 2209 et
1620 2149 1882 2209 maiores
1920 2148 2007 2208 tui
2036 2164 2162 2209 non
2198 2166 2333 2209 con-

279 2229 527 2293 solandi
556 2229 643 2290 tui
671 2230 868 2304 gratia
895 2231 1117 2301 dicent,
1163 2248 1370 2307 neque
1400 2247 1550 2291 vero
1590 2248 1713 2305 quo
1745 2238 1807 2292 te
1837 2232 2095 2292 liberent
2132 2231 2333 2307 aliqua

279 2316 483 2389 culpa,
515 2329 698 2387 quam
727 2320 795 2373 tu
822 2315 1073 2386 vereris,
1109 2330 1188 2375 ne
1217 2332 1257 2375 a
1282 2323 1345 2376 te
1370 2322 1665 2390 suscepta
1700 2313 1993 2385 videatur,
2032 2314 2152 2375 sed
2182 2323 2252 2376 ut
2278 2323 2334 2375 te

280 2397 361 2457 ad
393 2396 574 2457 istum
605 2412 854 2457 cursum
882 2397 1235 2466 tenendum,
1269 2414 1452 2472 quem
1476 2413 1513 2458 a
1536 2397 1730 2474 prima
1755 2404 1957 2459 aetate
1984 2398 2331 2474 suscepisti,

280 2478 699 2541 cohortentur.
785 2478 940 2539 Nihil
981 2488 1076 2540 est
1105 2481 1295 2551 enim,
1332 2479 1471 2541 mihi
1508 2481 1723 2551 crede,
1755 2481 2135 2550 Laterensis,
2168 2483 2247 2541 de
2276 2488 2335 2541 te

279 2564 653 2624 detractum:
687 2560 1032 2625 detractum
1066 2562 1247 2624 dico?
1277 2563 1328 2623 si
1360 2564 1709 2626 mehercule
1732 2580 1879 2625 vere
1914 2565 2085 2639 quod
2119 2563 2336 2626 accidit

279 2645 670 2721 interpretari
687 2644 856 2715 veliS,
883 2653 978 2706 est
991 2644 1220 2722 aliquid
1241 2646 1420 2708 etiam
1440 2647 1519 2708 de
1534 2646 1755 2709 virtute
1778 2646 2185 2723 significatum
2210 2654 2332 2707 tua.

279 2728 462 2789 XXII.
507 2729 646 2791 Noli
679 2728 836 2790 enim
882 2728 1230 2791 existimare
1260 2745 1383 2790 non
1428 2741 1710 2807 magnum
1745 2732 2068 2805 quemdam
2102 2736 2333 2790 motum

283 2811 475 2873 ruisse
508 2811 669 2873 illius
698 2812 1012 2889 petitionis
1045 2821 1215 2881 tuae,
1254 2815 1333 2873 de
1362 2830 1487 2889 qua
1516 2830 1595 2874 ne
1622 2812 1856 2890 aliquid
1882 2814 2119 2875 iurares
2149 2813 2337 2873 desti·

282 2894 428 2955 tisti.
489 2895 877 2959 Denuntiasti
909 2897 1092 2958 homo
1136 2897 1507 2959 adolescens
1550 2896 1695 2972 quid
1729 2898 1806 2959 de
1837 2912 2073 2957 summa
2112 2911 2182 2956 re
2229 2913 2336 2971 pu·
2458 2941 2459 2944 η

282 2977 444 3039 blica
466 2980 762 3041 sentires:
799 2981 1018 3041 fortius
1041 2988 1108 3042 tu
1134 2981 1379 3055 quidem
1406 2997 1587 3056 quam
1617 2996 1739 3041 non
1764 2979 1911 3041 nulli
1932 2977 2208 3040 defuncti
2230 2979 2337 3039 ho·

283 3060 566 3130 neribus,
611 3064 724 3122 sed
754 3063 1030 3137 apertius
1072 3080 1254 3139 quam
1287 3067 1384 3125 vel
1414 3062 1761 3124 ambitionis
1796 3064 1893 3122 vel
1932 3061 2152 3123 aetatis
2195 3067 2336 3121 tuae

281 3142 436 3205 ratio
461 3144 832 3220 postulabat.
879 3144 979 3204 53.
1005 3146 1194 3219 Quam
1211 3146 1290 3207 ob
1308 3163 1435 3207 rem
1454 3146 1514 3207 in
1534 3144 1931 3207 dissentiente
1953 3145 2187 3220 populo
2210 3143 2336 3206 noli
2458 3179 2459 3186 κ

283 3234 501 3300 putare
521 3228 722 3287 nullos
746 3226 939 3287 ruisse
962 3244 1224 3300 quorum
1247 3227 1483 3289 animos
1508 3236 1649 3290 tuus
1673 3228 1775 3290 ille
1799 3227 1971 3289 fortis
1986 3225 2230 3287 animus
2250 3226 2337 3287 of-

285 3308 593 3372 fenderet:
621 3308 726 3386 qui
738 3316 800 3370 te
812 3307 1118 3369 incautum
1137 3313 1399 3371 fortasse
1418 3325 1578 3369 nunc
1593 3319 1699 3372 tuo
1724 3313 1861 3372 loco
1878 3310 2213 3371 demovere
2223 3323 2333 3387 po·

75 3686 328 3765 A
