2459 3817
253 198 377 268 teo
441 184 524 239 ψ’*
670 189 696 199 “’
726 203 807 264 m
852 204 915 263 c.
957 202 1290 262 VERREM
1329 201 1497 261 Aer.
1527 200 1600 259 11.
1644 200 1789 261 Lm.
1817 200 1898 261 v.

252 374 506 424 causam
528 353 889 417 reservavit.
954 350 1095 415 122.
1154 353 1356 413 Adest
1379 350 1757 430 Phylarchus
1781 348 2163 426 Haluntinus,
2201 350 2326 428 qui,

256 443 401 520 quia
428 458 569 503 cum
599 440 923 499 Cleomene
950 453 1075 497 non
1120 435 1303 511 fugit,
1349 451 1690 512 oppressus
1729 451 1768 495 a
1807 434 2227 511 praedonibus
2265 443 2328 497 et

254 535 473 603 captus
502 530 627 585 est:
658 522 757 584 cui
787 519 1101 581 calamitas
1134 518 1319 580 saluti
1351 519 1489 581 fuit=
1523 518 1630 594 qui
1659 516 1780 579 nisi
1823 528 2042 593 eaptus
2085 536 2122 577 a
2163 518 2321 594 pira—

254 609 333 672 tis
375 614 575 681 esset,
614 605 679 667 in
718 606 884 666 hunc
926 603 1302 679 praedonem
1328 602 1643 664 sociorum
1669 600 2009 663 incidisset.
2053 599 2225 663 Dicit
2270 602 2323 663 is

256 710 371 770 pro
398 688 747 753 testimonio
779 689 865 749 de
890 686 1187 749 missione
1224 694 1573 759 nautarum,
1605 688 1682 747 de
1711 688 1900 759 fame,
1949 686 2028 746 de
2053 684 2322 747 Cleome-

258 776 355 837 nis
384 776 549 851 fuga.
611 774 813 833 Adest
852 768 1282 845 Centuripinus
1308 770 1668 842 PhalacruS,
1711 769 1775 833 in
1815 768 2195 845 amplissima
2238 769 2323 830 ci-

254 861 441 921 vitate
478 856 861 934 amplissimo
890 855 1030 916 loco
1076 861 1288 916 natus·
1333 855 1549 915 eadem
1577 853 1752 915 dicit=
1797 854 1964 913 nulla
2001 852 2066 913 in
2099 869 2168 914 re
2192 851 2319 913 dis·

256 950 486 1020 crepat.

420 1024 561 1087 123.
623 1025 739 1087 Per
772 1025 927 1086 deos
955 1022 1360 1087 immortales!
1407 1039 1531 1099 quo
1559 1022 1805 1085 tandem
1839 1020 2044 1082 animo
2071 1019 2323 1097 sedetis,

248 1108 491 1172 iudices
508 1116 540 1169 t
596 1116 702 1170 aut
750 1109 907 1169 haec
948 1124 1131 1183 quem
1170 1109 1252 1169 ad
1289 1109 1539 1169 modum
1584 1108 1852 1171 auditis?
1951 1106 2164 1167 Utrum
2201 1120 2320 1181 ego

248 1192 491 1269 desipio
526 1200 588 1255 et
613 1195 757 1269 plus
792 1207 977 1267 quam
1006 1191 1160 1253 satis
1182 1191 1366 1253 doleo
1394 1199 1560 1252 tanta
1588 1189 1930 1251 calamitate
1953 1187 2321 1263 miseriaque

248 1276 558 1339 sociorum
598 1292 679 1336 an
710 1289 824 1335 vos
856 1291 1108 1350 quoque
1138 1274 1238 1334 hic
1265 1273 1700 1335 acerbissimus
1735 1270 2152 1335 innocentium
2185 1288 2318 1333 cru-

248 1362 443 1421 ciatus
474 1369 539 1420 et
569 1374 811 1419 maeror
837 1357 970 1433 pari
1004 1374 1195 1418 sensu
1226 1358 1459 1419 doloris
1489 1358 1737 1418 adficit?
1773 1358 1906 1431 Ego
1939 1356 2102 1417 enim
2135 1370 2320 1432 quum

246 1442 701 1515 Herbitensem,
761 1458 947 1513 quum
996 1440 1452 1501 Heracliensem
1503 1440 1704 1503 securi
1749 1456 2114 1517 percussum
2177 1454 2320 1499 esse

250 1526 411 1599 dico,
442 1534 723 1585 versatur
743 1522 888 1584 mihi
911 1532 1051 1585 ante
1081 1524 1298 1585 oculos
1327 1523 1654 1600 indignitas
1677 1522 2054 1585 calamitatis.
2081 1522 2318 1583 XLVII.

250 1609 555 1669 Eorumne
602 1608 971 1684 populorum
1011 1606 1213 1680 civeS,
1265 1624 1479 1669 eorum
1531 1624 1818 1684 agrorum
1871 1610 2182 1679 alumnos,
2240 1622 2320 1666 ex

250 1692 473 1767 quibus
498 1690 763 1753 maxima
795 1689 893 1752 vis
934 1690 1219 1753 frumenti
1265 1692 1592 1766 quotannis
1640 1691 1804 1767 plebi
1834 1692 2150 1753 Romanae
2185 1688 2317 1750 illo·

246 1793 379 1837 rum
412 1776 619 1852 operis
646 1792 721 1835 ac
752 1775 1065 1837 laboribus
1102 1775 1442 1851 quaeritur,
1475 1774 1580 1851 qui
1607 1792 1646 1836 a
1683 1775 2036 1851 parentibus
2067 1790 2180 1851 spe
2211 1789 2319 1834 no-

246 1860 355 1921 stri
386 1860 623 1935 imperii
652 1867 1030 1937 nostraeque
1054 1858 1382 1935 aequitatis
1425 1859 1700 1935 suscepti
1743 1858 2114 1936 educatique
2155 1864 2315 1930 sunt,

248 1944 328 2005 ad
358 1944 422 2003 C.
448 1943 661 2005 Verris
690 1944 984 2004 nefariam
1013 1942 1446 2005 immanitatem
1487 1950 1550 2003 et
1577 1944 1656 2003 ad
1701 1941 1835 2004 eius
1875 1945 2180 2003 funestam
2221 1956 2317 2001 se·

247 2042 452 2086 curem
498 2042 641 2090 esse
696 2036 1020 2089 servatos?
1085 2026 1227 2089 124.
1289 2028 1486 2101 Quum
1526 2026 1671 2087 mihi
1708 2026 2104 2105 Tyndaritani
2156 2022 2317 2086 illius

246 2108 502 2171 venitin
532 2117 825 2183 mentem,
868 2128 1057 2185 quum
1086 2110 1439 2185 Segestani,
1468 2120 1595 2172 tum
1621 2110 1756 2170 iura
1783 2109 1966 2170 simul
2009 2108 2318 2171 civitatum

246 2200 431 2267 atque
467 2191 675 2254 officia
702 2192 1051 2254 considero.
1120 2194 1284 2266 Quas
1313 2196 1498 2255 urbes
1542 2194 1608 2255 P.
1631 2192 1960 2255 Africanus
1990 2193 2173 2254 etiam
2220 2209 2310 2253 or-

248 2277 485 2339 nandas
524 2293 669 2337 esse
712 2275 931 2351 spoliis
978 2275 1248 2337 hostium
1289 2277 1615 2340 arbitratus
1658 2285 1782 2351 est,
1829 2294 1940 2339 eas
1981 2277 2046 2343 C.
2087 2278 2315 2337 Verres

247 2378 369 2423 non
402 2362 601 2422 solum
630 2359 749 2420 illis
782 2359 1183 2435 ornamentiS,
1233 2361 1350 2421 sed
1377 2360 1558 2421 etiam
1586 2360 1733 2421 viris
1763 2359 2160 2422 nobilissimis
2209 2376 2314 2420 ne·

246 2444 402 2505 fario
446 2446 683 2505 scelere
723 2441 1007 2519 privavit.
1077 2444 1169 2503 En
1217 2445 1385 2520 quod
1413 2444 1808 2523 Tyndaritani
1844 2446 2102 2506 libenter
2139 2458 2313 2518 prae-

252 2526 489 2589 dicent=
552 2528 674 2587 Nos
709 2529 775 2587 in
800 2528 1209 2601 septemdecim
1230 2532 1468 2604 populis
1494 2528 1737 2589 Siciliae
1767 2546 2180 2589 numeramur.-
2210 2542 2316 2587 nos

248 2628 475 2687 oemper
500 2611 762 2671 omnibus
782 2612 1024 2671 Punicis
1042 2611 1554 2690 Siciliensibusque
1573 2614 1742 2675 bellis
1758 2615 2074 2673 amicitiam
2090 2612 2314 2685 fidem-

248 2712 358 2772 que
390 2697 602 2771 popula·
629 2694 888 2755 Romani
928 2699 1115 2757 secam·
1152 2712 1384 2758 sumus.-
1426 2714 1466 2758 a
1507 2699 1670 2757 nobis
1712 2700 1910 2757 omnia
1935 2699 2154 2772 populo
2183 2694 2314 2754 Ro-

249 2794 420 2839 mano
456 2794 691 2854 semper
736 2786 796 2839 et
824 2780 965 2840 belli
1004 2782 1346 2841 adiumenta
1394 2788 1454 2842 et
1490 2783 1665 2856 pacis
1712 2789 2062 2841 ornamenta
2109 2780 2313 2839 admi-

245 2864 497 2921 nistrata
524 2868 678 2921 sunt.
745 2861 999 2923 Multum
1034 2880 1181 2923 vero
1211 2864 1366 2923 haec
1393 2862 1470 2923 iis
1497 2862 1632 2923 iura
1667 2864 2026 2936 proruerunt
2053 2864 2112 2923 in
2137 2860 2313 2923 istius

244 2942 501 3018 imperio
531 2960 605 3005 ac
646 2952 977 3019 potestate!
1048 2944 1189 3008 125.
1257 2947 1514 3007 vestros
1557 2948 1867 3021 quondam
1911 2956 2128 3007 nautas
2167 2962 2313 3006 con·

245 3036 335 3088 tra
368 3026 799 3101 Karthaginem
834 3027 1044 3104 Scipio
1074 3028 1277 3091 duxit=
1316 3038 1377 3091 at
1417 3045 1578 3090 nunc
1617 3046 1836 3090 navem
1881 3039 2094 3091 contra
2138 3044 2313 3104 prae·

246 3111 441 3171 dones
473 3127 669 3185 paene
710 3110 949 3171 inanem
978 3112 1338 3174 Cleomenes
1383 3113 1564 3174 ducit.
1620 3112 1960 3175 Vobiscum
1987 3114 2313 3173 Africanus

244 3193 509 3256 hostium
536 3193 736 3269 spolia
763 3203 824 3256 et
857 3196 1127 3271 praemia
1155 3194 1356 3257 laudis
1381 3196 1877 3259 communicavit=
1923 3206 1986 3258 at
2007 3213 2196 3264 nunc.
2207 3211 2316 3271 per

240 3280 393 3339 hunc
423 3284 676 3355 spoliata
697 3279 849 3347 ,navi
890 3294 928 3337 a
968 3277 1386 3353 praedonibus
1436 3281 1727 3353 abducta,
1777 3280 1894 3357 ipsi
1936 3279 1996 3341 in
2045 3279 2312 3342 hostium

242 3361 384 3421 loco
434 3378 811 3437 numeroque
860 3362 1175 3427 ducemini.
1237 3362 1394 3437 Quid
1445 3371 1637 3425 verni
1683 3364 1785 3425 illa
1833 3364 2312 3440 Segestanorum

244 3458 367 3503 non
408 3445 605 3507 solum
650 3444 861 3507 litteris
902 3446 1119 3509 tradita
1161 3463 1366 3524 neque
1407 3458 1877 3510 commemorata
1914 3447 2151 3522 verbiS,
2191 3445 2309 3507 sed
