2459 3817
194 250 203 255 ,
302 177 425 243 174
771 181 850 242 m
879 141 941 243 c]
975 182 1302 243 VERREM
1328 182 1495 243 AcT.
1526 182 1597 242 11.
1629 183 1774 242 Lm.
1804 182 1881 243 v.

302 336 379 397 ab
416 351 522 407 eo,
557 330 662 408 qui
691 330 992 393 beneficio
1029 334 1240 408 populi
1269 332 1528 393 Romani
1572 336 1776 394 fasces
1805 342 1866 393 et
1895 346 2146 393 secures
2179 330 2366 391 habe-

303 428 424 488 ret,
457 417 756 492 deligatus
784 414 846 475 in
882 418 1014 475 foro
1044 414 1233 491 virgis
1268 417 1667 477 caederetur?
1727 415 1930 490 Quid?
1971 432 2157 490 quum
2196 414 2370 488 ignes

296 503 715 575 ardentesque
814 497 1073 559 laminae
1121 497 1471 573 caeterique
1517 499 1821 559 cruciatus
1869 498 2372 569 admovebantur,

306 583 358 643 si
398 592 459 644 te
484 581 645 641 illius
683 581 909 641 acerba
940 580 1282 656 imploratio
1313 591 1375 641 et
1413 599 1548 643 vox
1564 581 1926 643 miserabilis
1973 598 2094 659 non
2137 579 2368 639 inhibe-

304 666 427 739 bat,
465 681 543 725 ne
572 663 795 725 civium
825 664 1072 739 quidem
1098 665 1538 737 Romanorum,
1579 664 1686 740 qui
1727 673 1850 726 tum
1897 649 2181 735 aderant,
2223 662 2372 723 fletu

306 760 367 810 et
396 748 622 824 gemitu
653 748 915 807 maximo
948 749 1460 809 commovebare?
1501 750 1566 807 ln
1604 765 1846 809 crucem
1878 758 1943 809 tu
1970 763 2155 822 agere
2181 762 2376 807 ausus

308 850 378 893 es
423 848 820 907 quemquam,
866 830 971 905 qui
1001 847 1071 892 se
1105 830 1300 892 civem
1329 832 1662 892 Romanum
1695 848 1839 893 esse
1867 830 2139 891 diceret?
2193 827 2374 889 Nolui

308 925 426 977 tam
479 913 871 975 vehementer
920 930 1105 989 agere
1150 913 1271 974 hoc
1315 913 1510 988 prima
1547 914 1815 986 actione,
1865 913 2128 974 iudicesz
2184 910 2375 973 nolui.

310 996 565 1057 Vidistis
596 996 786 1069 enim,
834 1005 899 1058 ut
926 995 1109 1057 animi
1143 996 1541 1058 multitudinis
1579 997 1641 1057 in
1674 996 1854 1057 istum
1897 997 2110 1057 dolore
2140 1004 2201 1057 et
2229 994 2372 1054 odio

306 1089 370 1143 et
400 1077 737 1141 communis
760 1079 1016 1155 periculi
1047 1088 1210 1140 metu
1242 1078 1703 1141 concitarentur.
1749 1079 1940 1141 Statui
1964 1087 2204 1153 egomet
2229 1074 2374 1137 mihi

307 1174 432 1226 tum
466 1164 716 1224 modum
745 1170 807 1223 et
839 1161 1102 1223 orationi
1130 1178 1304 1223 meae
1336 1168 1400 1223 et
1427 1162 1490 1222 C.
1523 1161 1886 1235 Numitorio,
1931 1161 2124 1237 equiti
2151 1163 2373 1223 Roma·

307 1263 419 1318 no,
464 1246 657 1321 primo
699 1244 958 1319 homini,
1000 1244 1139 1307 testi
1181 1253 1458 1322 meo,‚et
1507 1244 1922 1319 Glabrionem,
1968 1242 2032 1304 id
2076 1245 2242 1321 quod
2276 1262 2374 1303 sa·

306 1328 690 1407 pientissime
720 1328 891 1403 fecit,
928 1331 1129 1390 facere
1156 1331 1416 1388 laetatus
1451 1345 1616 1402 sum,
1655 1337 1723 1390 ut
1760 1335 2013 1403 repente
2053 1325 2378 1389 consilium

308 1415 370 1473 in
400 1412 602 1472 medio
633 1410 983 1473 testimonio
1015 1411 1358 1472 dimitteret.
1418 1412 1655 1471 Etenim
1696 1412 2021 1472 verebatur
2054 1427 2134 1471 ne
2175 1427 2375 1485 popu-

309 1498 406 1556 lus
439 1498 750 1555 Romanus
780 1494 857 1553 ab
886 1492 1005 1555 isto
1037 1510 1146 1554 eas
1176 1509 1414 1568 poenas
1440 1494 1503 1554 vi
1531 1493 1832 1569 repetisse
1855 1492 2185 1568 videretur,
2220 1509 2378 1568 quas

310 1577 539 1638 veritus
573 1584 847 1638 essetne
880 1572 996 1636 iste
1019 1576 1259 1650 legibus
1289 1592 1362 1635 ac
1391 1585 1598 1637 vestro
1628 1575 1854 1637 iudicio
1885 1593 2006 1637 non
2045 1585 2214 1637 esset
2242 1592 2377 1651 per-

312 1662 644 1723 soluturus.
689 1657 829 1721 164.
868 1656 1037 1719 Nunc
1072 1659 1360 1733 quoniam
1389 1662 1768 1735 exploratum
1797 1668 1893 1721 est
1921 1658 2220 1730 omnibus,
2253 1675 2382 1734 quo

310 1746 450 1805 loco
483 1759 671 1803 causa
702 1750 808 1804 tua
840 1741 921 1804 sit
953 1751 1015 1804 et
1044 1742 1191 1817 quid
1220 1743 1300 1802 de
1331 1750 1390 1803 te
1419 1744 1682 1805 futurum
1705 1742 1801 1817 sit,
1831 1741 1922 1803 sic
1951 1750 2152 1803 tecum
2180 1758 2383 1816 agam.

313 1826 568 1887 Gavium
602 1825 817 1899 istum,
853 1841 1035 1901 quem
1062 1824 1448 1899 repentinum
1482 1827 1930 1901 speculatorem
1962 1824 2155 1887 fuisse
2197 1824 2379 1897 diciS,

314 1911 635 1971 ostendam
667 1908 727 1969 in
754 1908 1077 1970 lautumias
1109 1908 1440 1986 Syracusis
1475 1909 1587 1969 abs
1619 1916 1676 1969 te
1703 1924 1849 1970 esse
1874 1908 2243 1969 coniectum=
2274 1924 2381 1967 ne-

314 2008 434 2067 que
472 1992 539 2053 id
578 1994 776 2053 solum
818 2008 899 2053 ex
926 1990 1140 2069 litteris
1170 1994 1492 2053 ostendam
1521 1991 2080 2070 Syracusanorum,
2115 2008 2194 2051 ne
2234 2006 2377 2066 pos·

313 2077 400 2135 sis
438 2073 645 2135 dicere
670 2090 799 2146 me,
836 2075 978 2149 quia
1009 2073 1090 2135 sit
1120 2074 1308 2151 aliqui
1340 2075 1402 2134 in
1432 2074 1646 2136 litteris
1681 2074 1937 2146 Gavius,
1982 2074 2102 2134 hoc
2145 2075 2380 2149 fingere

313 2167 375 2219 et
408 2156 635 2231 eligere
664 2172 918 2229 nomen,
963 2162 1031 2216 ut
1053 2155 1213 2217 hunc
1238 2157 1407 2217 illum
1437 2173 1581 2219 esse
1608 2155 1845 2234 possim
1874 2156 2079 2223 dicere
2099 2203 2115 2231 ,
2157 2158 2271 2217 sed
2301 2156 2383 2215 ad

315 2238 626 2301 arbitrium
655 2246 823 2299 tuum
853 2246 1045 2301 testes
1075 2239 1262 2312 dabo,
1306 2240 1411 2314 qui
1445 2240 1627 2301 istum
1656 2240 1858 2315 ipsum
1891 2239 2223 2317 Syracusis
2267 2240 2385 2299 abs

236 2348 247 2355 ·
312 2334 373 2385 te
402 2324 463 2383 in
491 2321 813 2383 lautumias
846 2319 1190 2383 coniectum
1216 2338 1364 2383 esse
1393 2322 1614 2384 dicant.
1655 2323 1993 2385 Producam
2020 2322 2201 2384 etiam
2225 2323 2381 2383 Con-

314 2422 506 2468 sanos
538 2402 879 2479 municipes
912 2404 1074 2466 illius
1102 2421 1177 2465 ac
1212 2406 1636 2479 necessariOS,
1677 2406 1782 2481 qui
1810 2414 1871 2467 te
1899 2421 2060 2467 nunc
2091 2422 2230 2467 sero
2271 2405 2382 2465 do·

313 2496 509 2560 ceant,
544 2484 781 2548 iudices
808 2503 931 2548 non
957 2503 1120 2563 sero,
1150 2488 1316 2550 illum
1343 2489 1406 2547 P.
1431 2488 1706 2562 Gavium,
1745 2505 1926 2563 quem
1953 2497 2018 2549 tu
2044 2486 2106 2547 in
2140 2503 2388 2548 crucem·

312 2570 512 2645 egisti,
554 2568 751 2629 civem
776 2570 1134 2643 Romanum,
1166 2570 1536 2648 municipem
1551 2571 1915 2645 Consanum,
1944 2586 2068 2631 uon
2100 2572 2382 2644 specula-

314 2663 509 2715 torem
545 2650 935 2727 fugitivorum
971 2652 1180 2714 fuisse.

478 2736 683 2795 LXIV.
750 2734 891 2798 165.
958 2735 1154 2809 Quum
1178 2738 1331 2799 haec
1361 2736 1592 2809 omnia,
1627 2755 1784 2813 quae
1815 2737 2142 2814 polliceor,
2171 2752 2384 2797 cumu-

312 2819 433 2878 late
475 2816 595 2878 tuis
638 2818 934 2893 proximis
988 2819 1172 2894 plana
1215 2822 1455 2893 secero,
1501 2828 1628 2881 tum
1681 2820 1840 2882 istuc
1888 2820 2090 2896 ipsum
2142 2820 2393 2891 tenebo,

316 2901 484 2975 quod
512 2902 624 2962 abs
654 2909 716 2963 te
743 2900 889 2962 mihi
925 2902 1129 2963 datur.
1172 2920 1250 2963 eo
1281 2912 1631 2964 contentum
1660 2919 1757 2963 me
1789 2920 1935 2965 esse
1966 2905 2182 2966 dicam.
2225 2900 2386 2975 Quid

310 2982 471 3043 enim
506 2999 703 3058 nuper
729 2992 792 3045 tu
820 2984 987 3059 ipse,
1021 3003 1208 3059 quum
1237 2985 1450 3061 populi
1478 2985 1738 3047 Romani
1767 2988 2038 3048 clamore
2065 2996 2248 3061 atque
2274 2984 2383 3044 im-

312 3074 458 3140 petu
488 3067 874 3140 perturbatus
906 3066 1229 3142 exsiluisti,
1262 3066 1428 3144 quid,
1459 3067 1728 3143 inquam,
1758 3070 2000 3130 locutus
2032 3076 2146 3131 es?
2189 3069 2386 3137 Illum,

312 3149 480 3224 quod
510 3164 741 3207 moram
770 3148 1076 3223 supplicio
1120 3160 1475 3225 quaereret,
1530 3150 1670 3211 ideo
1715 3151 2065 3213 clamitasse
2111 3165 2182 3211 se
2241 3166 2401 3209 esse.

310 3229 507 3291 civem
540 3232 909 3291 Romanumz
956 3231 1069 3291 sed
1112 3234 1558 3308 speculatorem
1601 3232 1812 3296 ruisse.
1884 3234 2010 3295 Iam
2039 3236 2159 3293 mei
2194 3239 2402 3292 testes.

310 3312 438 3372 veri
468 3322 626 3375 sunt.
692 3313 849 3387 Quid
878 3313 1037 3373 enim
1065 3315 1211 3377 dicit
1241 3316 1405 3377 aliud
1442 3317 1504 3375 C.
1527 3315 1946 3377 Numitorius?
1999 3316 2148 3391 quid
2187 3316 2266 3373 M.
2325 3324 2402 3375 et

311 3393 375 3453 P.
398 3394 592 3470 Cottii,
627 3395 991 3459 nobilissimi
1018 3398 1328 3474 homineS,
1364 3415 1441 3460 ex
1475 3414 1622 3471 agro
1651 3398 2204 3460 Tauromenitano?
2235 3396 2402 3473 quitt
