2459 3817
121 0 2459 34 7——

796 201 955 261 cAP.
992 209 1120 264 s-
1140 211 1217 262 10.
1267 207 1318 268 s.
1354 196 1612 265 semna.
2164 201 2248 266 39

178 351 301 424 t'ur,
347 353 423 412 ab
466 351 541 414 iis
589 351 802 428 populi
834 350 1090 413 Romani
1124 353 1283 412 lama
1323 353 1679 414 celebratur.
1765 353 1866 416 22.
1914 353 2104 414 Carus
2137 353 2248 417 fuit

181 434 467 496 Africano
510 433 813 510 superiori
854 443 1062 496 noster
1087 433 1347 507 Ennius,
1403 435 1609 510 itaque
1641 435 1819 496 etiam
1862 433 1924 496 in
1956 437 2244 512 sepulcro

177 517 529 594 Scipionum
575 526 820 592 putatur
850 519 903 578 is
949 533 1092 579 esse
1136 517 1500 579 constitutus
1543 525 1620 577 e'x
1655 535 1971 580 marmore.
2059 519 2244 580 Aliis

180 600 458 662 laudibus
490 611 653 662 certe
686 618 805 662 non
830 603 1027 662 solum
1056 602 1193 678 ipse
1224 600 1328 677 qui
1358 601 1655 676 laudatur,
1689 603 1802 662 sed
1825 603 2004 664 ctiam
2032 604 2244 678 populi

180 685 433 745 Romani
462 699 680 745 nomen
718 692 983 745 ornatur.
1068 685 1130 744 In
1166 686 1398 744 caelum
1436 682 1615 744 huius
1652 701 1925 761 proavus
1956 687 2100 747 Cato
2133 688 2244 748 tol-

181 766 343 829 titur:
381 783 635 842 magnus
657 767 857 828 honos
893 766 1104 842 populi
1125 767 1382 828 Romani
1407 767 1592 827 rebus
1617 768 1978 844 adiungitur.
2018 768 2242 830 Omnes

178 849 443 926 denique
504 849 584 910 illi
634 849 911 924 Maximi,
967 851 1267 923 Marcelli,
1322 849 1517 910 Fulvii
1576 866 1695 910 non
1755 852 1886 910 sine
1939 852 2242 913 communi

180 934 442 994 omnium
474 943 743 995 nostrum
769 934 948 994 laude
980 935 1362 994 decorantur.
1427 933 1498 992 X.
1541 933 1703 1008 Ergo
1734 933 1918 1007 iilum,
1957 934 2060 1008 qui
2089 934 2242 995 haec

179 1017 431 1089 lecerat,
474 1017 783 1078 Rudinum
811 1014 1145 1084 hominem,
1191 1015 1454 1076 maiores
1487 1015 1677 1076 nostri
1711 1016 1768 1075 in
1813 1016 2113 1077 civitatem
2149 1033 2234 1077 re·

85 1119 88 1122 ·
179 1107 498 1173 ceperunt=
556 1115 671 1159 nos
706 1098 868 1158 hunc
901 1097 1384 1169 Heracliensem,
1442 1098 1643 1159 multis
1675 1098 2020 1160 civitatibus
2057 1115 2240 1173 expe-

182 1181 379 1252 titum,
426 1180 482 1240 in
525 1181 640 1241 hac
670 1188 869 1241 autem
902 1180 1135 1255 legibus
1168 1180 1586 1252 constitutum,
1637 1183 1714 1242 de
1757 1190 1968 1242 nostra
2001 1181 2243 1242 civitate

181 1261 535 1324 eiiciemusv
1177 1259 1183 1272 “

343 1345 445 1408 23.
483 1347 625 1406 Nam
658 1347 709 1407 si
742 1345 878 1422 quis
910 1345 1201 1407 minorem
1225 1346 1456 1422 gloriae
1482 1349 1736 1409 fructum
1763 1357 1933 1424 putat
1955 1366 2033 1409 ex
2058 1350 2240 1410 Grae·

181 1427 267 1490 cis
300 1429 579 1490 versibus
612 1429 841 1506 percipi
876 1447 1053 1505 quam
1086 1447 1163 1490 ex
1190 1429 1441 1506 Latinis,
1474 1431 1864 1494 vehementer
1893 1442 2070 1505 errat,
2103 1449 2239 1507 pro·

181 1519 387 1586 pterea
412 1514 577 1588 quod
604 1514 835 1573 Graeca
866 1515 1143 1588 leguntur
1164 1513 1219 1572 in
1255 1513 1534 1575 omnibus
1561 1516 1684 1574 fere
1706 1513 2008 1591 gentibuS,
2027 1514 2242 1574 Latina

181 1595 309 1656 suis
347 1597 598 1670 finibus,
629 1595 869 1672 exiguis
906 1613 1084 1668 sane,
1130 1597 1531 1659 continentur.
1597 1598 1729 1671 Qua
1771 1615 1839 1659 re
1881 1598 1933 1659 si
1973 1613 2073 1658 res
2111 1615 2238 1663 eae,

182 1695 335 1754 quas
372 1681 709 1754 gessinmS,
742 1677 907 1740 orbis
940 1688 1136 1740 terrae
1168 1681 1523 1755 regionibus
1567 1681 1966 1751 definiuntur,
2014 1696 2238 1755 cupere

179 1762 501 1834 debemuS,
572 1777 693 1836 quo
752 1779 1036 1822 manuum
1088 1770 1431 1824 nostrarum
1487 1765 1605 1823 tela
1658 1762 2071 1836 pervenerint,
2137 1778 2279 1822 eo-.

178 1845 317 1903 dem
358 1843 610 1918 gloriam
646 1845 987 1918 famamque
1019 1853 1369 1919 penetrare,
1425 1845 1591 1920 quod
1629 1861 1815 1918 quum
1850 1842 2004 1918 ipsis
2044 1860 2240 1919 popu-

178 1925 281 1992 lis,
325 1926 402 1986 de
448 1943 702 2000 quorum
748 1928 941 1988 ‘rebus
986 1925 1290 1999 scribitur,
1341 1928 1492 1987 haec
1533 1923 1733 2002 ampla
1776 1933 1944 1996 sunt,
1987 1934 2110 1987 tum
2165 1925 2239 1986 iis

178 2016 369 2080 certe,
401 2009 503 2084 qui
536 2010 613 2069 de
646 2009 767 2071 vita
799 2009 1029 2085 gloriae
1073 2025 1258 2068 causa
1311 2009 1627 2083 dimicant,
1657 2009 1775 2070 hoc
1816 2007 2140 2068 maximum
2183 2019 2241 2068 et

180 2090 581 2166 periculorum
618 2091 1065 2154 incitamentum
1096 2098 1191 2151 est
1220 2100 1281 2152 et
1312 2092 1604 2153 laborum.
1661 2091 1762 2155 24.
1796 2092 1984 2165 Quam
2017 2093 2240 2151 multos

178 2172 509 2248 scriptores
545 2191 743 2236 rerum
776 2191 1022 2236 suarum
1058 2190 1315 2249 magnus
1359 2176 1459 2236 ille
1491 2176 1839 2236 Alexander
1880 2191 2090 2234 secum
2133 2174 2236 2233 ha-

180 2258 387 2317 buisse
417 2256 665 2319 dicitur!
722 2260 925 2334 Atque
968 2258 1020 2318 is
1058 2266 1286 2330 tamen,
1325 2274 1506 2331 quum
1547 2257 1604 2319 in
1644 2257 1826 2332 Sigeo
1857 2258 1952 2318 'ad
1983 2257 2236 2337 Achilli-s

182 2340 467 2400 tumulum
500 2340 823 2403 astitisset=
852 2341 899 2402 0
922 2341 1262 2412 fortunate,
1293 2340 1512 2416 inquit,
1545 2343 1917 2413 adolescem,
1957 2343 2062 2416 qui
2101 2347 2237 2400 tuae

176 2426 401 2484 virtutis
436 2425 751 2485 Homerum
796 2441 1149 2500 praeconem
1198 2422 1532 2486 inveneris!
1577 2425 1652 2484 Et
1692 2439 1856 2484 vere.
1928 2423 2076 2483 Nam
2121 2422 2237 2482 nisi

178 2505 316 2566 ilias
348 2505 447 2566 illa
475 2506 840 2581 exstitisset,
873 2505 1032 2568 idem
1063 2508 1356 2578 tumulus,
1390 2505 1494 2581 qui
1530 2523 1758 2580 corpus
1789 2506 1922 2568 eius
1953 2514 2235 2567 contexe-

176 2597 295 2661 rat,
341 2606 561 2650 nomen
608 2590 786 2651 etiam
836 2590 1159 2652 obruisset.
1219 2590 1418 2663 Quid?
1449 2599 1656 2652 noster
1685 2591 1780 2649 hic
1811 2590 2100 2664 Magnus,
2135 2587 2237 2662 qui

178 2687 312 2732 cum
337 2671 552 2734 vlrtute
587 2674 883 2736 fortunam
910 2673 1294 2748 adaequavit,
1324 2689 1527 2734 nonne
1547 2673 1977 2748 Theophanem
2001 2671 2236 2748 Mityle·

176 2771 424 2828 naeum,
460 2755 815 2832 scriptorem
849 2773 1045 2818 rerum
1080 2773 1354 2827 suarum,
1391 2756 1448 2816 in
1488 2755 1773 2816 contione
1808 2754 2055 2816 militum
2093 2752 2235 2814 civi·

178 2847 296 2899 tate
326 2838 603 2909 donavit,
646 2847 707 2898 et
751 2840 941 2900 nostri
974 2839 1057 2899 illi
1090 2841 1278 2900 sortes
1315 2836 1457 2910 viri,
1503 2840 1614 2898 sed
1653 2837 1862 2898 rustici
1905 2854 1976 2898 ac
2021 2836 2238 2896 milites

176 2920 497 2981 dulcedine
522 2922 782 2995 quadam
808 2921 1038 2996 gloriae
1062 2921 1374 2991 commoti,
1409 2920 1588 2994 quasi
1613 2920 1938 2996 participes
1963 2921 2238 2980 eiusdem

177 3002 402 3075 laudis,
453 3019 671 3079 magno
734 3002 879 3063 illud
936 3006 1200 3065 clamore
1252 3004 1787 3078 approbaverunt?
1851 3002 1952 3064 25.
2008 3005 2238 3076 Itaque,

174 3086 387 3159 credo,
426 3085 477 3147 si
528 3085 681 3147 civis
726 3087 1035 3147 Romanus
1078 3085 1339 3146 Archias
1388 3086 1624 3162 legibus
1661 3102 1780 3145 non
1827 3094 2024 3158 esset,
2067 3093 2131 3145 ut
2159 3084 2236 3142 ab

174 3166 381 3244 aliquo
424 3169 789 3245 imperatore
830 3168 1071 3230 civitate
1112 3169 1806 3244 donaretur,.perf1cere
1849 3185 1969 3228 non
2025 3165 2236 3242 potuit.

177 3251 345 3310 Sulla
372 3269 559 3328 quum
592 3253 900 3327 Hispanos
930 3253 1184 3314 donaret
1214 3261 1276 3314 et
1303 3253 1541 3326 Gallos,
1593 3253 1777 3311 credo
1825 3251 1986 3321 hunc
2029 3254 2234 3322 peten-

173 3342 293 3394 tem
336 3335 749 3410 repudiasset=
794 3351 971 3409 quem
1016 3350 1132 3395 nos
1180 3334 1240 3395 in
1283 3334 1567 3396 contione
1611 3333 1902 3404 vidimu3‚
1947 3347 2129 3406 quum
2179 3329 2234 3390 ei
