2459 3817
271 150 395 219 ,130
746 153 825 213 ΙΝ
868 152 931 212 C.
960 150 1288 211 VERREM
1316 150 1482 211 ACT.
1511 150 1582 209 112
1611 150 1754 209 LIB.
1781 151 1860 209 V.

267 312 365 367 tor
394 318 651 365 severus
671 318 745 364 ac
767 301 1044 377 diligenS,
1078 298 1182 376 qui
1212 301 1426 377 populi
1445 298 1701 361 Romani
1734 297 1970 375 legibus
1999 314 2328 377 numquam

270 384 606 463 paruisset,
636 384 756 445 illis
792 383 1047 459 legibus,
1084 398 1244 458 quae
1275 383 1336 443 in
1367 382 1608 459 poculis
1641 383 2038 457 ponebantur,
2077 381 2326 458 diligen·

270 478 362 530 ter
390 468 863 543 obtemperabat.
930 467 1146 542 Itaque
1187 474 1360 527 erant
1397 465 1598 527 exitus
1641 464 1775 526 eius
1817 464 2016 537 modi,
2063 473 2129 525 ut
2171 465 2327 529 alius

267 551 425 613 inter
451 566 666 610 manus
698 567 733 611 e
762 548 1045 611 convivio
1078 556 1388 624 tamquam
1417 565 1452 610 e
1481 546 1718 624 proelio
1759 548 2124 619 auferretur,
2170 547 2326 610 alius

266 642 574 709 tamquam
635 630 880 694 occisus
932 630 1402 708 relinqueretur,
1445 630 1723 707 plerique
1763 631 1943 691 effusi
1995 629 2128 691 sine
2163 646 2320 691 men·

269 724 328 777 te
382 731 456 776 ac
510 714 643 776 sine
688 715 813 776 ullo
862 731 1053 775 sensu
1102 714 1401 787 iacerent,
1447 723 1514 775 ut
1544 713 1778 789 quivis,
1827 730 2013 789 quum
2043 714 2316 789 aspexis-

270 806 391 873 set,
420 814 542 859 non
578 814 648 859 se
670 800 969 873 praetoris
996 796 1376 870 convivium,
1407 798 1516 858 sed
1545 805 1611 858 ut
1641 797 2020 857 Cannensem
2060 812 2323 871 pugnam

268 880 571 957 nequitiae
621 880 828 941 videre
872 881 1275 942 arbitraretur.
1338 880 1462 939 XII.
1525 878 1625 941 29.
1691 879 1883 953 Quum
1926 895 2074 939 vero
2119 888 2325 941 aestas

270 980 505 1025 summa
562 980 705 1025 esse
768 970 1073 1037 coeperat,
1124 964 1292 1039 quod
1338 970 1578 1039 tempus
1618 977 1830 1022 omnes
1873 959 2118 1022 Siciliae
2168 978 2322 1022 sem-

266 1062 381 1123 per
410 1053 721 1121 praetores
752 1045 812 1105 in
842 1045 1157 1107 itineribus
1188 1061 1550 1107 consumere
1579 1052 1966 1117 consuerunt,
1997 1052 2324 1121 propterea

271 1130 439 1206 quod
470 1135 611 1189 tunc
640 1136 855 1204 putant
883 1128 1227 1190 obeundam
1261 1144 1402 1190 esse
1424 1125 1685 1188 maxime
1715 1126 2110 1203 provinciam,
2137 1144 2320 1201 quum

266 1210 326 1272 in
358 1210 519 1271 areis
549 1211 846 1272 frumenta
875 1218 1032 1284 sunt,
1068 1212 1236 1287 quod
1269 1220 1330 1273 et
1359 1210 1618 1271 familiae
1639 1218 2084 1285 congregantur
2111 1218 2171 1271 et
2201 1225 2319 1268 ma·

266 1293 515 1371 gnitudo
546 1293 772 1355 servitii
804 1292 1167 1369 perspicitur
1206 1303 1269 1355 et
1299 1294 1472 1355 labor
1515 1294 1721 1368 operis
1753 1292 2012 1353 maxime
2054 1290 2322 1363 offendit,

267 1376 547 1437 frumenti
590 1375 769 1451 copia
810 1385 1182 1448 commonet,
1229 1385 1471 1451 tempus
1511 1375 1655 1435 anni
1695 1392 1817 1437 non
1848 1372 2126 1451 impedita
2175 1381 2319 1447 tum,

266 1459 545 1535 inquam,
577 1476 763 1534 quum
792 1467 1159 1519 concursant
1193 1458 1416 1521 caeteri
1453 1466 1799 1533 praetoreS,
1833 1457 1948 1519 iste
1975 1473 2138 1518 novo
2171 1472 2320 1531 quo-

267 1542 406 1602 dam
446 1536 671 1615 genere
715 1539 1042 1616 imperator
1080 1541 1485 1618 pulcherrimo
1531 1540 1978 1619 Syracusarum
2023 1540 2160 1600 loco
2202 1546 2309 1599 sta·

268 1624 389 1686 tiva
424 1622 540 1683 sibi
568 1632 773 1685 castra
798 1622 1077 1685 iaciebat.
1146 1622 1248 1687 30.
1313 1624 1462 1685 Nam
1492 1625 1551 1683 in
1595 1622 1734 1699 ipso
1779 1624 1948 1683 aditu
1990 1630 2176 1697 atque
2215 1636 2321 1682 ore

266 1712 500 1783 portus,
532 1713 599 1767 ut
628 1706 882 1782 primum
911 1722 991 1768 ex
1027 1708 1147 1768 alto
1178 1707 1351 1767 sinus
1383 1708 1460 1767 ab
1493 1705 1687 1768 littore
1718 1708 1797 1774 ad
1830 1706 2040 1766 urbem
2068 1702 2320 1765 inflecti·

267 1798 387 1863 tur,
424 1790 813 1851 tabernacula
842 1788 1153 1851 carbaseis
1182 1788 1412 1851 intenta
1454 1788 1608 1849 velis
1654 1788 2008 1850 collocabat.
2073 1788 2205 1847 Huc
2245 1803 2320 1847 ex

264 1870 365 1933 illa
396 1874 577 1932 domo
613 1871 945 1946 praetoria,
976 1888 1135 1948 quae
1164 1872 1330 1948 regis
1355 1872 1637 1933 Hieronis
1668 1871 1806 1945 suit,
1847 1870 1936 1931 sic
1968 1870 2318 1945 emigrabat,

263 1962 329 2016 ut
356 1971 493 2014 eum
528 1970 637 2029 per
665 1955 802 2015 illos
847 1954 979 2016 dies
1009 1972 1189 2017 nemo
1226 1964 1398 2017 extra
1432 1955 1594 2016 illum
1621 1956 1821 2015 locum
1849 1954 2059 2015 videre
2089 1960 2322 2028 posset.

265 2038 329 2096 ln
358 2052 496 2096 eum
530 2044 730 2096 autem
753 2036 954 2111 ipsum
982 2038 1185 2099 locum
1215 2038 1416 2098 aditus
1449 2046 1578 2098 erat
1606 2036 1861 2110 nemini,
1909 2034 2028 2096 nisi
2070 2035 2176 2113 qui
2219 2044 2321 2096 aut

265 2118 474 2180 socius
504 2125 607 2178 aut
634 2117 907 2179 minister
935 2118 1199 2180 libidinis
1224 2136 1368 2181 esse
1401 2128 1629 2194 posset.
1693 2122 1826 2180 Huc
1869 2132 2083 2179 omnes
2113 2117 2320 2179 mulie-

263 2219 395 2276 res,
426 2200 789 2277 quibuscum
821 2202 936 2263 iste
971 2210 1312 2275 consuerat,
1353 2202 1814 2277 conveniebant,
1845 2218 2100 2277 quarum
2127 2200 2319 2261 incre-

264 2283 451 2348 dibile
499 2291 596 2345 est
646 2292 873 2359 quanta
904 2283 1222 2346 multitudo
1267 2283 1443 2346 fuerit
1471 2284 1829 2362 Syracusisz
1880 2284 1998 2345 huc
2040 2282 2320 2344 homines

265 2367 431 2444 digni
468 2366 643 2428 istius
672 2365 962 2440 amicitia,
1000 2366 1169 2443 digni
1214 2366 1335 2429 vita
1375 2368 1475 2427 illa
1508 2367 1933 2443 conviviisque
1980 2364 2320 2428 veniebant.

266 2451 423 2511 Inter
454 2452 589 2511 eius
622 2450 785 2510 modi
816 2448 985 2509 viros
1019 2459 1081 2511 et
1118 2449 1406 2511 mulieres
1439 2451 1644 2512 adulta
1687 2458 1886 2512 aetate
1917 2449 2078 2510 filius
2110 2464 2317 2508 versa·

262 2534 466 2606 batur,
510 2540 577 2593 ut
614 2549 785 2603 eum,
826 2532 1004 2593 etiam
1048 2532 1101 2593 si
1130 2542 1342 2597 natura
1373 2551 1408 2592 a
1439 2532 1710 2608 parentis
1742 2532 2127 2593 similitudine
2160 2527 2320 2590 abri-

264 2623 452 2692 peret,
486 2616 867 2677 consuetudo
913 2624 1108 2676 tamen
1156 2632 1227 2676 ac
1255 2615 1579 2690 disciplina
1633 2615 1819 2691 patris
1876 2614 2128 2675 similem
2177 2627 2321 2673 esse

263 2706 529 2774 cogeret.
593 2697 695 2761 31.
761 2698 891 2759 Huc
918 2698 1113 2758 Tertia
1144 2698 1244 2759 illa
1287 2699 1579 2773 perducta
1605 2714 1716 2775 per
1757 2700 1964 2760 dolum
2009 2707 2192 2773 atque
2229 2695 2319 2755 in-

264 2780 455 2842 sidias
488 2781 567 2842 ab
599 2780 839 2842 Rhodio
869 2780 1115 2842 tibicine
1144 2780 1441 2842 maximas
1476 2782 1534 2840 in
1565 2780 1740 2843 istius
1773 2781 1991 2841 castris
2033 2776 2321 2841 effecisse

263 2866 480 2924 dici—tur
507 2865 746 2936 turbaS,
794 2882 979 2939 quum
1021 2864 1270 2939 indigne
1299 2872 1603 2939 pateretur
1643 2881 1801 2925 uxor
1831 2860 2168 2925 Cleomenis
2204 2860 2319 2938 Sy-

262 2944 575 3020 racusani,
606 2946 827 3008 nobilis
862 2945 1100 3020 mulier,
1136 2946 1402 3022 itemque
1430 2964 1587 3009 uxor
1615 2945 2029 3019 Aeschrionis,
2054 2945 2318 3005 honesto

261 3033 399 3092 loco
442 3040 611 3103 nata,
656 3029 717 3090 in
764 3026 1126 3091 conventum
1168 3047 1346 3091 suum
1391 3028 1554 3090 mimi
1586 3027 1803 3090 Isidori
1832 3028 2018 3088 filiam
2051 3028 2318 3089 venisse.

256 3115 383 3174 Iste
412 3121 611 3175 autem
638 3110 964 3184 Hannibal,
993 3113 1095 3189 qui
1122 3112 1183 3173 in
1214 3112 1344 3173 suis
1375 3112 1591 3174 castris
1624 3112 1840 3172 virtute
1868 3118 2108 3187 putaret
2138 3126 2321 3186 opor·

256 3205 414 3268 tere,
445 3212 566 3256 non
600 3212 821 3270 genere
855 3195 1088 3269 certari,
1120 3195 1210 3257 sic
1241 3196 1397 3256 hanc
1425 3196 1681 3257 Tertiam
1712 3194 1939 3268 dilexit,
1968 3202 2034 3254 ut
2056 3209 2189 3255 eam
2222 3209 2323 3253 se-

256 3294 396 3339 cum
427 3295 503 3339 ex
538 3277 854 3354 proviaeia
883 3280 1250 3354 deportaret.
1313 3279 1469 3338 Xlll.
1536 3281 1626 3339 Ac
1659 3294 1768 3353 per
1797 3276 1912 3336 hos
1945 3275 2099 3352 dies,
2131 3292 2322 3351 quum

256 3359 373 3421 iste
405 3377 539 3420 curn
572 3360 753 3436 pallio
793 3381 1103 3441 purpureo
1148 3363 1408 3441 parique
1448 3361 1654 3423 tunica
1697 3366 2040 3421 versaretur
2080 3357 2140 3419 in
2171 3373 2316 3418 con·
