2459 3817
508 257 671 316 CAP.
706 266 962 320 64—66.
999 263 1050 323 S.
1084 265 1411 318 142—147.
1879 261 1998 328 117

0 415 107 467 ent.
171 405 349 466 LXV.
404 407 750 466 Decernunt
776 406 1005 478 statim,
1052 405 1341 480 primum,
1386 420 1459 463 ur
1501 419 1616 464 cun
1656 403 1720 463 L.
1764 419 1994 462 raum:

1 503 275 548 osprrnm
301 503 541 548 runucn
561 505 794 560 rmus-r,
842 489 1007 563 quod
1046 489 1100 548 is
1134 487 1411 548 eamdem
1443 487 1812 547 voluntatem
1855 503 1998 558 erga

4 586 382 648 yracusanos
426 569 805 645 suscepisset
845 587 1022 644 quam
1067 585 1181 644 ego
1223 584 1466 644 semper
1504 568 1874 628 habuissem.
1929 569 1997 626 ld

0 669 81 712 on
109 652 292 713 modo
315 657 438 712 tum
469 651 869 728 scripserunt,
899 668 1109 712 verum
1128 652 1308 713 etiam
1335 651 1394 710 in
1425 667 1567 711 aere
1597 649 1856 710 incisum
1889 665 1994 710 no—

0 737 50 794 is
80 732 473 796 tradiderunt.
534 735 731 794 Valde
759 736 1003 794 hercule
1032 743 1091 794 te
1119 732 1493 812 Syracusani
1524 731 1639 804 tui,
1673 749 1832 806 quos
1867 747 1996 790 cre-

0 833 65 876 ro
112 831 583 876 commemorare
624 817 819 888 soleS‚
864 816 1147 890 diligunt=
1184 817 1288 891 qui
1332 830 1466 876 cum
1503 823 1860 875 accusatore
1891 821 1994 874 tuo

0 899 105 958 atis
154 897 373 959 iustam
426 914 675 958 causam
730 898 1189 972 coniungendae
1245 897 1714 957 necessitudinis
1765 905 1990 970 putant,

0 980 122 1040 uod
174 987 234 1040 te
280 989 676 1042 accusaturus
734 979 811 1040 sit
855 989 916 1040 et
956 980 1123 1054 quod
1162 979 1516 1054 inquisitum
1557 978 1617 1037 in
1657 987 1718 1038 te
1747 977 1992 1038 venerit.

3 1069 177 1122 ostea
203 1062 547 1123 decernitur
572 1079 645 1122 ac
686 1079 805 1122 non
834 1061 1029 1134 varie,
1079 1063 1191 1122 sed
1237 1077 1433 1136 prope
1481 1061 1711 1120 cunctis
1756 1068 1969 1120 senten

0 1145 81 1204 is:
123 1159 196 1202 m·
221 1158 521 1203 nummo
539 1189 555 1214 ‚
584 1160 739 1211 ouAn
770 1145 830 1203 C.
858 1145 1056 1202 Vsum
1084 1159 1352 1202 »scalt-ra
1378 1159 1574 1213 Essrrr,
1607 1157 1976 1200 romam-nn

0 1224 96 1284 46.
149 1225 218 1283 ln
250 1241 355 1297 eo,
386 1241 569 1299 quum
604 1225 721 1284 iam
750 1243 869 1285 non
905 1226 1102 1284 solum
1136 1225 1436 1286 discessio
1473 1226 1628 1284 facta
1658 1231 1851 1297 esset,
1885 1223 1996 1283 sed

0 1307 133 1364 tiam
164 1304 565 1379 perscriptum
594 1313 777 1380 atque
804 1308 864 1364 in
896 1307 1129 1366 tabulas
1156 1309 1424 1376 relatum,
1455 1313 1699 1381 praetor
1726 1305 1994 1380 appella..

0 1403 69 1444 ir.
131 1388 212 1446 At
240 1386 377 1460 quis
418 1389 724 1461 appellat?
773 1387 1158 1461 Magistratus
1204 1383 1434 1462 aliquit
1533 1389 1742 1448 Nemo.
1809 1387 1972 1447 Sena

0 1474 93 1526 ›rr
152 1468 241 1526 Ne
267 1467 329 1526 id
363 1467 625 1542 quidem.
682 1471 1205 1548 Syracusanorum
1240 1471 1469 1546 aliqui?
1529 1470 1791 1530 Minime.
1849 1468 1991 1543 Quis

0 1548 129 1618 ;itur
154 1557 497 1624 praetorem
514 1553 817 1626 appellat?
858 1553 967 1626 Qui
992 1561 1280 1628 quaestor
1311 1551 1485 1614 istius
1517 1552 1818 1627 fuerat,.P.
1849 1552 1990 1611 Cae-

0 1629 160 1691 3tius.
233 1631 279 1690 Ο
332 1648 459 1690 rem
502 1632 843 1695 ridiculam!
899 1651 935 1695 o
979 1634 1285 1695 desertum
1329 1635 1664 1708 hominem,
1706 1636 1987 1708 despera

0 1729 101 1784 lm,
143 1713 447 1774 relictum!
508 1716 566 1773 A
592 1715 941 1791 magistratu
972 1715 1205 1790 Siculo,
1249 1731 1328 1775 ne
1374 1724 1621 1777 senatus
1653 1717 1993 1775 consultum

0 1793 135 1854 iculi
163 1795 440 1856 homines
483 1797 683 1858 facere
718 1806 999 1872 possent,
1050 1813 1129 1857 ne
1182 1815 1360 1857 suum
1401 1799 1495 1858 ius
1537 1796 1666 1856 suis
1705 1795 1993 1869 moribus,

0 1875 77 1936 iis
106 1876 343 1951 legibus
372 1875 645 1938 obtinere
666 1889 938 1954 possent,
964 1895 1085 1939 non
1112 1880 1344 1944 amicas
1367 1878 1560 1949 istiuS‚
1593 1893 1713 1936 non
1742 1877 1993 1950 hospeS‚

0 1974 66 2018 on
108 1959 371 2032 denique
416 1959 639 2033 aliquis
682 1958 923 2021 Siculus
946 2004 961 2032 ‚
1022 1961 1135 2020 sed
1178 1967 1466 2034 quaestor
1503 1959 1713 2034 populi
1739 1959 1994 2019 Romani

0 2046 283 2099 raetorem
328 2040 611 2113 appellat.
676 2040 820 2113 Quis
861 2042 979 2100 hoc
1019 2041 1210 2103 vidit?
1254 2042 1390 2116 quis
1423 2041 1690 2102 audivit?
1748 2041 1995 2100 Praetor

0 2137 183 2194 aquus
218 2129 276 2180 et
316 2121 565 2194 sapiens
613 2122 821 2182 dimitti
859 2125 1023 2184 iubet
1066 2131 1358 2184 senatum.
1423 2122 1733 2186 Concurrit
1777 2124 1854 2183 ad
1895 2138 1993 2182 me

0 2200 207 2260 >axima
234 2203 568 2263 multitudo.
620 2204 879 2264 Primum
908 2215 1222 2268 senatores
1258 2207 1516 2266 clamare
1545 2205 1662 2286 sibi
1695 2205 1846 2280 eripi
1874 2205 1988 2276 ἰυε,

0 2283 97 2358 ·ipi
142 2282 507 2346 libertatem=
550 2288 817 2362 populus
866 2297 1140 2348 senatum
1190 2290 1469 2360 laudare,
1515 2287 1739 2362 gratias
1779 2303 1990 2360 agerea

0 2381 113 2426 ,ves
142 2366 396 2426 Romani
432 2384 469 2427 a
496 2384 592 2427 me
620 2385 917 2444 nusquam
949 2370 1284 2430 discedere.
1336 2371 1464 2444 Quo
1499 2370 1745 2445 quidem
1775 2369 1874 2428 die
1900 2367 1988 2428 ni·-

0 2449 26 2504 ssl
59 2449 298 2524 aegrius
326 2450 553 2510 factum
581 2458 676 2511 est
702 2452 889 2512 multo
916 2452 1123 2512 labore
1149 2468 1286 2512 meo
1304 2499 1321 2526 ‚
1365 2469 1546 2527 quam
1579 2459 1646 2511 ut
1667 2467 1880 2510 manus
1909 2451 1988 2510 ab

0 2532 46 2590 lo
77 2531 450 2605 appellatore
478 2532 935 2593 abstinerentur.
997 2531 1137 2596 147.
1202 2535 1392 2606 Quum
1421 2536 1502 2595 ad
1546 2542 1886 2608 praetorem
1925 2533 1985 2592 in

0 2629 39 2671 ‚s
89 2611 461 2686 adissemu8‚
518 2614 823 2689 excogitat
874 2631 1023 2676 sane
1070 2625 1248 2677 acute
1285 2616 1438 2692 ,quid
1467 2617 1772 2676 decernat.
1836 2615 1987 2675 Nam

0 2701 85 2752 ite
130 2709 310 2767 quam
347 2695 600 2757 verbum
642 2697 933 2770 facerem,
984 2699 1063 2757 de
1102 2699 1255 2758 sella
1296 2697 1558 2758 surrexit
1599 2705 1783 2774 atque
1823 2697 1987 2758 abiit.

0 2791 153 2849 aque
185 2783 307 2836 tum
336 2777 413 2836 de
442 2779 592 2850 foro,
626 2796 809 2852 quum
832 2779 949 2838 iam
976 2781 1537 2854 advesperasceret,
1567 2778 1985 2840 discessimus.

0 2856 144 2916 xvl.
202 2857 499 2919 Postridie
532 2875 709 2919 mane
740 2861 815 2918 ab
857 2877 931 2921 eo
964 2863 1244 2936 postulo,
1287 2870 1354 2924 ut
1393 2861 1800 2939 Syracusanis
1844 2862 1988 2922 lice-

0 2945 31 2998 ιι
58 2947 302 3000 senatus
331 2942 699 3014 consultum,
736 2944 901 3015 quod
928 2941 1123 3016 pridie
1164 2941 1484 3017 fecissent,
1525 2942 1668 3003 mihi
1707 2945 1983 3004 reddere.

0 3021 44 3079 le
56 3019 218 3082 enim
238 3039 377 3080 vero
404 3032 615 3098 negat,
664 3032 723 3085 et
750 3022 831 3085 ait
862 3023 1171 3099 indignum
1199 3025 1436 3087 facinus
1467 3041 1637 3100 esse,
1670 3027 1834 3101 quod
1867 3043 1983 3100 ego

30 3111 246 3165 senatu
280 3103 512 3165 Graeco
540 3105 729 3166 verba
758 3105 1073 3168 fecissem=
1116 3109 1288 3182 quod
1322 3108 1566 3183 quidem
1607 3109 1772 3183 apud
1801 3107 1983 3168 Grae-

0 3199 47 3242 ·s
82 3183 311 3244 Graece
338 3187 576 3247 locutus
611 3203 840 3260 essem,
885 3187 948 3247 id
992 3189 1133 3250 ferri
1172 3192 1339 3251 nullo
1371 3191 1556 3252 modo
1587 3206 1795 3265 posse.
1864 3191 1981 3248 Re-

0 3265 158 3326 »ondi
186 3265 430 3342 homini,
458 3277 527 3329 ut
556 3268 743 3343 potui,
772 3277 837 3330 ut
865 3268 1062 3342 debui,
1093 3279 1160 3332 ut
1188 3272 1370 3333 volui.
1428 3273 1617 3347 Quum
1649 3272 1831 3331 multa
1858 3279 1982 3331 tum

0 3345 115 3410 iam
140 3347 259 3408 hoc
286 3365 381 3408 me
414 3348 657 3410 memini
678 3351 897 3424 dicere,
923 3351 1099 3414 facile
1112 3369 1254 3414 esse
1280 3353 1670 3429 perspicuum
1693 3362 1982 3427 quantum

0 3436 90 3490 ter
116 3428 277 3490 hune
320 3439 379 3492 et
414 3431 581 3492 illum
606 3431 1011 3507 Numidicum,
1057 3452 1266 3496 verum
1299 3451 1371 3495 ac
1399 3450 1746 3511 germanum
1773 3434 1980 3497 Metel·
