2459 3817
824 187 987 246 CAP.
1018 195 1087 247 20
1107 219 1183 232 --
1195 197 1283 250 23.
1327 193 1378 254 s.
1408 197 1564 250 45—-
1586 199 1674 250 so.
1931 141 1946 145 -
2192 179 2276 246 81

192 342 313 401 bus
349 339 431 400 ad
472 353 574 397 res
606 335 849 396 divinas
881 335 969 397 uti
1005 346 1411 412 consuerunt,
1457 354 1616 414 quae
1647 355 1686 398 a
1720 339 1850 401 suis
1882 353 2268 418 acceperunt,

193 437 360 498 quae
387 419 449 479 in
482 419 709 479 familia
740 435 985 495 semper
1018 422 1282 480 suerunt.

364 503 546 564 XXII.
588 500 693 564 48.
734 501 848 561 Hic
880 501 1066 562 nolite
1091 512 1456 577 exspectare
1474 549 1491 577 ,
1535 505 1678 564 dum
1701 521 1818 580 ego
1842 507 1996 567 haec
2020 506 2270 568 crimina

192 601 378 664 agam
402 584 687 657 ostiatim,
714 585 793 643 ab
822 585 1138 662 Aeschylo
1163 584 1576 662 Tyndaritano
1607 587 1788 648 istum
1823 598 2094 663 pateram
2127 592 2264 652 abs-

190 669 445 742 tulisse,
490 684 529 727 a
570 668 885 728 Thrasone
924 667 1067 727 item
1106 667 1520 744 Tyndaritano
1551 671 1865 744 patellam,
1896 673 2267 750 aNympho-

192 755 354 815 doro
394 749 797 826 Agrigentino
838 749 1184 810 turibulum.
1271 751 1467 824 Quum
1503 760 1694 814 testes
1739 770 1818 813 ex
1849 754 2056 815 Sicilia
2085 756 2270 830 dabo,

193 851 383 912 quem
410 836 581 894 volet
610 830 707 894 ille
737 832 949 908 eligat,
994 849 1175 908 quern
1204 848 1320 908 ego
1351 835 1718 908 interrogem
1748 837 1828 896 de
1856 838 2127 912 patellis,
2158 856 2266 916 pa—

192 917 378 990 teris,
420 915 734 978 turibulis=
792 933 915 976 non
950 917 1135 976 modo
1168 914 1464 992 oppidum
1490 917 1749 990 nullum,
1796 920 1910 979 sed
1940 937 2018 980 ne
2045 922 2268 983 domus

195 999 449 1077 quidem
474 1001 600 1060 ulla
627 1000 837 1074 paullo
872 999 1237 1072 locupletior
1265 1015 1490 1073 expers
1520 999 1703 1061 huius
1725 1000 1980 1062 iniuriae
1999 1003 2264 1078 reperie-

191 1093 312 1145 tur.
384 1083 497 1156 Qui
528 1098 714 1157 quum
758 1080 818 1140 in
865 1080 1213 1141 convivium
1243 1080 1548 1155 venisset,
1593 1081 1648 1142 si
1681 1083 2016 1159 quidquam
2052 1086 2270 1146 caelati

192 1172 554 1242 aspexerat,
586 1181 802 1226 manus
826 1163 1161 1236 abstinere,
1197 1163 1461 1237 iudices,
1493 1181 1616 1225 non
1640 1174 1896 1242 poterat.
1971 1168 2264 1228 Cn.Pom—

191 1247 381 1325 peius
414 1254 511 1305 est
532 1246 730 1320 Philo,
779 1246 883 1321 qui
918 1247 1029 1307 suit
1056 1245 1523 1321 Tyndaritanus.
1593 1248 1656 1307 Is
1689 1263 1917 1308 cenam
1961 1250 2062 1311 isti
2085 1251 2267 1312 dabat

192 1329 369 1405 apud
394 1328 594 1389 villam
623 1329 683 1388 in
704 1328 1135 1406 Tyndaritano.
1189 1327 1360 1388 Fecit
1383 1331 1549 1402 quod
1571 1329 1759 1390 Siculi
1782 1348 1905 1391 non
1930 1332 2264 1393 audebant=

191 1414 333 1486 ille,
372 1410 525 1471 civis
557 1413 869 1473 Romanus
905 1412 1074 1486 quod
1104 1420 1262 1484 erat,
1301 1409 1610 1486 impunius
1638 1411 1702 1472 id
1737 1429 1807 1474 se
1830 1415 2128 1476 facturum
2152 1432 2262 1491 pu·

192 1495 364 1556 tavit.
430 1495 744 1571 Apposuit
778 1494 1059 1569 patellam
1078 1539 1092 1566 ,
1136 1493 1197 1553 in
1230 1510 1352 1568 qua
1381 1493 1580 1570 sigilla
1608 1504 1781 1557 erant
1813 1497 2077 1572 egregia.
2143 1500 2264 1559 Isto

194 1577 490 1640 continuo
531 1587 598 1639 ut
638 1576 815 1649 vidit,
862 1594 981 1638 non
1027 1576 1325 1638 dubitavit
1357 1576 1506 1636 illud
1545 1577 1785 1652 insigne
1820 1580 2130 1654 penatium
2155 1581 2264 1642 ho·

196 1660 633 1736 spitaliumque
665 1660 918 1719 deorum
949 1677 1025 1720 ex
1055 1659 1345 1735 hospitali
1375 1675 1588 1719 mensa
1614 1662 1858 1735 tollere,
1903 1664 2017 1722 sed
2045 1671 2267 1738 tamen,

197 1745 368 1820 quod
408 1751 548 1818 ante
589 1744 667 1803 de
713 1741 891 1803 istius
923 1740 1288 1802 abstinentia
1316 1741 1620 1814 dixeram,
1665 1743 1876 1817 sigillis
1907 1744 2142 1804 avulsis
2171 1762 2264 1805 re-

194 1829 431 1902 liquum
464 1833 779 1900 argentum
813 1824 946 1884 sine
975 1826 1099 1884 ulla
1133 1823 1390 1885 avaritia
1408 1823 1692 1885 reddidit.
1761 1823 1863 1886 49.
1911 1825 2108 1900 Quid?
2148 1828 2264 1889 Eu·

197 1912 444 1985 polemo
478 1909 816 1978 Calactino,
861 1905 1093 1966 homini
1122 1905 1342 1978 nobili,
1371 1907 1762 1966 Lucullorum
1781 1907 2010 1983 hospiti
2034 1925 2105 1968 ac
2126 1927 2261 1984 per-

198 1990 509 2063 familiari,
556 1990 661 2066 qui
688 2005 849 2050 nunc
880 1990 1045 2064 apud
1074 1987 1408 2049 exercitum
1442 2005 1580 2049 cum
1611 1989 1676 2049 L.
1696 1990 1950 2052 Lucullo
1981 1997 2106 2067 est,
2140 2008 2263 2052 non

195 2075 364 2136 idem
392 2074 575 2134 fecit?
641 2076 912 2138 Cenabat
952 2072 1118 2146 apud
1147 2089 1315 2132 eumz
1359 2080 1675 2146 argentum
1699 2071 1800 2132 ille
1821 2082 2130 2135 caeterum
2153 2091 2264 2150 pu-

195 2172 337 2216 rum
376 2166 781 2230 apposuerat,
832 2170 911 2214 ne
950 2171 1143 2230 purus
1184 2153 1324 2230 ipse
1361 2153 1833 2230 relinqueretur=
1878 2157 2002 2217 duo
2041 2158 2266 2231 pocula

194 2255 327 2300 non
378 2254 628 2313 magna,
682 2254 895 2298 verum
936 2247 1137 2298 tamen
1182 2253 1320 2296 cum
1359 2237 1736 2298 emblemate.
1803 2238 1917 2298 Hic
1959 2246 2266 2313 tamquam

195 2320 487 2382 festivum
516 2337 801 2386 acroama
817 2366 833 2392 ‚
878 2337 954 2380 ne
980 2319 1114 2379 sine
1138 2317 1460 2380 corollario
1484 2319 1562 2380 de
1588 2318 1873 2380 convivio
1897 2319 2264 2394 discederet,

193 2404 427 2466 ibidem
457 2402 737 2464 convivis
770 2401 1190 2476 spectantibus
1214 2402 1578 2463 emblemata
1601 2403 1923 2464 evellenda
1946 2401 2198 2464 curavit.

365 2487 579 2561 Neque
618 2500 733 2560 ego
782 2502 943 2545 nunc
984 2483 1163 2545 istius
1207 2486 1369 2544 facta
1414 2485 1616 2544 omnia
1670 2501 2030 2546 enumerare
2077 2501 2262 2546 conor

194 2585 401 2644 neque
446 2585 604 2644 opus
647 2576 743 2629 est
782 2583 897 2628 nec
938 2566 1072 2627 fieri
1110 2568 1236 2630 ullo
1278 2567 1464 2627 modo
1513 2575 1754 2642 potest=
1811 2575 2040 2630 tantum
2086 2568 2267 2629 unius

194 2651 499 2726 cuiusque
538 2652 617 2711 de
660 2649 830 2710 varia
868 2649 1257 2726 improbitate
1295 2648 1539 2724 generis
1581 2648 1806 2710 indicia
1847 2652 2015 2726 apud
2049 2667 2166 2712 vos
2209 2658 2268 2712 et

192 2735 484 2808 exempla
535 2735 805 2809 profero.
900 2734 1114 2807 Neque
1158 2732 1320 2793 enim
1367 2733 1450 2791 ita
1499 2749 1568 2792 se
1608 2732 1804 2806 gessit
1832 2731 1892 2792 in
1937 2733 2032 2794 his
2061 2735 2266 2804 rebus,

192 2829 507 2891 tamquam
547 2815 847 2876 rationem
878 2815 1209 2890 aliquando
1247 2823 1414 2875 esset
1454 2814 1824 2886 redditurus
1863 2818 1976 2876 sed
2007 2832 2266 2890 prorsus

192 2902 299 2973 ita,
317 2897 497 2974 quasi
523 2906 628 2958 aut
654 2915 799 2959 reus
829 2914 1162 2972 numquam
1180 2906 1350 2958 esset
1371 2899 1605 2959 futurus
1636 2905 1740 2958 aut
1768 2912 1891 2973 quo
1922 2899 2099 2974 plura
2127 2901 2262 2959 abs·

191 2982 469 3055 tulisset,
526 2997 601 3040 eo
664 2979 900 3041 minore
951 2979 1227 3056 periculo
1284 2979 1346 3039 in
1401 2979 1691 3042 iudicium
1733 2989 2028 3044 venturus
2069 2988 2266 3042 esset=

196 3063 305 3142 qui
344 3064 529 3134 haec,
577 3078 737 3138 quae
778 3063 952 3136 dico,
999 3061 1117 3122 iam
1158 3078 1282 3124 non
1313 3064 1580 3135 occulte,
1623 3079 1746 3122 non
1776 3079 1891 3139 per
1917 3062 2150 3124 amicos
2179 3071 2266 3122 at-

196 3164 320 3224 que
359 3147 757 3220 interpreteS,
802 3147 914 3206 sed
955 3147 1157 3222 palam
1197 3146 1278 3205 de
1319 3148 1458 3206 loco
1507 3144 1828 3221 superiore
1863 3154 2103 3220 ageret,
2153 3161 2266 3218 pro

192 3229 455 3306 imperio
481 3235 541 3288 et
559 3236 882 3305 potestate.
940 3227 1148 3289 XXIII.
1190 3225 1292 3288 50.
1331 3226 1603 3288 Catinam
1627 3245 1812 3303 quum
1834 3226 2126 3298 venisset,
2158 3243 2266 3300 op-

192 3314 409 3390 pidum
430 3313 743 3385 locuples,
784 3311 1139 3384 honestum,
1174 3309 1524 3384 copiosum,
1557 3309 2072 3387 Dionysiarchum
2096 3311 2174 3369 ad
2199 3326 2268 3369 se

194 3410 597 3474 proagorum‚
643 3393 763 3454 hoc
804 3401 925 3467 est,
982 3410 1282 3454 summum
1323 3392 1770 3468 magistratum,
1797 3390 2035 3535 6vocari
2081 3390 2276 3452 iubet.

255 3531 264 3538 ,
304 3487 419 3530 crc.
456 3486 642 3533 omr.
676 3476 722 3535 Ι.
1399 3510 1402 3514 ·
