<?xml version="1.0" encoding="UTF-8"?>
<!DOCTYPE html PUBLIC "-//W3C//DTD XHTML 1.0 Transitional//EN"
    "http://www.w3.org/TR/xhtml1/DTD/xhtml1-transitional.dtd">
<html xmlns="http://www.w3.org/1999/xhtml" xml:lang="en" lang="en">
 <head>
  <title>
</title>
<meta http-equiv="Content-Type" content="text/html;charset=utf-8" />
  <meta name='ocr-system' content='tesseract 3.04.00' />
  <meta name='ocr-capabilities' content='ocr_page ocr_carea ocr_par ocr_line ocrx_word'/>
</head>
<body>
  <div class='ocr_page' id='page_1' title='image "./mtulliiciceroni00klotgoog_0365.png"; bbox 0 0 2459 3817; ppageno 0'>
   <div class='ocr_carea' id='block_1_1' title="bbox 258 115 1730 188">
    <p class='ocr_par' dir='ltr' id='par_1_1' title="bbox 258 115 1730 188">
     <span class='ocr_line' id='line_1_1' title="bbox 258 115 1730 188; baseline 0.001 -5"><span class='ocrx_word' id='word_1_1' title='bbox 258 115 343 183; x_wconf 80' lang='lat'><strong>‘10</strong></span> <span class='ocrx_word' id='word_1_2' title='bbox 860 123 1009 188; x_wconf 80' lang='lat' dir='ltr'><strong>PRO</strong></span> <span class='ocrx_word' id='word_1_3' title='bbox 1037 124 1099 186; x_wconf 88' lang='lat' dir='ltr'><strong>P.</strong></span> <span class='ocrx_word' id='word_1_4' title='bbox 1130 122 1395 186; x_wconf 86' lang='lat' dir='ltr'>SESTIO</span> <span class='ocrx_word' id='word_1_5' title='bbox 1426 122 1730 187; x_wconf 80' lang='lat' dir='ltr'><strong>ORATIO.</strong></span> 
     </span>
    </p>
   </div>
   <div class='ocr_carea' id='block_1_2' title="bbox 252 271 2318 3410">
    <p class='ocr_par' dir='ltr' id='par_1_2' title="bbox 252 271 2316 1839">
     <span class='ocr_line' id='line_1_2' title="bbox 254 271 2310 351; baseline 0.001 -13"><span class='ocrx_word' id='word_1_6' title='bbox 254 273 407 338; x_wconf 70' lang='lat' dir='ltr'><strong>datia</strong></span> <span class='ocrx_word' id='word_1_7' title='bbox 456 275 677 351; x_wconf 84' lang='lat' dir='ltr'><strong>quibus</strong></span> <span class='ocrx_word' id='word_1_8' title='bbox 708 271 933 336; x_wconf 87' lang='lat' dir='ltr'><strong>utinam</strong></span> <span class='ocrx_word' id='word_1_9' title='bbox 960 273 1115 350; x_wconf 80' lang='lat' dir='ltr'><strong>ipsis</strong></span> <span class='ocrx_word' id='word_1_10' title='bbox 1149 276 1500 338; x_wconf 87' lang='lat' dir='ltr'><strong>evenissent</strong></span> <span class='ocrx_word' id='word_1_11' title='bbox 1530 291 1635 349; x_wconf 86' lang='lat' dir='ltr'><strong>ea,</strong></span> <span class='ocrx_word' id='word_1_12' title='bbox 1685 291 1844 351; x_wconf 86' lang='lat' dir='ltr'><strong>quae</strong></span> <span class='ocrx_word' id='word_1_13' title='bbox 1873 283 1998 338; x_wconf 90' lang='lat' dir='ltr'><strong>tum</strong></span> <span class='ocrx_word' id='word_1_14' title='bbox 2023 275 2310 341; x_wconf 78' lang='lat' dir='ltr'><strong>homines</strong></span> 
     </span>
     <span class='ocr_line' id='line_1_3' title="bbox 254 359 2309 436; baseline 0 -17"><span class='ocrx_word' id='word_1_15' title='bbox 254 360 687 436; x_wconf 78' lang='lat' dir='ltr'>precabantur!</span> <span class='ocrx_word' id='word_1_16' title='bbox 734 375 935 432; x_wconf 91' lang='lat' dir='ltr'><strong>neque</strong></span> <span class='ocrx_word' id='word_1_17' title='bbox 968 375 1082 420; x_wconf 89' lang='lat' dir='ltr'><strong>nos</strong></span> <span class='ocrx_word' id='word_1_18' title='bbox 1114 359 1488 433; x_wconf 89' lang='lat' dir='ltr'><strong>provinciam</strong></span> <span class='ocrx_word' id='word_1_19' title='bbox 1517 359 1936 420; x_wconf 85' lang='lat' dir='ltr'><strong>Macedoniam</strong></span> <span class='ocrx_word' id='word_1_20' title='bbox 1965 376 2103 420; x_wconf 90' lang='lat' dir='ltr'><strong>cum</strong></span> <span class='ocrx_word' id='word_1_21' title='bbox 2130 378 2309 422; x_wconf 88' lang='lat' dir='ltr'><strong>exer-</strong></span> 
     </span>
     <span class='ocr_line' id='line_1_4' title="bbox 253 441 2311 517; baseline 0.001 -15"><span class='ocrx_word' id='word_1_22' title='bbox 253 442 377 504; x_wconf 90' lang='lat' dir='ltr'><strong>citu</strong></span> <span class='ocrx_word' id='word_1_23' title='bbox 406 458 606 517; x_wconf 90' lang='lat' dir='ltr'><strong>neque</strong></span> <span class='ocrx_word' id='word_1_24' title='bbox 636 442 965 516; x_wconf 79' lang='lat' dir='ltr'><strong>equitatum</strong></span> <span class='ocrx_word' id='word_1_25' title='bbox 997 441 1055 500; x_wconf 89' lang='lat' dir='ltr'><strong>in</strong></span> <span class='ocrx_word' id='word_1_26' title='bbox 1086 441 1270 517; x_wconf 80' lang='lat' dir='ltr'><strong>Syria</strong></span> <span class='ocrx_word' id='word_1_27' title='bbox 1307 450 1368 503; x_wconf 88' lang='lat' dir='ltr'><strong>et</strong></span> <span class='ocrx_word' id='word_1_28' title='bbox 1399 442 1684 503; x_wconf 88' lang='lat' dir='ltr'><strong>cohortes</strong></span> <span class='ocrx_word' id='word_1_29' title='bbox 1717 444 1976 516; x_wconf 83' lang='lat' dir='ltr'><strong>optimas</strong></span> <span class='ocrx_word' id='word_1_30' title='bbox 2005 443 2311 517; x_wconf 89' lang='lat' dir='ltr'><strong>perdidis-</strong></span> 
     </span>
     <span class='ocr_line' id='line_1_5' title="bbox 256 519 2312 601; baseline 0.001 -15"><span class='ocrx_word' id='word_1_31' title='bbox 256 540 483 587; x_wconf 82' lang='lat' dir='ltr'><strong>semus.</strong></span> <span class='ocrx_word' id='word_1_32' title='bbox 576 519 674 584; x_wconf 79' lang='lat'><strong>72.</strong></span> <span class='ocrx_word' id='word_1_33' title='bbox 715 525 927 584; x_wconf 78' lang='lat' dir='ltr'><strong>Ineunt</strong></span> <span class='ocrx_word' id='word_1_34' title='bbox 958 524 1369 599; x_wconf 84' lang='lat' dir='ltr'><strong>magistratum</strong></span> <span class='ocrx_word' id='word_1_35' title='bbox 1391 525 1614 585; x_wconf 90' lang='lat' dir='ltr'><strong>tribuni</strong></span> <span class='ocrx_word' id='word_1_36' title='bbox 1638 527 1853 601; x_wconf 87' lang='lat' dir='ltr'><strong>plebis.</strong></span> <span class='ocrx_word' id='word_1_37' title='bbox 1894 527 2067 600; x_wconf 83' lang='lat' dir='ltr'><strong>Quod</strong></span> <span class='ocrx_word' id='word_1_38' title='bbox 2091 542 2312 588; x_wconf 85' lang='lat' dir='ltr'><strong>omnes</strong></span> 
     </span>
     <span class='ocr_line' id='line_1_6' title="bbox 256 607 2314 682; baseline 0 -14"><span class='ocrx_word' id='word_1_39' title='bbox 256 622 326 669; x_wconf 89' lang='lat' dir='ltr'><strong>se</strong></span> <span class='ocrx_word' id='word_1_40' title='bbox 348 607 426 666; x_wconf 93' lang='lat' dir='ltr'><strong>de</strong></span> <span class='ocrx_word' id='word_1_41' title='bbox 453 622 549 666; x_wconf 90' lang='lat' dir='ltr'><strong>me</strong></span> <span class='ocrx_word' id='word_1_42' title='bbox 569 607 1055 682; x_wconf 75' lang='lat' dir='ltr'><strong>promulgaturos</strong></span> <span class='ocrx_word' id='word_1_43' title='bbox 1080 608 1528 674; x_wconf 81' lang='lat' dir='ltr'><strong>confirmarant,</strong></span> <span class='ocrx_word' id='word_1_44' title='bbox 1577 622 1658 666; x_wconf 85' lang='lat' dir='ltr'><strong>ex</strong></span> <span class='ocrx_word' id='word_1_45' title='bbox 1685 608 1760 668; x_wconf 92' lang='lat' dir='ltr'><strong>iis</strong></span> <span class='ocrx_word' id='word_1_46' title='bbox 1785 608 2071 682; x_wconf 85' lang='lat' dir='ltr'><strong>princeps</strong></span> <span class='ocrx_word' id='word_1_47' title='bbox 2093 608 2314 670; x_wconf 88' lang='lat' dir='ltr'><strong>emitur</strong></span> 
     </span>
     <span class='ocr_line' id='line_1_7' title="bbox 254 688 2312 764; baseline 0 -14"><span class='ocrx_word' id='word_1_48' title='bbox 254 691 332 750; x_wconf 90' lang='lat' dir='ltr'><strong>ab</strong></span> <span class='ocrx_word' id='word_1_49' title='bbox 361 688 622 750; x_wconf 90' lang='lat' dir='ltr'><strong>inimicis</strong></span> <span class='ocrx_word' id='word_1_50' title='bbox 649 689 820 762; x_wconf 79' lang='lat' dir='ltr'><strong>meiS,</strong></span> <span class='ocrx_word' id='word_1_51' title='bbox 849 689 935 760; x_wconf 82' lang='lat' dir='ltr'><strong>is,</strong></span> <span class='ocrx_word' id='word_1_52' title='bbox 966 706 1145 764; x_wconf 90' lang='lat' dir='ltr'><strong>quem</strong></span> <span class='ocrx_word' id='word_1_53' title='bbox 1175 688 1454 750; x_wconf 85' lang='lat' dir='ltr'><strong>homines</strong></span> <span class='ocrx_word' id='word_1_54' title='bbox 1484 691 1544 749; x_wconf 91' lang='lat' dir='ltr'><strong>in</strong></span> <span class='ocrx_word' id='word_1_55' title='bbox 1573 691 1740 751; x_wconf 89' lang='lat' dir='ltr'><strong>luctu</strong></span> <span class='ocrx_word' id='word_1_56' title='bbox 1771 690 2094 751; x_wconf 89' lang='lat' dir='ltr'><strong>irridentes</strong></span> <span class='ocrx_word' id='word_1_57' title='bbox 2123 691 2312 751; x_wconf 85' lang='lat' dir='ltr'><strong>Grac-</strong></span> 
     </span>
     <span class='ocr_line' id='line_1_8' title="bbox 256 771 2314 847; baseline -0 -14"><span class='ocrx_word' id='word_1_58' title='bbox 256 773 435 834; x_wconf 91' lang='lat' dir='ltr'><strong>chum</strong></span> <span class='ocrx_word' id='word_1_59' title='bbox 462 773 793 832; x_wconf 83' lang='lat' dir='ltr'><strong>vocabant=</strong></span> <span class='ocrx_word' id='word_1_60' title='bbox 826 772 1111 845; x_wconf 89' lang='lat' dir='ltr'><strong>quoniam</strong></span> <span class='ocrx_word' id='word_1_61' title='bbox 1138 771 1204 834; x_wconf 92' lang='lat' dir='ltr'><strong>id</strong></span> <span class='ocrx_word' id='word_1_62' title='bbox 1232 773 1412 834; x_wconf 89' lang='lat' dir='ltr'><strong>etiam</strong></span> <span class='ocrx_word' id='word_1_63' title='bbox 1444 773 1628 834; x_wconf 81' lang='lat' dir='ltr'><strong>ratum</strong></span> <span class='ocrx_word' id='word_1_64' title='bbox 1657 772 1918 834; x_wconf 90' lang='lat' dir='ltr'><strong>civitatis</strong></span> <span class='ocrx_word' id='word_1_65' title='bbox 1949 773 2086 847; x_wconf 80' lang='lat' dir='ltr'><strong>fuit,</strong></span> <span class='ocrx_word' id='word_1_66' title='bbox 2117 782 2183 834; x_wconf 92' lang='lat' dir='ltr'><strong>ut</strong></span> <span class='ocrx_word' id='word_1_67' title='bbox 2209 773 2314 834; x_wconf 89' lang='lat' dir='ltr'><strong>illa</strong></span> 
     </span>
     <span class='ocr_line' id='line_1_9' title="bbox 252 854 2310 931; baseline -0 -16"><span class='ocrx_word' id='word_1_68' title='bbox 252 871 336 915; x_wconf 88' lang='lat' dir='ltr'><strong>ex</strong></span> <span class='ocrx_word' id='word_1_69' title='bbox 368 854 713 930; x_wconf 81' lang='lat' dir='ltr'><strong>vepreculis</strong></span> <span class='ocrx_word' id='word_1_70' title='bbox 754 863 1025 916; x_wconf 85' lang='lat' dir='ltr'><strong>extracta</strong></span> <span class='ocrx_word' id='word_1_71' title='bbox 1052 855 1322 916; x_wconf 80' lang='lat' dir='ltr'><strong>nitedula</strong></span> <span class='ocrx_word' id='word_1_72' title='bbox 1348 871 1474 916; x_wconf 91' lang='lat' dir='ltr'><strong>rem</strong></span> <span class='ocrx_word' id='word_1_73' title='bbox 1516 854 1819 931; x_wconf 80' lang='lat' dir='ltr'><strong>publicam</strong></span> <span class='ocrx_word' id='word_1_74' title='bbox 1855 863 2176 916; x_wconf 82' lang='lat' dir='ltr'><strong>conaretur</strong></span> <span class='ocrx_word' id='word_1_75' title='bbox 2201 857 2310 915; x_wconf 89' lang='lat' dir='ltr'><strong>ad-</strong></span> 
     </span>
     <span class='ocr_line' id='line_1_10' title="bbox 254 937 2310 1010; baseline 0 -12"><span class='ocrx_word' id='word_1_76' title='bbox 254 939 495 998; x_wconf 89' lang='lat' dir='ltr'><strong>rodere.</strong></span> <span class='ocrx_word' id='word_1_77' title='bbox 550 940 721 998; x_wconf 82' lang='lat' dir='ltr'><strong>Alter</strong></span> <span class='ocrx_word' id='word_1_78' title='bbox 748 954 929 1010; x_wconf 88' lang='lat' dir='ltr'><strong>vero,</strong></span> <span class='ocrx_word' id='word_1_79' title='bbox 962 953 1083 999; x_wconf 91' lang='lat' dir='ltr'><strong>non</strong></span> <span class='ocrx_word' id='word_1_80' title='bbox 1114 937 1215 998; x_wconf 90' lang='lat' dir='ltr'><strong>ille</strong></span> <span class='ocrx_word' id='word_1_81' title='bbox 1246 938 1542 998; x_wconf 90' lang='lat' dir='ltr'><strong>Serranus</strong></span> <span class='ocrx_word' id='word_1_82' title='bbox 1575 938 1652 998; x_wconf 85' lang='lat' dir='ltr'><strong>ab</strong></span> <span class='ocrx_word' id='word_1_83' title='bbox 1681 947 1910 1009; x_wconf 88' lang='lat' dir='ltr'><strong>aratro,</strong></span> <span class='ocrx_word' id='word_1_84' title='bbox 1949 939 2060 998; x_wconf 88' lang='lat' dir='ltr'><strong>sed</strong></span> <span class='ocrx_word' id='word_1_85' title='bbox 2096 953 2173 998; x_wconf 90' lang='lat' dir='ltr'><strong>ex</strong></span> <span class='ocrx_word' id='word_1_86' title='bbox 2203 938 2310 998; x_wconf 88' lang='lat' dir='ltr'><strong>de-</strong></span> 
     </span>
     <span class='ocr_line' id='line_1_11' title="bbox 256 1019 2308 1082; baseline -0 -1"><span class='ocrx_word' id='word_1_87' title='bbox 256 1028 419 1082; x_wconf 87' lang='lat' dir='ltr'><strong>serto</strong></span> <span class='ocrx_word' id='word_1_88' title='bbox 444 1019 615 1080; x_wconf 88' lang='lat' dir='ltr'><strong>Gavii</strong></span> <span class='ocrx_word' id='word_1_89' title='bbox 638 1019 865 1080; x_wconf 79' lang='lat' dir='ltr'><strong>Ofellae</strong></span> <span class='ocrx_word' id='word_1_90' title='bbox 892 1020 1068 1082; x_wconf 90' lang='lat' dir='ltr'><strong>horto</strong></span> <span class='ocrx_word' id='word_1_91' title='bbox 1091 1020 1303 1082; x_wconf 88' lang='lat' dir='ltr'><strong>calatis</strong></span> <span class='ocrx_word' id='word_1_92' title='bbox 1325 1021 1530 1082; x_wconf 86' lang='lat' dir='ltr'><strong>Gaviis</strong></span> <span class='ocrx_word' id='word_1_93' title='bbox 1559 1019 1620 1081; x_wconf 90' lang='lat' dir='ltr'><strong>in</strong></span> <span class='ocrx_word' id='word_1_94' title='bbox 1647 1020 1952 1081; x_wconf 83' lang='lat' dir='ltr'><strong>Calatinos</strong></span> <span class='ocrx_word' id='word_1_95' title='bbox 1973 1019 2191 1080; x_wconf 83' lang='lat' dir='ltr'><strong>Atilios</strong></span> <span class='ocrx_word' id='word_1_96' title='bbox 2220 1019 2308 1080; x_wconf 89' lang='lat' dir='ltr'><strong>in·</strong></span> 
     </span>
     <span class='ocr_line' id='line_1_12' title="bbox 258 1101 2310 1177; baseline -0.002 -11"><span class='ocrx_word' id='word_1_97' title='bbox 258 1104 441 1177; x_wconf 77' lang='lat' dir='ltr'><strong>situS,</strong></span> <span class='ocrx_word' id='word_1_98' title='bbox 483 1101 715 1174; x_wconf 89' lang='lat' dir='ltr'><strong>subito,</strong></span> <span class='ocrx_word' id='word_1_99' title='bbox 760 1101 1103 1164; x_wconf 87' lang='lat' dir='ltr'><strong>nominibus</strong></span> <span class='ocrx_word' id='word_1_100' title='bbox 1133 1103 1195 1164; x_wconf 89' lang='lat' dir='ltr'><strong>in</strong></span> <span class='ocrx_word' id='word_1_101' title='bbox 1223 1103 1462 1164; x_wconf 85' lang='lat' dir='ltr'><strong>tabulas</strong></span> <span class='ocrx_word' id='word_1_102' title='bbox 1491 1102 1728 1175; x_wconf 86' lang='lat' dir='ltr'><strong>relatis,</strong></span> <span class='ocrx_word' id='word_1_103' title='bbox 1771 1119 1991 1164; x_wconf 90' lang='lat' dir='ltr'><strong>nomen</strong></span> <span class='ocrx_word' id='word_1_104' title='bbox 2021 1118 2196 1162; x_wconf 89' lang='lat' dir='ltr'><strong>suum</strong></span> <span class='ocrx_word' id='word_1_105' title='bbox 2228 1103 2310 1162; x_wconf 90' lang='lat' dir='ltr'><strong>de</strong></span> 
     </span>
     <span class='ocr_line' id='line_1_13' title="bbox 257 1184 2307 1247; baseline -0.001 -1"><span class='ocrx_word' id='word_1_106' title='bbox 257 1187 461 1247; x_wconf 81' lang='lat' dir='ltr'><strong>tabula</strong></span> <span class='ocrx_word' id='word_1_107' title='bbox 494 1184 753 1246; x_wconf 90' lang='lat' dir='ltr'><strong>sustulit.</strong></span> <span class='ocrx_word' id='word_1_108' title='bbox 821 1185 1091 1247; x_wconf 86' lang='lat' dir='ltr'><strong>Veniunt</strong></span> <span class='ocrx_word' id='word_1_109' title='bbox 1114 1186 1429 1247; x_wconf 81' lang='lat' dir='ltr'><strong>Kalendae</strong></span> <span class='ocrx_word' id='word_1_110' title='bbox 1458 1184 1802 1246; x_wconf 83' lang='lat' dir='ltr'><strong>lanuariae=</strong></span> <span class='ocrx_word' id='word_1_111' title='bbox 1861 1201 1974 1246; x_wconf 89' lang='lat' dir='ltr'><strong>vos</strong></span> <span class='ocrx_word' id='word_1_112' title='bbox 2003 1185 2154 1245; x_wconf 83' lang='lat' dir='ltr'><strong>haec</strong></span> <span class='ocrx_word' id='word_1_113' title='bbox 2182 1199 2307 1244; x_wconf 91' lang='lat' dir='ltr'><strong>me·</strong></span> 
     </span>
     <span class='ocr_line' id='line_1_14' title="bbox 258 1267 2314 1344; baseline -0.001 -15"><span class='ocrx_word' id='word_1_114' title='bbox 258 1268 375 1329; x_wconf 83' lang='lat' dir='ltr'><strong>lius</strong></span> <span class='ocrx_word' id='word_1_115' title='bbox 399 1267 557 1328; x_wconf 88' lang='lat' dir='ltr'><strong>scire</strong></span> <span class='ocrx_word' id='word_1_116' title='bbox 581 1269 867 1342; x_wconf 86' lang='lat' dir='ltr'><strong>potestis=</strong></span> <span class='ocrx_word' id='word_1_117' title='bbox 897 1268 1179 1343; x_wconf 89' lang='lat' dir='ltr'><strong>equidem</strong></span> <span class='ocrx_word' id='word_1_118' title='bbox 1202 1268 1408 1328; x_wconf 87' lang='lat' dir='ltr'><strong>audita</strong></span> <span class='ocrx_word' id='word_1_119' title='bbox 1431 1267 1600 1329; x_wconf 83' lang='lat' dir='ltr'><strong>dico=</strong></span> <span class='ocrx_word' id='word_1_120' title='bbox 1635 1284 1794 1344; x_wconf 90' lang='lat' dir='ltr'><strong>quae</strong></span> <span class='ocrx_word' id='word_1_121' title='bbox 1819 1275 1944 1329; x_wconf 88' lang='lat' dir='ltr'><strong>tum</strong></span> <span class='ocrx_word' id='word_1_122' title='bbox 1973 1267 2314 1342; x_wconf 74' lang='lat' dir='ltr'><strong>frequentia</strong></span> 
     </span>
     <span class='ocr_line' id='line_1_15' title="bbox 257 1349 2315 1425; baseline 0 -16"><span class='ocrx_word' id='word_1_123' title='bbox 257 1357 538 1422; x_wconf 88' lang='lat' dir='ltr'><strong>senatus,</strong></span> <span class='ocrx_word' id='word_1_124' title='bbox 578 1365 737 1424; x_wconf 91' lang='lat' dir='ltr'><strong>quae</strong></span> <span class='ocrx_word' id='word_1_125' title='bbox 776 1351 1153 1424; x_wconf 78' lang='lat' dir='ltr'><strong>exspectatio</strong></span> <span class='ocrx_word' id='word_1_126' title='bbox 1187 1350 1429 1425; x_wconf 78' lang='lat' dir='ltr'><strong>populi,</strong></span> <span class='ocrx_word' id='word_1_127' title='bbox 1471 1349 1576 1425; x_wconf 91' lang='lat' dir='ltr'><strong>qui</strong></span> <span class='ocrx_word' id='word_1_128' title='bbox 1607 1367 1946 1411; x_wconf 81' lang='lat' dir='ltr'><strong>concursus</strong></span> <span class='ocrx_word' id='word_1_129' title='bbox 1979 1352 2315 1424; x_wconf 85' lang='lat' dir='ltr'><strong>legatorum</strong></span> 
     </span>
     <span class='ocr_line' id='line_1_16' title="bbox 258 1430 2314 1507; baseline -0.001 -15"><span class='ocrx_word' id='word_1_130' title='bbox 258 1447 339 1492; x_wconf 91' lang='lat' dir='ltr'><strong>ex</strong></span> <span class='ocrx_word' id='word_1_131' title='bbox 368 1430 537 1491; x_wconf 91' lang='lat' dir='ltr'><strong>Italia</strong></span> <span class='ocrx_word' id='word_1_132' title='bbox 564 1440 813 1505; x_wconf 84' lang='lat' dir='ltr'><strong>cuncta,</strong></span> <span class='ocrx_word' id='word_1_133' title='bbox 856 1449 1016 1505; x_wconf 89' lang='lat' dir='ltr'><strong>quae</strong></span> <span class='ocrx_word' id='word_1_134' title='bbox 1048 1433 1236 1494; x_wconf 87' lang='lat' dir='ltr'><strong>virtus</strong></span> <span class='ocrx_word' id='word_1_135' title='bbox 1253 1477 1270 1506; x_wconf 89' lang='lat'>,</span> <span class='ocrx_word' id='word_1_136' title='bbox 1300 1433 1489 1506; x_wconf 78' lang='lat' dir='ltr'><strong>actit),</strong></span> <span class='ocrx_word' id='word_1_137' title='bbox 1523 1433 1788 1507; x_wconf 84' lang='lat' dir='ltr'><strong>gravitas</strong></span> <span class='ocrx_word' id='word_1_138' title='bbox 1811 1433 1874 1494; x_wconf 89' lang='lat' dir='ltr'><strong>P.</strong></span> <span class='ocrx_word' id='word_1_139' title='bbox 1903 1431 2137 1493; x_wconf 83' lang='lat' dir='ltr'><strong>Lentuli</strong></span> <span class='ocrx_word' id='word_1_140' title='bbox 2165 1447 2314 1492; x_wconf 84' lang='lat' dir='ltr'><strong>con·</strong></span> 
     </span>
     <span class='ocr_line' id='line_1_17' title="bbox 260 1513 2315 1591; baseline 0 -17"><span class='ocrx_word' id='word_1_141' title='bbox 260 1514 411 1574; x_wconf 91' lang='lat' dir='ltr'><strong>sulis</strong></span> <span class='ocrx_word' id='word_1_142' title='bbox 440 1513 643 1585; x_wconf 82' lang='lat' dir='ltr'><strong>suerit,</strong></span> <span class='ocrx_word' id='word_1_143' title='bbox 688 1530 847 1588; x_wconf 90' lang='lat' dir='ltr'><strong>quae</strong></span> <span class='ocrx_word' id='word_1_144' title='bbox 875 1516 1053 1575; x_wconf 87' lang='lat' dir='ltr'><strong>etiam</strong></span> <span class='ocrx_word' id='word_1_145' title='bbox 1085 1517 1358 1591; x_wconf 80' lang='lat' dir='ltr'><strong>collegae</strong></span> <span class='ocrx_word' id='word_1_146' title='bbox 1386 1515 1520 1576; x_wconf 90' lang='lat' dir='ltr'><strong>eius</strong></span> <span class='ocrx_word' id='word_1_147' title='bbox 1547 1515 1881 1577; x_wconf 85' lang='lat' dir='ltr'><strong>moderatio</strong></span> <span class='ocrx_word' id='word_1_148' title='bbox 1915 1517 1994 1576; x_wconf 91' lang='lat' dir='ltr'><strong>de</strong></span> <span class='ocrx_word' id='word_1_149' title='bbox 2027 1531 2149 1576; x_wconf 70' lang='lat' dir='ltr'><strong>mea</strong></span> <span class='ocrx_word' id='word_1_150' title='bbox 2205 1513 2315 1590; x_wconf 88' lang='lat' dir='ltr'><strong>qui</strong></span> 
     </span>
     <span class='ocr_line' id='line_1_18' title="bbox 261 1595 2313 1673; baseline 0.001 -17"><span class='ocrx_word' id='word_1_151' title='bbox 261 1613 445 1672; x_wconf 86' lang='lat' dir='ltr'><strong>quum</strong></span> <span class='ocrx_word' id='word_1_152' title='bbox 474 1595 813 1658; x_wconf 86' lang='lat' dir='ltr'><strong>inimicitias</strong></span> <span class='ocrx_word' id='word_1_153' title='bbox 838 1596 955 1658; x_wconf 90' lang='lat' dir='ltr'><strong>sibi</strong></span> <span class='ocrx_word' id='word_1_154' title='bbox 981 1613 1217 1659; x_wconf 87' lang='lat' dir='ltr'><strong>mecum</strong></span> <span class='ocrx_word' id='word_1_155' title='bbox 1240 1615 1320 1659; x_wconf 87' lang='lat' dir='ltr'><strong>ex</strong></span> <span class='ocrx_word' id='word_1_156' title='bbox 1346 1597 1434 1659; x_wconf 88' lang='lat' dir='ltr'><strong>rei</strong></span> <span class='ocrx_word' id='word_1_157' title='bbox 1465 1598 1742 1673; x_wconf 88' lang='lat' dir='ltr'><strong>publicae</strong></span> <span class='ocrx_word' id='word_1_158' title='bbox 1763 1597 2151 1660; x_wconf 88' lang='lat' dir='ltr'><strong>dissensione</strong></span> <span class='ocrx_word' id='word_1_159' title='bbox 2173 1614 2313 1658; x_wconf 90' lang='lat' dir='ltr'><strong>sus·</strong></span> 
     </span>
     <span class='ocr_line' id='line_1_19' title="bbox 261 1679 2316 1757; baseline 0 -17"><span class='ocrx_word' id='word_1_160' title='bbox 261 1688 475 1754; x_wconf 89' lang='lat' dir='ltr'><strong>ceptas</strong></span> <span class='ocrx_word' id='word_1_161' title='bbox 517 1695 661 1742; x_wconf 88' lang='lat' dir='ltr'><strong>esse</strong></span> <span class='ocrx_word' id='word_1_162' title='bbox 702 1679 988 1752; x_wconf 87' lang='lat' dir='ltr'><strong>dixisset,</strong></span> <span class='ocrx_word' id='word_1_163' title='bbox 1054 1697 1162 1742; x_wconf 86' lang='lat' dir='ltr'><strong>eas</strong></span> <span class='ocrx_word' id='word_1_164' title='bbox 1204 1698 1276 1742; x_wconf 89' lang='lat' dir='ltr'><strong>se</strong></span> <span class='ocrx_word' id='word_1_165' title='bbox 1316 1681 1586 1757; x_wconf 86' lang='lat' dir='ltr'><strong>patribus</strong></span> <span class='ocrx_word' id='word_1_166' title='bbox 1629 1679 1994 1756; x_wconf 85' lang='lat' dir='ltr'><strong>conscriptis</strong></span> <span class='ocrx_word' id='word_1_167' title='bbox 2057 1679 2212 1741; x_wconf 85' lang='lat' dir='ltr'><strong>dixit</strong></span> <span class='ocrx_word' id='word_1_168' title='bbox 2253 1687 2316 1740; x_wconf 89' lang='lat' dir='ltr'><strong>et</strong></span> 
     </span>
     <span class='ocr_line' id='line_1_20' title="bbox 260 1763 1544 1839; baseline -0.002 -14"><span class='ocrx_word' id='word_1_169' title='bbox 260 1763 635 1838; x_wconf 75' lang='lat' dir='ltr'><strong>temporibus</strong></span> <span class='ocrx_word' id='word_1_170' title='bbox 664 1763 753 1824; x_wconf 88' lang='lat' dir='ltr'><strong>rei</strong></span> <span class='ocrx_word' id='word_1_171' title='bbox 781 1763 1059 1838; x_wconf 87' lang='lat' dir='ltr'><strong>publicae</strong></span> <span class='ocrx_word' id='word_1_172' title='bbox 1092 1763 1544 1839; x_wconf 89' lang='lat' dir='ltr'><strong>permissurum.</strong></span> 
     </span>
    </p>

    <p class='ocr_par' dir='ltr' id='par_1_3' title="bbox 258 1844 2318 3410">
     <span class='ocr_line' id='line_1_21' title="bbox 428 1844 2315 1923; baseline 0.001 -17"><span class='ocrx_word' id='word_1_173' title='bbox 428 1846 693 1906; x_wconf 81' lang='lat' dir='ltr'><strong>XXXIV.</strong></span> <span class='ocrx_word' id='word_1_174' title='bbox 740 1845 837 1908; x_wconf 85' lang='lat'><strong>73.</strong></span> <span class='ocrx_word' id='word_1_175' title='bbox 882 1848 1029 1908; x_wconf 87' lang='lat' dir='ltr'><strong>Tum</strong></span> <span class='ocrx_word' id='word_1_176' title='bbox 1060 1847 1348 1923; x_wconf 90' lang='lat' dir='ltr'><strong>princeps</strong></span> <span class='ocrx_word' id='word_1_177' title='bbox 1377 1854 1627 1921; x_wconf 82' lang='lat' dir='ltr'><strong>rogatus</strong></span> <span class='ocrx_word' id='word_1_178' title='bbox 1657 1845 2016 1908; x_wconf 86' lang='lat' dir='ltr'><strong>sententiam</strong></span> <span class='ocrx_word' id='word_1_179' title='bbox 2043 1845 2110 1906; x_wconf 87' lang='lat' dir='ltr'><strong>L.</strong></span> <span class='ocrx_word' id='word_1_180' title='bbox 2142 1844 2315 1907; x_wconf 85' lang='lat' dir='ltr'><strong>Cotta</strong></span> 
     </span>
     <span class='ocr_line' id='line_1_22' title="bbox 258 1927 2314 2004; baseline -0 -14"><span class='ocrx_word' id='word_1_181' title='bbox 258 1927 415 1990; x_wconf 85' lang='lat' dir='ltr'><strong>dixit</strong></span> <span class='ocrx_word' id='word_1_182' title='bbox 442 1927 523 1999; x_wconf 91' lang='lat' dir='ltr'><strong>id,</strong></span> <span class='ocrx_word' id='word_1_183' title='bbox 556 1929 724 2004; x_wconf 91' lang='lat' dir='ltr'><strong>quod</strong></span> <span class='ocrx_word' id='word_1_184' title='bbox 753 1928 1173 2004; x_wconf 84' lang='lat' dir='ltr'><strong>dignissimum</strong></span> <span class='ocrx_word' id='word_1_185' title='bbox 1196 1946 1264 1990; x_wconf 92' lang='lat' dir='ltr'><strong>re</strong></span> <span class='ocrx_word' id='word_1_186' title='bbox 1289 1930 1530 2004; x_wconf 86' lang='lat' dir='ltr'><strong>publica</strong></span> <span class='ocrx_word' id='word_1_187' title='bbox 1554 1928 1688 2001; x_wconf 83' lang='lat' dir='ltr'><strong>ruit,</strong></span> <span class='ocrx_word' id='word_1_188' title='bbox 1721 1929 1864 1988; x_wconf 86' lang='lat' dir='ltr'><strong>nihil</strong></span> <span class='ocrx_word' id='word_1_189' title='bbox 1894 1930 1972 1989; x_wconf 92' lang='lat' dir='ltr'><strong>de</strong></span> <span class='ocrx_word' id='word_1_190' title='bbox 1995 1944 2092 1989; x_wconf 91' lang='lat' dir='ltr'><strong>me</strong></span> <span class='ocrx_word' id='word_1_191' title='bbox 2113 1937 2314 1989; x_wconf 87' lang='lat' dir='ltr'><strong>actum</strong></span> 
     </span>
     <span class='ocr_line' id='line_1_23' title="bbox 260 2010 2313 2086; baseline -0 -15"><span class='ocrx_word' id='word_1_192' title='bbox 260 2026 406 2071; x_wconf 90' lang='lat' dir='ltr'><strong>esse</strong></span> <span class='ocrx_word' id='word_1_193' title='bbox 449 2011 609 2082; x_wconf 90' lang='lat' dir='ltr'><strong>iure,</strong></span> <span class='ocrx_word' id='word_1_194' title='bbox 660 2010 807 2070; x_wconf 86' lang='lat' dir='ltr'><strong>nihil</strong></span> <span class='ocrx_word' id='word_1_195' title='bbox 849 2028 1016 2072; x_wconf 90' lang='lat' dir='ltr'><strong>more</strong></span> <span class='ocrx_word' id='word_1_196' title='bbox 1066 2012 1389 2083; x_wconf 87' lang='lat' dir='ltr'><strong>maiorum,</strong></span> <span class='ocrx_word' id='word_1_197' title='bbox 1452 2011 1598 2072; x_wconf 87' lang='lat' dir='ltr'><strong>nihii</strong></span> <span class='ocrx_word' id='word_1_198' title='bbox 1638 2011 1906 2086; x_wconf 80' lang='lat' dir='ltr'><strong>legibus=</strong></span> <span class='ocrx_word' id='word_1_199' title='bbox 1957 2027 2078 2071; x_wconf 88' lang='lat' dir='ltr'><strong>non</strong></span> <span class='ocrx_word' id='word_1_200' title='bbox 2123 2026 2313 2085; x_wconf 89' lang='lat' dir='ltr'><strong>posse</strong></span> 
     </span>
     <span class='ocr_line' id='line_1_24' title="bbox 264 2093 2312 2169; baseline 0.001 -17"><span class='ocrx_word' id='word_1_201' title='bbox 264 2107 634 2166; x_wconf 88' lang='lat' dir='ltr'><strong>quemquam</strong></span> <span class='ocrx_word' id='word_1_202' title='bbox 658 2094 736 2153; x_wconf 92' lang='lat' dir='ltr'><strong>de</strong></span> <span class='ocrx_word' id='word_1_203' title='bbox 762 2093 1001 2154; x_wconf 83' lang='lat' dir='ltr'><strong>civitate</strong></span> <span class='ocrx_word' id='word_1_204' title='bbox 1030 2094 1159 2155; x_wconf 89' lang='lat' dir='ltr'><strong>tolli</strong></span> <span class='ocrx_word' id='word_1_205' title='bbox 1188 2095 1322 2156; x_wconf 87' lang='lat' dir='ltr'><strong>sine</strong></span> <span class='ocrx_word' id='word_1_206' title='bbox 1349 2094 1608 2154; x_wconf 71' lang='lat' dir='ltr'><strong>iudicine</strong></span> <span class='ocrx_word' id='word_1_207' title='bbox 1639 2095 1718 2153; x_wconf 90' lang='lat' dir='ltr'><strong>de</strong></span> <span class='ocrx_word' id='word_1_208' title='bbox 1747 2093 1947 2169; x_wconf 89' lang='lat' dir='ltr'><strong>capite</strong></span> <span class='ocrx_word' id='word_1_209' title='bbox 1976 2109 2097 2153; x_wconf 89' lang='lat' dir='ltr'><strong>non</strong></span> <span class='ocrx_word' id='word_1_210' title='bbox 2128 2094 2312 2154; x_wconf 88' lang='lat' dir='ltr'><strong>modo</strong></span> 
     </span>
     <span class='ocr_line' id='line_1_25' title="bbox 264 2173 2310 2252; baseline -0.001 -19"><span class='ocrx_word' id='word_1_211' title='bbox 264 2173 437 2247; x_wconf 84' lang='lat' dir='ltr'><strong>ferri,</strong></span> <span class='ocrx_word' id='word_1_212' title='bbox 468 2175 581 2236; x_wconf 89' lang='lat' dir='ltr'><strong>sed</strong></span> <span class='ocrx_word' id='word_1_213' title='bbox 610 2191 685 2234; x_wconf 91' lang='lat' dir='ltr'><strong>ne</strong></span> <span class='ocrx_word' id='word_1_214' title='bbox 716 2174 968 2235; x_wconf 87' lang='lat' dir='ltr'><strong>iudicari</strong></span> <span class='ocrx_word' id='word_1_215' title='bbox 1000 2177 1245 2251; x_wconf 90' lang='lat' dir='ltr'><strong>quidem</strong></span> <span class='ocrx_word' id='word_1_216' title='bbox 1275 2193 1464 2252; x_wconf 90' lang='lat' dir='ltr'><strong>posse</strong></span> <span class='ocrx_word' id='word_1_217' title='bbox 1488 2178 1606 2236; x_wconf 90' lang='lat' dir='ltr'><strong>nisi</strong></span> <span class='ocrx_word' id='word_1_218' title='bbox 1635 2175 1894 2237; x_wconf 84' lang='lat' dir='ltr'><strong>comitiis</strong></span> <span class='ocrx_word' id='word_1_219' title='bbox 1931 2174 2310 2236; x_wconf 83' lang='lat' dir='ltr'><strong>centuriatis=</strong></span> 
     </span>
     <span class='ocr_line' id='line_1_26' title="bbox 266 2256 2310 2334; baseline 0.001 -18"><span class='ocrx_word' id='word_1_220' title='bbox 266 2258 387 2318; x_wconf 89' lang='lat' dir='ltr'><strong>vim</strong></span> <span class='ocrx_word' id='word_1_221' title='bbox 422 2257 615 2318; x_wconf 80' lang='lat' dir='ltr'><strong>fuisse</strong></span> <span class='ocrx_word' id='word_1_222' title='bbox 650 2256 844 2332; x_wconf 88' lang='lat' dir='ltr'><strong>illam,</strong></span> <span class='ocrx_word' id='word_1_223' title='bbox 877 2256 1181 2319; x_wconf 87' lang='lat' dir='ltr'><strong>flammam</strong></span> <span class='ocrx_word' id='word_1_224' title='bbox 1212 2267 1541 2334; x_wconf 86' lang='lat' dir='ltr'><strong>quassatae</strong></span> <span class='ocrx_word' id='word_1_225' title='bbox 1567 2259 1655 2318; x_wconf 89' lang='lat' dir='ltr'><strong>rei</strong></span> <span class='ocrx_word' id='word_1_226' title='bbox 1687 2259 1964 2333; x_wconf 88' lang='lat' dir='ltr'><strong>publicae</strong></span> <span class='ocrx_word' id='word_1_227' title='bbox 2001 2257 2310 2334; x_wconf 90' lang='lat' dir='ltr'><strong>perturba-</strong></span> 
     </span>
     <span class='ocr_line' id='line_1_27' title="bbox 263 2340 2310 2422; baseline -0 -21"><span class='ocrx_word' id='word_1_228' title='bbox 263 2348 587 2414; x_wconf 87' lang='lat' dir='ltr'><strong>torumque</strong></span> <span class='ocrx_word' id='word_1_229' title='bbox 617 2348 953 2414; x_wconf 88' lang='lat' dir='ltr'><strong>temporum</strong></span> <span class='ocrx_word' id='word_1_230' title='bbox 987 2342 1116 2402; x_wconf 87' lang='lat' dir='ltr'><strong>iure</strong></span> <span class='ocrx_word' id='word_1_231' title='bbox 1146 2341 1515 2422; x_wconf 80' lang='lat' dir='ltr'><strong>iudiciisque</strong></span> <span class='ocrx_word' id='word_1_232' title='bbox 1545 2340 1830 2402; x_wconf 77' lang='lat' dir='ltr'><strong>sublatis:</strong></span> <span class='ocrx_word' id='word_1_233' title='bbox 1863 2356 2081 2416; x_wconf 83' lang='lat' dir='ltr'><strong>magna</strong></span> <span class='ocrx_word' id='word_1_234' title='bbox 2109 2355 2310 2401; x_wconf 89' lang='lat' dir='ltr'><strong>rerum</strong></span> 
     </span>
     <span class='ocr_line' id='line_1_28' title="bbox 265 2420 2309 2498; baseline -0.001 -16"><span class='ocrx_word' id='word_1_235' title='bbox 265 2420 713 2498; x_wconf 79' lang='lat' dir='ltr'><strong>permutatione</strong></span> <span class='ocrx_word' id='word_1_236' title='bbox 756 2423 1141 2498; x_wconf 88' lang='lat' dir='ltr'><strong>impendente</strong></span> <span class='ocrx_word' id='word_1_237' title='bbox 1183 2426 1529 2485; x_wconf 85' lang='lat' dir='ltr'><strong>declinasse</strong></span> <span class='ocrx_word' id='word_1_238' title='bbox 1557 2440 1653 2483; x_wconf 90' lang='lat' dir='ltr'><strong>me</strong></span> <span class='ocrx_word' id='word_1_239' title='bbox 1689 2425 1957 2498; x_wconf 87' lang='lat' dir='ltr'><strong>paullum</strong></span> <span class='ocrx_word' id='word_1_240' title='bbox 1987 2432 2048 2485; x_wconf 90' lang='lat' dir='ltr'><strong>et</strong></span> <span class='ocrx_word' id='word_1_241' title='bbox 2075 2438 2190 2498; x_wconf 88' lang='lat' dir='ltr'><strong>spe</strong></span> <span class='ocrx_word' id='word_1_242' title='bbox 2215 2438 2309 2481; x_wconf 88' lang='lat' dir='ltr'><strong>re·</strong></span> 
     </span>
     <span class='ocr_line' id='line_1_29' title="bbox 264 2505 2311 2583; baseline 0 -19"><span class='ocrx_word' id='word_1_243' title='bbox 264 2505 471 2580; x_wconf 85' lang='lat' dir='ltr'><strong>tiquae</strong></span> <span class='ocrx_word' id='word_1_244' title='bbox 507 2505 948 2580; x_wconf 88' lang='lat' dir='ltr'><strong>tranquillitatis</strong></span> <span class='ocrx_word' id='word_1_245' title='bbox 984 2515 1340 2583; x_wconf 86' lang='lat' dir='ltr'><strong>praesentes</strong></span> <span class='ocrx_word' id='word_1_246' title='bbox 1383 2505 1606 2568; x_wconf 89' lang='lat' dir='ltr'><strong>fluctus</strong></span> <span class='ocrx_word' id='word_1_247' title='bbox 1647 2513 2192 2582; x_wconf 87' lang='lat' dir='ltr'><strong>tempestatemque</strong></span> <span class='ocrx_word' id='word_1_248' title='bbox 2221 2505 2311 2564; x_wconf 79' lang='lat' dir='ltr'><strong>fu·</strong></span> 
     </span>
     <span class='ocr_line' id='line_1_30' title="bbox 265 2587 2310 2665; baseline -0 -18"><span class='ocrx_word' id='word_1_249' title='bbox 265 2587 464 2662; x_wconf 81' lang='lat' dir='ltr'><strong>gisse=</strong></span> <span class='ocrx_word' id='word_1_250' title='bbox 510 2605 635 2663; x_wconf 86' lang='lat' dir='ltr'><strong>qua</strong></span> <span class='ocrx_word' id='word_1_251' title='bbox 674 2606 770 2661; x_wconf 88' lang='lat' dir='ltr'><strong>re,</strong></span> <span class='ocrx_word' id='word_1_252' title='bbox 804 2606 987 2664; x_wconf 88' lang='lat' dir='ltr'><strong>quum</strong></span> <span class='ocrx_word' id='word_1_253' title='bbox 1023 2591 1250 2650; x_wconf 86' lang='lat' dir='ltr'><strong>absens</strong></span> <span class='ocrx_word' id='word_1_254' title='bbox 1276 2605 1406 2649; x_wconf 89' lang='lat' dir='ltr'><strong>rem</strong></span> <span class='ocrx_word' id='word_1_255' title='bbox 1447 2589 1750 2665; x_wconf 90' lang='lat' dir='ltr'><strong>publicam</strong></span> <span class='ocrx_word' id='word_1_256' title='bbox 1794 2605 1915 2650; x_wconf 90' lang='lat' dir='ltr'><strong>non</strong></span> <span class='ocrx_word' id='word_1_257' title='bbox 1958 2588 2156 2649; x_wconf 88' lang='lat' dir='ltr'><strong>minus</strong></span> <span class='ocrx_word' id='word_1_258' title='bbox 2187 2603 2310 2646; x_wconf 89' lang='lat' dir='ltr'><strong>ma·</strong></span> 
     </span>
     <span class='ocr_line' id='line_1_31' title="bbox 265 2669 2312 2749; baseline -0 -20"><span class='ocrx_word' id='word_1_259' title='bbox 265 2669 401 2744; x_wconf 86' lang='lat' dir='ltr'><strong>gnis</strong></span> <span class='ocrx_word' id='word_1_260' title='bbox 438 2671 726 2746; x_wconf 89' lang='lat' dir='ltr'><strong>periculis</strong></span> <span class='ocrx_word' id='word_1_261' title='bbox 768 2690 945 2747; x_wconf 83' lang='lat' dir='ltr'><strong>quarn</strong></span> <span class='ocrx_word' id='word_1_262' title='bbox 984 2674 1250 2749; x_wconf 89' lang='lat' dir='ltr'><strong>quodam</strong></span> <span class='ocrx_word' id='word_1_263' title='bbox 1290 2680 1565 2747; x_wconf 90' lang='lat' dir='ltr'><strong>tempore</strong></span> <span class='ocrx_word' id='word_1_264' title='bbox 1606 2687 1901 2748; x_wconf 87' lang='lat' dir='ltr'><strong>praesens</strong></span> <span class='ocrx_word' id='word_1_265' title='bbox 1936 2671 2312 2743; x_wconf 78' lang='lat' dir='ltr'><strong>liberassem,</strong></span> 
     </span>
     <span class='ocr_line' id='line_1_32' title="bbox 270 2754 2311 2828; baseline -0 -16"><span class='ocrx_word' id='word_1_266' title='bbox 270 2770 389 2813; x_wconf 89' lang='lat' dir='ltr'><strong>non</strong></span> <span class='ocrx_word' id='word_1_267' title='bbox 440 2754 673 2816; x_wconf 89' lang='lat' dir='ltr'><strong>restitui</strong></span> <span class='ocrx_word' id='word_1_268' title='bbox 704 2772 802 2816; x_wconf 89' lang='lat' dir='ltr'><strong>me</strong></span> <span class='ocrx_word' id='word_1_269' title='bbox 840 2757 1068 2828; x_wconf 83' lang='lat' dir='ltr'><strong>solum,</strong></span> <span class='ocrx_word' id='word_1_270' title='bbox 1122 2756 1235 2815; x_wconf 88' lang='lat' dir='ltr'><strong>sed</strong></span> <span class='ocrx_word' id='word_1_271' title='bbox 1276 2756 1455 2816; x_wconf 89' lang='lat' dir='ltr'><strong>etiam</strong></span> <span class='ocrx_word' id='word_1_272' title='bbox 1495 2754 1697 2816; x_wconf 88' lang='lat' dir='ltr'><strong>ornari</strong></span> <span class='ocrx_word' id='word_1_273' title='bbox 1745 2770 1783 2814; x_wconf 89' lang='lat' dir='ltr'><strong>a</strong></span> <span class='ocrx_word' id='word_1_274' title='bbox 1825 2761 2042 2815; x_wconf 88' lang='lat' dir='ltr'><strong>senatu</strong></span> <span class='ocrx_word' id='word_1_275' title='bbox 2067 2754 2311 2814; x_wconf 89' lang='lat' dir='ltr'><strong>decere.</strong></span> 
     </span>
     <span class='ocr_line' id='line_1_33' title="bbox 266 2834 2314 2913; baseline -0 -17"><span class='ocrx_word' id='word_1_276' title='bbox 266 2836 611 2910; x_wconf 88' lang='lat' dir='ltr'><strong>Disputavit</strong></span> <span class='ocrx_word' id='word_1_277' title='bbox 639 2840 817 2900; x_wconf 89' lang='lat' dir='ltr'><strong>etiam</strong></span> <span class='ocrx_word' id='word_1_278' title='bbox 861 2841 1045 2900; x_wconf 86' lang='lat' dir='ltr'><strong>multa</strong></span> <span class='ocrx_word' id='word_1_279' title='bbox 1080 2838 1435 2913; x_wconf 82' lang='lat' dir='ltr'><strong>prudenter,</strong></span> <span class='ocrx_word' id='word_1_280' title='bbox 1479 2837 1558 2898; x_wconf 88' lang='lat' dir='ltr'><strong>ita</strong></span> <span class='ocrx_word' id='word_1_281' title='bbox 1592 2840 1671 2898; x_wconf 90' lang='lat' dir='ltr'><strong>de</strong></span> <span class='ocrx_word' id='word_1_282' title='bbox 1704 2853 1801 2897; x_wconf 90' lang='lat' dir='ltr'><strong>me</strong></span> <span class='ocrx_word' id='word_1_283' title='bbox 1836 2836 2000 2897; x_wconf 90' lang='lat' dir='ltr'><strong>illum</strong></span> <span class='ocrx_word' id='word_1_284' title='bbox 2027 2834 2314 2900; x_wconf 84' lang='lat' dir='ltr'><strong>amentis-</strong></span> 
     </span>
     <span class='ocr_line' id='line_1_34' title="bbox 268 2915 2317 2996; baseline -0.001 -18"><span class='ocrx_word' id='word_1_285' title='bbox 268 2919 483 2982; x_wconf 89' lang='lat' dir='ltr'><strong>simum</strong></span> <span class='ocrx_word' id='word_1_286' title='bbox 518 2929 578 2981; x_wconf 91' lang='lat' dir='ltr'><strong>et</strong></span> <span class='ocrx_word' id='word_1_287' title='bbox 599 2921 1157 2996; x_wconf 82' lang='lat' dir='ltr'><strong>profligatissimum</strong></span> <span class='ocrx_word' id='word_1_288' title='bbox 1180 2921 1415 2982; x_wconf 89' lang='lat' dir='ltr'><strong>hostem</strong></span> <span class='ocrx_word' id='word_1_289' title='bbox 1443 2920 1698 2996; x_wconf 90' lang='lat' dir='ltr'><strong>pudoris</strong></span> <span class='ocrx_word' id='word_1_290' title='bbox 1719 2927 1779 2980; x_wconf 87' lang='lat' dir='ltr'><strong>et</strong></span> <span class='ocrx_word' id='word_1_291' title='bbox 1800 2917 2126 2994; x_wconf 88' lang='lat' dir='ltr'><strong>pudicitiae</strong></span> <span class='ocrx_word' id='word_1_292' title='bbox 2166 2915 2317 2977; x_wconf 87' lang='lat' dir='ltr'><strong>scri-</strong></span> 
     </span>
     <span class='ocr_line' id='line_1_35' title="bbox 268 2999 2318 3079; baseline -0 -18"><span class='ocrx_word' id='word_1_293' title='bbox 268 3000 475 3077; x_wconf 90' lang='lat' dir='ltr'><strong>psisse</strong></span> <span class='ocrx_word' id='word_1_294' title='bbox 500 3020 657 3079; x_wconf 90' lang='lat' dir='ltr'><strong>quae</strong></span> <span class='ocrx_word' id='word_1_295' title='bbox 685 3003 1139 3079; x_wconf 88' lang='lat' dir='ltr'><strong>scripsisset,iis</strong></span> <span class='ocrx_word' id='word_1_296' title='bbox 1170 3002 1390 3074; x_wconf 77' lang='lat' dir='ltr'><strong>verbiS,</strong></span> <span class='ocrx_word' id='word_1_297' title='bbox 1422 3004 1626 3075; x_wconf 89' lang='lat' dir='ltr'><strong>rebus,</strong></span> <span class='ocrx_word' id='word_1_298' title='bbox 1655 3002 1991 3074; x_wconf 80' lang='lat' dir='ltr'><strong>sententiiS,</strong></span> <span class='ocrx_word' id='word_1_299' title='bbox 2023 3009 2104 3072; x_wconf 88' lang='lat' dir='ltr'><strong>ut,</strong></span> <span class='ocrx_word' id='word_1_300' title='bbox 2135 2999 2318 3061; x_wconf 86' lang='lat' dir='ltr'><strong>etiam</strong></span> 
     </span>
     <span class='ocr_line' id='line_1_36' title="bbox 267 3083 2317 3161; baseline -0.001 -17"><span class='ocrx_word' id='word_1_301' title='bbox 267 3083 323 3144; x_wconf 90' lang='lat' dir='ltr'><strong>si</strong></span> <span class='ocrx_word' id='word_1_302' title='bbox 348 3084 480 3147; x_wconf 87' lang='lat' dir='ltr'><strong>iure</strong></span> <span class='ocrx_word' id='word_1_303' title='bbox 513 3095 682 3147; x_wconf 88' lang='lat' dir='ltr'><strong>esset</strong></span> <span class='ocrx_word' id='word_1_304' title='bbox 712 3095 1018 3161; x_wconf 80' lang='lat' dir='ltr'><strong>rogatum,</strong></span> <span class='ocrx_word' id='word_1_305' title='bbox 1053 3094 1250 3147; x_wconf 87' lang='lat' dir='ltr'><strong>tamen</strong></span> <span class='ocrx_word' id='word_1_306' title='bbox 1281 3086 1401 3145; x_wconf 90' lang='lat' dir='ltr'><strong>vim</strong></span> <span class='ocrx_word' id='word_1_307' title='bbox 1423 3086 1650 3146; x_wconf 88' lang='lat' dir='ltr'><strong>habere</strong></span> <span class='ocrx_word' id='word_1_308' title='bbox 1673 3101 1790 3146; x_wconf 89' lang='lat' dir='ltr'><strong>non</strong></span> <span class='ocrx_word' id='word_1_309' title='bbox 1817 3092 2058 3160; x_wconf 69' lang='lat' dir='ltr'><strong>possetx</strong></span> <span class='ocrx_word' id='word_1_310' title='bbox 2091 3098 2215 3157; x_wconf 89' lang='lat' dir='ltr'><strong>qua</strong></span> <span class='ocrx_word' id='word_1_311' title='bbox 2246 3097 2317 3141; x_wconf 90' lang='lat' dir='ltr'><strong>re</strong></span> 
     </span>
     <span class='ocr_line' id='line_1_37' title="bbox 268 3161 2316 3244; baseline -0.002 -18"><span class='ocrx_word' id='word_1_312' title='bbox 268 3184 393 3240; x_wconf 89' lang='lat' dir='ltr'><strong>me,</strong></span> <span class='ocrx_word' id='word_1_313' title='bbox 425 3167 530 3244; x_wconf 86' lang='lat' dir='ltr'><strong>qui</strong></span> <span class='ocrx_word' id='word_1_314' title='bbox 564 3170 729 3228; x_wconf 78' lang='lat' dir='ltr'><strong>nulla</strong></span> <span class='ocrx_word' id='word_1_315' title='bbox 758 3169 893 3243; x_wconf 81' lang='lat' dir='ltr'><strong>lege</strong></span> <span class='ocrx_word' id='word_1_316' title='bbox 921 3169 1231 3240; x_wconf 88' lang='lat' dir='ltr'><strong>abessem,</strong></span> <span class='ocrx_word' id='word_1_317' title='bbox 1278 3184 1398 3228; x_wconf 89' lang='lat' dir='ltr'><strong>non</strong></span> <span class='ocrx_word' id='word_1_318' title='bbox 1426 3167 1658 3229; x_wconf 89' lang='lat' dir='ltr'><strong>restitui</strong></span> <span class='ocrx_word' id='word_1_319' title='bbox 1689 3169 1853 3242; x_wconf 84' lang='lat' dir='ltr'><strong>lege,</strong></span> <span class='ocrx_word' id='word_1_320' title='bbox 1896 3167 2008 3228; x_wconf 88' lang='lat' dir='ltr'><strong>sed</strong></span> <span class='ocrx_word' id='word_1_321' title='bbox 2036 3161 2316 3226; x_wconf 87' lang='lat' dir='ltr'><strong>revocari</strong></span> 
     </span>
     <span class='ocr_line' id='line_1_38' title="bbox 270 3245 2315 3325; baseline -0.001 -17"><span class='ocrx_word' id='word_1_322' title='bbox 270 3259 523 3311; x_wconf 87' lang='lat' dir='ltr'><strong>senatus</strong></span> <span class='ocrx_word' id='word_1_323' title='bbox 554 3249 910 3312; x_wconf 85' lang='lat' dir='ltr'><strong>auctoritate</strong></span> <span class='ocrx_word' id='word_1_324' title='bbox 941 3259 1242 3325; x_wconf 86' lang='lat' dir='ltr'><strong>oportere.</strong></span> <span class='ocrx_word' id='word_1_325' title='bbox 1312 3248 1412 3314; x_wconf 74' lang='lat'><strong>74.</strong></span> <span class='ocrx_word' id='word_1_326' title='bbox 1454 3250 1627 3312; x_wconf 87' lang='lat' dir='ltr'><strong>Hunc</strong></span> <span class='ocrx_word' id='word_1_327' title='bbox 1657 3264 1834 3310; x_wconf 90' lang='lat' dir='ltr'><strong>nemo</strong></span> <span class='ocrx_word' id='word_1_328' title='bbox 1866 3257 1998 3322; x_wconf 76' lang='lat' dir='ltr'><strong>erat</strong></span> <span class='ocrx_word' id='word_1_329' title='bbox 2035 3245 2181 3324; x_wconf 88' lang='lat' dir='ltr'><strong>quin</strong></span> <span class='ocrx_word' id='word_1_330' title='bbox 2213 3261 2315 3306; x_wconf 85' lang='lat' dir='ltr'><strong>ve-</strong></span> 
     </span>
     <span class='ocr_line' id='line_1_39' title="bbox 272 3328 2316 3410; baseline 0.001 -21"><span class='ocrx_word' id='word_1_331' title='bbox 272 3328 509 3392; x_wconf 88' lang='lat' dir='ltr'><strong>rissime</strong></span> <span class='ocrx_word' id='word_1_332' title='bbox 538 3331 761 3392; x_wconf 88' lang='lat' dir='ltr'><strong>sentire</strong></span> <span class='ocrx_word' id='word_1_333' title='bbox 794 3331 1040 3394; x_wconf 84' lang='lat' dir='ltr'><strong>diceret.</strong></span> <span class='ocrx_word' id='word_1_334' title='bbox 1098 3331 1224 3396; x_wconf 86' lang='lat' dir='ltr'><strong>Sed</strong></span> <span class='ocrx_word' id='word_1_335' title='bbox 1255 3341 1400 3410; x_wconf 83' lang='lat' dir='ltr'><strong>post</strong></span> <span class='ocrx_word' id='word_1_336' title='bbox 1427 3349 1566 3396; x_wconf 89' lang='lat' dir='ltr'><strong>eum</strong></span> <span class='ocrx_word' id='word_1_337' title='bbox 1593 3341 1842 3410; x_wconf 82' lang='lat' dir='ltr'><strong>rogatus</strong></span> <span class='ocrx_word' id='word_1_338' title='bbox 1865 3331 1971 3394; x_wconf 85' lang='lat' dir='ltr'><strong>Cn.</strong></span> <span class='ocrx_word' id='word_1_339' title='bbox 1985 3329 2316 3406; x_wconf 81' lang='lat' dir='ltr'><strong>Pompeius</strong></span> 
     </span>
    </p>
   </div>
  </div>
 </body>
</html>
