2459 3817
217 141 344 208 228
413 149 574 210 [NL
603 144 1020 209 CATILINAM
1043 142 1272 205 ORAT.
1302 142 1374 204 ΙΙ.
1417 142 1582 206 CAP.
1610 149 1692 204 12
1723 149 1806 203 13.
1835 151 1885 214 s.
1915 149 2149 205 27--2a
2208 153 2277 205 22

223 325 417 394 peret.
477 314 649 389 Quod
689 313 989 389 reliquum
1015 319 1137 382 est,
1172 311 1291 371 iam
1328 326 1449 371 non
1473 325 1733 385 possum
1768 307 2051 372 oblivisci
2074 327 2275 372 meam

222 403 380 460 hane
410 415 553 459 esse
580 395 866 473 patriam,
901 412 1002 456 me
1031 396 1251 455 horum
1282 409 1427 454 esse
1460 395 1799 464 consulem,
1829 392 1973 453 mihi
2003 401 2111 454 aut
2139 411 2275 455 eum

222 483 320 544 his
351 481 681 542 vivendum
711 487 816 540 aut
842 496 956 556 pro
981 477 1076 539 his
1109 493 1253 538 esse
1274 477 1675 538 moriendum.
1724 477 1938 536 Nullus
1962 485 2060 538 est
2083 479 2277 553 portis

223 572 457 636 custos,
499 564 701 624 nullus
731 562 1052 623 insidiator
1080 561 1250 621 viae:
1296 559 1349 619 si
1382 559 1485 635 qui
1518 559 1687 620 exire
1715 561 1952 631 volunt,
1986 561 2278 622 conivere

220 664 508 725 possum:
548 645 651 721 qui
671 662 828 706 .vero
855 645 1005 706 sein
1032 644 1182 705 urbe
1211 642 1631 716 commoverit,
1662 643 1835 704 euius
1860 659 1977 718 ego
2002 661 2127 705 non
2152 663 2276 706 mo-

221 732 302 792 do
326 733 570 801 factum,
595 729 706 790 sed
729 727 1034 804 inceptum
1055 729 1246 788 ullum
1270 733 1640 787 conatumve
1662 734 1875 786 contra
1889 726 2147 802 patriam
2172 730 2275 789 de-

220 815 624 890 prehendero,
653 812 876 872 sentiet
899 811 960 871 in
983 812 1099 872 hae
1121 810 1275 871 urbe
1300 825 1445 870 esse
1458 812 1749 871 eonsules
1765 809 2109 885 vigilantes,
2135 828 2278 872 esse

222 897 615 972 magistratus
648 895 950 969 egregios,
986 910 1131 954 esse
1157 897 1378 954 sortem
1411 899 1711 966 senatum,
1742 909 1888 954 esse
1914 909 2102 965 arma,
2135 911 2278 956 esse

223 995 550 1050 carcerem,
583 993 766 1053 quem
797 978 1096 1038 vindicem
1128 977 1506 1037 nefariorum
1542 993 1617 1036 ao
1646 977 2109 1038 manifestorum
2142 995 2271 1039 sce·

222 1065 415 1124 lerum
447 1061 711 1123 maiores
742 1063 937 1122 nostri
970 1076 1114 1121 esse
1150 1064 1500 1122 voluerunt.

388 1147 543 1206 Xlll.
590 1145 691 1206 28.
737 1148 943 1220 Atque
971 1143 1126 1204 haee
1168 1145 1371 1205 omnia
1413 1144 1503 1204 sie
1544 1151 1837 1220 agentur,
1879 1142 2174 1218 Quirites,
2207 1151 2277 1204 ut

215 1229 523 1289 maximae
554 1243 658 1288 res
689 1227 933 1288 minimo
961 1234 1159 1300 motu,
1198 1227 1476 1302 pericula
1510 1243 1748 1288 summa
1793 1229 1960 1287 nullo
1993 1229 2272 1298 tumultu,

219 1311 445 1372 bellum
473 1310 824 1372 intestinum
853 1327 927 1371 ac
973 1311 1377 1372 domesticum
1408 1319 1556 1386 post
1582 1310 1895 1371 hominum
1922 1311 2274 1371 memoriam

221 1393 710 1455 crudelissimum
739 1401 801 1454 et
828 1393 1158 1454 maximum
1194 1411 1292 1454 me
1328 1410 1454 1454 uno
1490 1402 1701 1470 togato
1732 1396 1893 1455 duee
1926 1401 1987 1454 et
2019 1394 2275 1469 impera-

221 1485 358 1538 tore
386 1478 656 1539 sedetur.
704 1477 880 1550 Quod
905 1492 1022 1550 ego
1047 1477 1138 1537 sic
1161 1475 1619 1548 administrabo,
1644 1476 1924 1552 Quirites,
1956 1483 2041 1549 ut,
2072 1477 2126 1537 si
2147 1480 2273 1538 ullo

221 1561 407 1621 modo
451 1560 584 1620 fieri
632 1559 884 1634 poterit,
929 1574 1008 1619 ne
1055 1561 1374 1635 improbus
1414 1560 1661 1635 quidem
1702 1560 2026 1635 quisquam
2069 1561 2129 1621 in
2162 1561 2275 1621 hac

224 1645 379 1705 urbe
405 1659 670 1720 poenam
701 1642 798 1703 sui
827 1642 1082 1704 sceleris
1118 1643 1403 1704 sufferat:
1436 1644 1547 1704 sed
1572 1643 1625 1706 si
1662 1644 1759 1704 vis
1782 1645 2145 1705 manifestae
2173 1660 2275 1705 au·

220 1727 460 1800 daciae,
505 1727 558 1787 si
593 1727 956 1802 impendens
1002 1726 1241 1802 patriae
1275 1727 1615 1803 perieulum
1658 1743 1758 1787 me
1796 1728 2152 1788 necessario
2199 1729 2278 1786 de

211 1811 337 1870 hac
371 1811 555 1872 animi
585 1811 835 1872 lenitate
862 1809 1214 1882 deduxerit,
1246 1811 1395 1871 illud
1425 1811 1708 1886 profecto
1740 1809 2074 1886 perficiam,
2107 1812 2274 1886 quod

219 1894 278 1955 in
314 1902 484 1956 tanto
517 1901 579 1954 et
605 1903 730 1955 tam
758 1893 1058 1955 insidioso
1089 1895 1253 1954 bello
1290 1895 1393 1954 vix
1423 1895 1759 1969 optandum
1788 1893 2047 1964 videtur,
2076 1901 2145 1954 ut
2172 1910 2274 1954 ne-

221 1993 344 2051 que
377 1977 580 2039 bonus
607 1977 934 2052 quisquam
964 1978 1224 2038 intereat
1262 1994 1741 2052 paucorumque·
1767 1993 1973 2053 poena
2006 1993 2124 2039 vos
2156 1977 2275 2037 iam

221 2075 436 2120 omnes
468 2059 626 2119 salvi
648 2076 793 2120 esse
821 2061 1099 2135 possitis.
1161 2061 1262 2120 29.
1296 2061 1463 2132 Quae
1492 2057 1739 2136 quidem
1770 2076 1887 2136 ego
1912 2076 2115 2134 neque
2139 2076 2276 2120 mea

220 2142 544 2218 prudentia
587 2157 793 2216 neque
851 2143 1132 2203 humanis
1173 2143 1445 2203 consiliis
1493 2146 1683 2204 fretus
1732 2143 2037 2218 polliceor
2076 2144 2271 2216 vobiS‚

220 2225 500 2302 QuiriteS,
537 2225 649 2285 sed
671 2225 876 2285 multis
904 2233 965 2285 et
987 2243 1110 2286 non
1135 2224 1337 2285 dubiis
1363 2227 1621 2286 deorum
1642 2227 2069 2288 immortalium
2090 2227 2270 2302 signi-

221 2308 637 2382 ficationibuS,
686 2307 907 2383 quibus
939 2323 1056 2382 ego
1088 2308 1349 2369 ducibus
1388 2309 1449 2369 in
1482 2310 1640 2370 hanc
1680 2327 1857 2387 spem
1885 2311 2268 2371 sententiam-

222 2409 343 2468 que
373 2409 510 2454 sum
538 2390 891 2467 ingressus:
941 2391 1044 2466 qui
1073 2392 1190 2450 iam
1229 2409 1352 2453 non
1385 2395 1634 2469 procul,
1669 2402 1736 2455 ut
1771 2394 2080 2470 quondam
2114 2397 2271 2456 sole-

221 2477 386 2548 bant,
417 2475 496 2534 ab
529 2482 784 2535 externo
817 2473 999 2534 hoste
1029 2483 1214 2549 atque
1247 2477 1604 2552 longinquo,
1636 2479 1751 2539 sed
1782 2477 1880 2538 hie
1909 2484 2267 2553 praesentes

220 2575 335 2618 suo
369 2557 618 2618 numine
645 2566 832 2632 atque
871 2557 1098 2618 auxilio
1131 2575 1245 2620 sua
1285 2563 1515 2635 templa
1541 2568 1731 2636 atque
1772 2560 1938 2622 urbis
1970 2568 2129 2622 tecta
2169 2561 2269 2619 de-

219 2643 489 2702 fendent.
557 2643 726 2716 Quos
756 2657 904 2714 νοε,
941 2642 1232 2716 QuiriteS,
1275 2643 1545 2718 precari.
1590 2645 1901 2716 venerari,
1944 2644 2273 2720 implorare

220 2725 492 2799 debetiS,
537 2733 635 2797 ut,
681 2742 860 2800 quam
885 2725 1108 2786 'urbem
1137 2726 1612 2802 pulcherrimam
1653 2727 2273 2803 florentissimamque

221 2825 364 2868 esse
395 2812 740 2881 voluerunt,
773 2810 950 2881 hanc,
983 2809 1265 2870 omnibus
1289 2809 1554 2871 hostium
1590 2811 1786 2886 copiis
1810 2819 1973 2872 terra
1996 2811 2275 2887 marique

218 2893 557 2967 superatis,
622 2909 660 2954 a
701 2892 1253 2970 perditissimorum
1313 2893 1535 2955 civium
1590 2895 1827 2959 nefario
1883 2895 2123 2959 scelere
2168 2895 2273 2958 de-

219 2975 489 3038 tendant.

1043 3143 1440 3156 m
1490 3156 1495 3162 .
