2459 3817
298 121 383 186 22
896 119 1045 182 PRO
1076 120 1139 178 P.
1175 118 1427 181 SULLA
1461 117 1764 180 ORATIO.

467 271 678 333 XXIV.
705 267 811 332 67.
850 267 963 328 Hic
995 276 1061 330 tu
1092 269 1414 346 epistolam
1441 287 1638 331 meam
1669 285 1861 347 saepe
1887 270 2138 344 recitas,
2170 285 2363 345 quam

300 373 417 432 ego
446 356 527 416 ad
558 355 662 414 Cn.
692 352 1047 426 Pompeium
1074 353 1153 413 de
1194 352 1346 414 meis
1385 354 1569 414 rebus
1598 354 1790 428 gestis
1830 360 1891 413 et
1919 353 1999 412 de
2027 369 2268 414 summa
2295 370 2365 414 re

298 438 547 516 publica
576 433 743 506 misi,
787 442 848 494 et
885 450 963 495 ex
1004 450 1079 494 ea
1108 435 1334 496 crimen
1365 436 1616 512 aliquod
1649 436 1708 495 in
1734 435 1796 494 P.
1829 434 2056 496 Sullam
2087 435 2362 510 quaeris,

299 529 377 592 et,
407 520 461 580 si
494 520 755 578 furorem
787 515 1204 578 incredibilem
1239 517 1482 580 biennio
1512 526 1653 579 ante
1682 528 2043 593 conceptum
2072 517 2364 594 erupisse

298 605 359 661 in
388 617 525 662 meo
550 600 871 660 consulatu
898 598 1138 675 scripsi,
1171 617 1270 661 me
1292 602 1410 663 boc
1432 602 1888 662 demonstrasse
1915 599 2090 675 dieis,
2125 600 2362 662 Sullam

297 685 359 745 in
395 684 495 744 illa
524 682 719 744 ruisse
748 683 1063 758 superiore
1092 683 1526 745 coniuratione.
1585 683 1829 745 Scilicet
1855 697 1972 758 ego
1999 683 2056 744 is
2085 699 2221 745 sum
2253 683 2360 760 qui

299 767 636 828 exIstimem
664 768 771 828 Cn.
800 765 1083 826 Pisonem
1123 774 1185 827 et
1213 765 1524 827 Catilinam
1565 774 1628 827 et
1655 764 2092 841 Vargunteium
2137 775 2200 828 et
2229 769 2358 828 Au-

295 850 559 912 tronium
586 849 733 909 nihil
760 850 1073 923 scelerate,
1110 847 1258 908 nihil
1295 851 1584 910 audacter
1611 849 1786 924 ipsos
1815 865 1928 924 per
1958 864 2102 910 sese
2129 849 2268 910 sine
2295 849 2355 909 P.

298 933 470 994 Sulla
510 934 712 994 facere
746 931 1039 1008 potuisse.
1122 931 1227 993 68.
1271 932 1362 991 De
1393 947 1517 1006 quo
1547 931 1726 992 etiam
1760 930 1816 992 si
1845 930 1982 1006 quis
2014 931 2356 993 dubitasset

298 1025 508 1091 antea,
548 1031 721 1088 num,
770 1014 834 1076 id
864 1015 1034 1090 quod
1060 1021 1125 1075 tu
1151 1013 1388 1089 arguiS,
1429 1013 1786 1089 cogitasset,
1828 1012 2142 1076 interfecto
2183 1023 2356 1089 patre

296 1109 402 1161 tuo
446 1100 705 1160 consule
743 1098 1121 1158 descendere
1158 1097 1454 1157 Kalendis
1493 1096 1787 1158 Ianuariis
1835 1111 1972 1157 cum
2019 1095 2352 1170 lictoribus,

206 1187 213 1193 '
298 1181 598 1245 sustulisti
625 1182 784 1241 hanc
826 1179 1249 1255 suspitionem,
1285 1197 1471 1255 quum
1499 1178 1710 1241 dixisti
1738 1180 1914 1252 bunc,
1947 1187 2012 1240 ut
2043 1177 2355 1240 Catilinam

298 1266 613 1327 consulem
663 1263 962 1332 efficeret,
1016 1271 1227 1323 contra
1268 1271 1499 1338 patrem
1538 1271 1708 1323 tuum
1745 1277 1966 1338 operas
2007 1269 2071 1323 et
2111 1277 2356 1322 manum

300 1357 714 1420 comparasse.
792 1344 969 1416 Quod
1012 1343 1067 1404 si
1102 1343 1210 1405 tibi
1249 1361 1366 1419 ego
1410 1345 1732 1419 confitear,
1779 1353 1844 1406 tu
1872 1344 2015 1406 mihi
2046 1346 2354 1407 concedas

298 1442 560 1490 necesse
589 1435 701 1501 est,
731 1425 910 1499 hunc,
947 1441 1134 1501 quum
1157 1426 1446 1488 Catilinae
1471 1427 1919 1503 suflragaretur,
1959 1427 2104 1487 nihil
2132 1429 2213 1488 de
2239 1443 2354 1488 suo

299 1511 638 1582 consulatu,
669 1525 849 1586 quem
878 1508 1099 1570 iudicio
1129 1509 1434 1582 amiserat,
1465 1527 1576 1589 per
1601 1510 1724 1571 vim
1745 1511 2164 1586 recuperando
2186 1511 2353 1584 cogi-

299 1592 559 1655 tavisse=
608 1608 811 1669 neque
839 1591 999 1652 enim
1028 1592 1280 1654 istorum
1315 1592 1654 1654 facinorum
1681 1602 2012 1668 tantorum,
2045 1602 2165 1655 tam
2195 1600 2350 1654 atro-

298 1679 456 1739 cium
488 1675 746 1749 crimen,
781 1675 1046 1750 iudices,
1082 1677 1146 1736 P.
1177 1675 1386 1738 Sullae
1415 1693 1681 1753 persona
1709 1676 1984 1752 suscipit.

464 1759 566 1824 69.
609 1762 733 1821 lam
761 1761 921 1823 enim
951 1759 1198 1834 faciam,
1230 1760 1580 1822 criminibus
1613 1758 1894 1821 omnibus
1929 1762 2058 1821 sere
2087 1757 2348 1820 dissolu·

297 1843 407 1918 tis,
447 1853 659 1906 contra
686 1852 871 1919 atque
899 1845 961 1904 in
1026 1844 1248 1908 ceteris
1277 1843 1482 1905 causis
1513 1841 1645 1904 fleri
1678 1844 1864 1916 solet,
1902 1851 1970 1903 ut
1997 1857 2158 1902 nunc
2183 1839 2344 1901 deni·

299 1944 423 2004 que
451 1929 530 1988 de
558 1929 681 1988 vita
707 1925 973 1988 hominis
1002 1943 1077 1988 ac
1108 1929 1185 1988 de
1214 1926 1486 1988 moribus
1517 1924 1731 1986 dicam.
1815 1924 2050 1986 Etenim
2081 1924 2162 1985 de
2190 1923 2344 1999 prin·

298 2009 461 2083 cipio
503 2008 732 2070 studuit
774 2010 1015 2071 animus
1057 2025 1379 2071 occurrere
1422 2008 1810 2084 magnitudini
1855 2006 2156 2080 criminis,
2205 2005 2348 2068 satis

298 2092 503 2151 facere
532 2091 979 2165 exspectationi
1006 2091 1332 2164 hominum,
1365 2092 1443 2151 de
1471 2108 1569 2152 me
1596 2091 1825 2168 aliquid
1851 2091 2010 2167 ipso,
2041 2091 2147 2167 qui
2173 2105 2348 2151 accu-

298 2181 469 2234 satus
499 2189 696 2248 eram,
738 2172 973 2235 dicerez
1022 2190 1181 2235 nunc
1208 2174 1326 2234 iam
1353 2175 1685 2235 revocandi
1723 2173 1874 2236 estis
1912 2189 2020 2248 eo,
2071 2187 2197 2249 quo
2235 2187 2349 2232 vos

297 2255 437 2330 ipsa
463 2271 681 2326 causa,
722 2254 901 2316 etiam
930 2264 1167 2318 tacente
1193 2273 1319 2331 me,
1361 2257 1525 2331 cogit
1553 2257 1792 2319 animos
1820 2265 2179 2332 mentesque
2207 2271 2348 2316 con-

296 2344 551 2398 vertere.
634 2338 819 2398 XXV.
864 2337 1154 2399 Omnibus
1183 2339 1245 2399 in
1275 2340 1493 2413 rebuS,
1533 2337 1797 2413 iudices,
1843 2355 2003 2414 quae
2038 2337 2349 2414 graviores

297 2418 686 2495 maioresque
716 2428 885 2494 sunt,
924 2419 1071 2495 quid
1100 2423 1361 2498 quisque
1389 2422 1680 2496 voluerit,
1708 2421 2012 2498 cogitarit,
2041 2418 2353 2482 admiserit

298 2519 421 2562 non
451 2520 531 2564 ex
560 2502 839 2576 crimine,
874 2504 988 2564 sed
1016 2519 1094 2562 ex
1122 2505 1392 2566 moribus
1421 2503 1588 2578 eius,
1621 2504 1725 2580 qui
1750 2504 2050 2580 arguitur,
2077 2513 2176 2565 est
2202 2519 2351 2578 pon·

295 2586 649 2648 derandum.
699 2586 912 2661 Neque
933 2587 1089 2646 enim
1114 2594 1316 2661 potest
1340 2586 1665 2662 quisquam
1685 2595 1956 2648 nostrum
1981 2587 2186 2648 subito
2207 2586 2355 2660 fingi
2437 2617 2439 2628 ε

298 2684 502 2743 neque
548 2670 910 2745 cuiusquam
948 2678 1203 2744 repente
1243 2667 1366 2729 vita
1403 2669 1618 2730 mutari
1666 2678 1771 2731 aut
1807 2678 2022 2731 natura
2060 2667 2356 2729 converti.

301 2750 403 2814 70.
454 2751 912 2828 circumspicite
957 2753 1292 2828 paullisper
1334 2751 1637 2813 mentibus
1677 2752 1928 2825 vestriS,
1974 2760 2040 2812 ut
2077 2749 2196 2811 alia
2223 2749 2357 2812 mit·

294 2845 511 2904 tamus,
542 2835 734 2896 hosce
756 2834 933 2910 ipsos
953 2835 1249 2908 homineS,
1281 2834 1387 2908 qui
1414 2834 1556 2896 huic
1582 2834 1818 2895 adfines
1849 2834 2065 2896 sceleri
2094 2834 2355 2893 ruerunt.

295 2914 551 2977 Catilina
588 2927 799 2978 contra
838 2933 967 2978 rem
1009 2917 1310 2993 publicam
1350 2914 1706 2978 coniuravit.
1776 2917 1960 2979 Cuius
2005 2929 2188 2976 aures
2227 2932 2354 2976 um-

297 3015 479 3075 quam
524 2999 677 3060 haec
720 3007 1086 3075 respuerunt
1128 3008 1414 3060 conatum
1454 3016 1597 3062 esse
1635 3000 1926 3062 audacter
1969 2998 2275 3060 hominem
2317 3016 2356 3059 a

296 3079 553 3158 pueritia
581 3098 704 3142 non
734 3083 931 3144 solum
961 3081 1424 3155 intemperantia
1451 3091 1514 3143 et
1540 3084 1802 3156 scelere,
1845 3082 1960 3144 sed
1998 3081 2178 3143 etiam
2207 3097 2356 3142 con·

297 3162 621 3225 suetudine
649 3171 710 3225 et
737 3165 939 3225 studio
964 3164 1022 3223 in
1052 3163 1216 3225 omni
1245 3162 1494 3237 flagitio,
1531 3173 1762 3238 stupro,
1793 3165 1984 3227 caede
2002 3170 2357 3225 versatunn

296 3245 442 3320 Quis
472 3263 610 3308 eum
640 3255 851 3308 contra
881 3244 1132 3320 patriam
1171 3251 1542 3320 pugnantem
1574 3245 1814 3321 perisse
1846 3245 2123 3318 miratur,
2171 3263 2356 3322 quem

298 3343 543 3403 semper
568 3344 784 3390 omnes
810 3328 892 3387 ad
921 3327 1100 3388 civile
1127 3325 1506 3388 latrocinium
1535 3337 1738 3389 natum
1760 3337 2167 3406 putaverunt?
2205 3327 2359 3404 Quis
