2459 3817
790 140 957 203 GAP.
1000 148 1195 206 6—8.
1243 147 1295 209 S.
1327 149 1589 210 14-19.
2099 144 2226 211 235

168 292 512 368 descriptos
542 291 823 353 habebat.
912 293 1125 368 Neque
1154 310 1332 366 vero,
1379 310 1566 369 quum
1616 293 1848 370 aliquid
1891 295 2223 368 mandarat,

167 376 511 437 consectum
549 376 825 451 putabam
871 374 1019 436 nihil
1064 386 1194 437 erat
1238 378 1406 451 quod
1451 395 1573 439 non
1615 376 1753 452 ipse
1785 376 1984 441 obiret
2011 395 2222 441 oecur-

166 467 343 531 reret,
380 458 655 533 vigilaret
688 460 1009 519 laboraret.
1050 459 1288 535 FriguS‚
1319 460 1496 533 sitim,
1527 462 1747 522 famem
1777 463 1936 523 ferre
1965 472 2222 537 poterat.

166 539 264 603 17.
299 542 475 603 Hunc
506 558 621 616 ego
654 540 957 602 hominem
990 551 1111 602 tani
1139 560 1362 617 acrem,
1397 552 1517 605 tam
1547 546 1862 620 audacem,
1897 554 2016 605 tam
2049 562 2218 619 para·

102 626 108 631 '
164 634 318 697 tum,
352 632 475 685 tam
509 623 823 699 callidum,
852 635 972 687 tam
1000 624 1061 685 in
1094 628 1330 688 scelere
1366 626 1740 701 vigilantem,
1776 637 1898 689 tam
1927 627 1986 688 in
2022 627 2221 703 perdi·

162 705 241 768 tis
268 708 454 769 rebus
483 707 861 783 diligentem,
894 708 1014 769 nisi
1046 726 1121 769 ex
1156 710 1512 771 domesticis
1540 709 1782 773 insidiis
1810 710 1871 771 in
1907 722 2222 772 castrense

160 790 539 853 latrocinium
570 791 1036 867 compulissem,
1079 794 1278 853 dicam
1318 793 1411 868 id,
1462 794 1630 869 quod
1655 792 1888 868 sentio,
1937 794 2216 869 Quirites,

158 891 280 935 non
323 874 505 935 facile
534 874 692 935 hanc
720 884 948 951 tantam
988 878 1211 936 molem
1239 878 1380 937 mali
1409 894 1446 937 a
1481 872 1704 934 vestris
1741 873 2080 935 cervicibus
2114 877 2218 937 de-

158 959 477 1033 pulissem.
513 958 646 1021 Non
677 957 779 1018 ille
810 959 989 1019 nobis
1012 958 1358 1019 Saturnalia
1387 957 1825 1031 constituisset,
1857 975 2061 1033 neque
2091 967 2216 1019 tan-

158 1050 221 1101 to
250 1050 389 1103 aute
418 1040 588 1101 exitii
617 1056 689 1100 ac
724 1039 829 1101 sati
856 1041 1018 1102 diem
1046 1042 1134 1102 rei
1164 1042 1448 1117 publicae
1493 1039 1980 1103 denuntiavisset
2018 1038 2221 1115 neque

158 1122 588 1195 commisisset,
625 1132 692 1183 ut
714 1124 975 1198 signum,
1006 1134 1073 1185 ut
1100 1124 1333 1185 litterae
1362 1142 1512 1185 suae
1537 1133 1728 1186 testes
1752 1122 2054 1185 manifesti
2086 1139 2217 1185 sce·

159 1204 301 1266 lei-is
332 1206 953 1280 deprehenderentur.
1038 1208 1205 1279 Quae
1263 1224 1423 1269 nunc
1467 1208 1570 1269 illo
1617 1208 1872 1268 absente
1914 1205 2006 1267 sic
2046 1214 2220 1282 gesta

159 1296 329 1361 sunt,
387 1296 455 1347 ut
506 1290 732 1350 nullum
773 1290 833 1349 in
876 1287 1113 1365 privata
1152 1291 1336 1352 domo
1379 1292 1602 1353 furtum
1643 1306 1936 1365 umquam
1977 1288 2056 1350 sit
2099 1298 2220 1349 tam

156 1372 357 1447 palam
402 1371 745 1446 inventum,
802 1390 983 1448 quam
1023 1374 1177 1435 haec
1212 1382 1380 1435 tanta
1412 1375 1476 1434 in
1506 1392 1575 1435 re
1605 1373 1850 1450 publica
1881 1372 2218 1434 coniuratio

154 1454 767 1517 manifesto-inventa
810 1465 994 1532 atque
1024 1458 1414 1532 deprehensa
1455 1466 1568 1521 est.
1665 1456 1930 1531 Quodsi
1965 1455 2216 1517 Catilina

151 1536 214 1598 in
248 1538 399 1599 urbe
432 1538 511 1599 ad
540 1538 696 1599 hanc
726 1538 886 1601 diem
917 1540 1344 1614 remansisset,
1395 1558 1795 1619 quamquam,
1838 1541 2044 1617 quoad
2087 1538 2215 1612 fuit,

154 1620 435 1681 omnibus
471 1622 604 1685 eius
632 1622 909 1684 consiliis
940 1623 1179 1685 occurri
1210 1633 1396 1699 atque
1425 1624 1651 1697 obstiti,
1686 1632 1904 1697 tamen,
1934 1631 2001 1684 ut
2036 1621 2212 1681 levis·

103 1718 121 1727 ·
154 1703 305 1765 sime
334 1706 565 1775 dicam,
624 1705 1036 1767 dimicandum
1077 1706 1260 1768 nobis
1293 1723 1430 1768 cum
1465 1707 1570 1769 illo
1605 1705 1828 1767 fuisset
1865 1720 2069 1779 neque
2099 1720 2214 1764 nos

150 1804 466 1862 umquam,
508 1788 651 1847 dum
684 1788 786 1848 ille
820 1787 883 1848 in
914 1790 1065 1849 urbe
1092 1788 1288 1849 hostis
1319 1796 1516 1861 esset,
1546 1787 1728 1849 tantis
1764 1786 2053 1862 periculis
2087 1802 2210 1845 rem

152 1871 459 1945 publicam
486 1877 653 1931 tanta
681 1886 857 1945 pace,
890 1878 1058 1931 tanto
1102 1870 1251 1943 otio,
1286 1880 1452 1932 tanto
1485 1870 1726 1931 silentio
1756 1870 2210 1929 liberassemus.
2269 1897 2276 1901 ·

317 1953 475 2012 Vlll.
510 1950 608 2016 18.
661 1952 1041 2029 Quamquam
1068 1954 1223 2014 haec
1253 1954 1488 2027 omnia,
1537 1952 1830 2027 QuiriteS,
1871 1951 1956 2013 ita
1995 1960 2136 2013 sunt
2175 1966 2212 2013 a

151 2052 248 2096 me
277 2034 723 2111 administrata,
764 2044 833 2097 ut
860 2036 1117 2098 deorum
1156 2036 1583 2098 immortalium
1613 2044 1762 2098 nutu
1796 2043 1980 2112 atque
2011 2034 2212 2096 consi-

148 2118 231 2179 lio
272 2124 331 2179 et
369 2126 544 2193 gesta
590 2128 651 2181 et
697 2117 952 2194 provisa
1011 2136 1155 2181 esse
1196 2118 1546 2182 videantur:
1597 2119 1785 2194 idque
1833 2135 2019 2194 quum
2065 2134 2210 2179 con-

147 2200 377 2262 iectura
408 2202 707 2277 consequi
735 2219 1103 2278 possumuS,
1156 2204 1324 2278 quod
1366 2204 1468 2263 vix
1501 2202 1742 2264 videtur
1785 2200 2033 2263 humani
2065 2218 2210 2261 eon-

148 2284 267 2345 silii
295 2294 593 2347 tantarum
620 2295 821 2347 rernm
855 2285 1211 2362 gubernatio
1247 2302 1392 2349 esse
1425 2285 1735 2363 potuisse,
1792 2296 1911 2347 tum
1943 2300 2091 2344 vero
2128 2285 2210 2344 ita

143 2377 503 2443 praesentes
531 2368 629 2429 his
658 2369 1034 2444 temporibus
1065 2386 1246 2446 opem
1281 2377 1342 2430 et
1373 2370 1662 2433 auxilium
1703 2368 1881 2429 nobis
1929 2369 2208 2440 tulerunt,

144 2458 213 2510 ut
240 2466 353 2512 eos
387 2467 585 2525 paene
617 2452 813 2514 oculis
842 2452 1053 2515 videre
1087 2470 1436 2529 possemus.
1498 2453 1648 2513 Nam
1678 2461 1745 2513 ut
1776 2452 1878 2511 illa
1919 2450 2206 2521 omittam,

142 2530 313 2594 visas
345 2543 641 2597 nocturno
664 2544 941 2611 tempore
962 2537 1039 2597 ab
1062 2538 1381 2597 occidente
1405 2538 1574 2597 faces
1595 2536 2003 2609 ardoremque
2031 2530 2204 2605 caeli,
2269 2587 2272 2590 .

142 2625 211 2677 ut
238 2617 549 2679 fulminum
582 2619 807 2692 iactuS‚
852 2627 920 2681 ut
956 2627 1154 2680 terrae
1199 2630 1404 2681 motus
1443 2618 1814 2695 relinquam,
1849 2626 1916 2681 ut
1941 2617 2206 2677 omittam

146 2705 369 2769 cetera,
408 2714 567 2773 quae
595 2698 679 2758 ita
706 2700 897 2761 multa
922 2699 1103 2759 nobis
1134 2698 1490 2760 consulibus
1521 2699 1684 2757 facta
1717 2702 1888 2767 sunt,
1920 2704 1989 2757 ut
2017 2698 2189 2769 haec,

147 2798 306 2855 quae
329 2798 493 2841 nunc
516 2781 686 2852 fiunt,
723 2796 947 2841 canere
968 2782 1029 2841 di
1051 2782 1425 2841 immortales
1454 2779 1823 2851 viderentur,
1861 2780 1980 2840 hoc
2004 2788 2189 2853 certe,

147 2864 427 2938 Quirites,
453 2864 623 2939 quod
644 2880 781 2924 sum
804 2864 1097 2936 dicturus,
1130 2880 1334 2939 neque
1354 2862 1957 2939 praetermittendum
1988 2879 2192 2937 neque

144 2948 610 3021 relinquendum
640 2955 753 3007 est.
817 2945 914 3006 19.
943 2948 1089 3008 Nam
1124 2948 1401 3022 profecto
1433 2945 1724 3006 memoria
1754 2946 1975 3007 tenetis
2018 2948 2190 3007 Cotta

144 3038 207 3090 et
234 3032 547 3105 Torquato
581 3029 938 3091 consulibus
968 3032 1322 3104 complures
1350 3030 1412 3091 in
1444 3028 1742 3103 Capitolio
1775 3046 1876 3089 res
1908 3031 1986 3090 de
2017 3032 2188 3089 eaelo

148 3128 293 3173 esse
322 3128 681 3191 percussas,
715 3128 901 3189 quum
933 3120 995 3173 et
1021 3110 1349 3174 simulacra
1375 3114 1633 3174 deorum
1662 3114 1926 3187 depulsa
1955 3120 2101 3173 sunt
2131 3118 2194 3170 et

146 3204 387 3257 statuae
415 3204 693 3257 veterum
727 3196 1038 3257 hominum
1060 3195 1338 3258 deiectae
1361 3203 1422 3256 et
1449 3198 1652 3271 legum
1688 3212 1834 3257 aera
1863 3195 2194 3268 liquefacta

145 3286 207 3339 et
245 3288 446 3341 tactus
502 3281 684 3340 etiam
725 3280 855 3351 ille,
905 3278 1009 3352 qui
1058 3279 1220 3339 hanc
1265 3280 1476 3339 urbem
1521 3278 1824 3347 condidit,
1871 3279 2192 3348 RomuluS,

144 3378 329 3437 quem
352 3363 693 3424 inauratum
726 3362 785 3422 in
818 3362 1135 3435 capitolio.
1165 3380 1426 3437 parvum
1459 3370 1646 3435 atque
1669 3366 2012 3430 lactantem,
2044 3359 2190 3420 ube·
