<?xml version="1.0" encoding="UTF-8"?>
<!DOCTYPE html PUBLIC "-//W3C//DTD XHTML 1.0 Transitional//EN"
    "http://www.w3.org/TR/xhtml1/DTD/xhtml1-transitional.dtd">
<html xmlns="http://www.w3.org/1999/xhtml" xml:lang="en" lang="en">
 <head>
  <title>
</title>
<meta http-equiv="Content-Type" content="text/html;charset=utf-8" />
  <meta name='ocr-system' content='tesseract 3.04.00' />
  <meta name='ocr-capabilities' content='ocr_page ocr_carea ocr_par ocr_line ocrx_word'/>
</head>
<body>
  <div class='ocr_page' id='page_1' title='image "./mtulliiciceroni00klotgoog_0371.png"; bbox 0 0 2459 3817; ppageno 0'>
   <div class='ocr_carea' id='block_1_1' title="bbox 218 153 1702 220">
    <p class='ocr_par' dir='ltr' id='par_1_1' title="bbox 218 153 1702 252">
     <span class='ocr_line' id='line_1_1' title="bbox 218 153 1702 220; baseline -0.001 -2"><span class='ocrx_word' id='word_1_1' title='bbox 218 153 304 218; x_wconf 80' lang='lat'><strong>&#39;16</strong></span> <span class='ocrx_word' id='word_1_2' title='bbox 828 155 980 220; x_wconf 83' lang='lat' dir='ltr'><strong>PRO</strong></span> <span class='ocrx_word' id='word_1_3' title='bbox 1005 157 1069 218; x_wconf 92' lang='grc' dir='ltr'><strong>Ρ.</strong></span> <span class='ocrx_word' id='word_1_4' title='bbox 1100 157 1366 220; x_wconf 85' lang='lat' dir='ltr'>SESTIO</span> <span class='ocrx_word' id='word_1_5' title='bbox 1397 155 1702 220; x_wconf 79' lang='lat' dir='ltr'><strong>ORATIO.</strong></span> 
     </span>
    </p>
   </div>
   <div class='ocr_carea' id='block_1_2' title="bbox 217 305 2324 3450">
    <p class='ocr_par' dir='ltr' id='par_1_2' title="bbox 217 305 2324 3450">
     <span class='ocr_line' id='line_1_2' title="bbox 218 305 2280 388; baseline -0.001 -15"><span class='ocrx_word' id='word_1_6' title='bbox 218 309 585 388; x_wconf 75' lang='lat' dir='ltr'>impertiam,</span> <span class='ocrx_word' id='word_1_7' title='bbox 642 308 997 386; x_wconf 89' lang='lat' dir='ltr'><strong>praesertim</strong></span> <span class='ocrx_word' id='word_1_8' title='bbox 1041 325 1225 384; x_wconf 87' lang='lat' dir='ltr'><strong>quum</strong></span> <span class='ocrx_word' id='word_1_9' title='bbox 1269 307 1471 368; x_wconf 86' lang='lat' dir='ltr'><strong>ve&#39;rbis</strong></span> <span class='ocrx_word' id='word_1_10' title='bbox 1514 305 1813 383; x_wconf 79' lang='lat' dir='ltr'><strong>consequi</strong></span> <span class='ocrx_word' id='word_1_11' title='bbox 1854 324 1977 370; x_wconf 87' lang='lat' dir='ltr'><strong>non</strong></span> <span class='ocrx_word' id='word_1_12' title='bbox 2023 307 2280 386; x_wconf 83' lang='lat' dir='ltr'><strong>possim,</strong></span> 
     </span>
     <span class='ocr_line' id='line_1_3' title="bbox 220 391 2278 470; baseline -0.002 -14"><span class='ocrx_word' id='word_1_13' title='bbox 220 397 333 456; x_wconf 83' lang='lat' dir='ltr'><strong>sed</strong></span> <span class='ocrx_word' id='word_1_14' title='bbox 366 394 535 470; x_wconf 90' lang='lat' dir='ltr'><strong>quod</strong></span> <span class='ocrx_word' id='word_1_15' title='bbox 561 391 873 466; x_wconf 90' lang='lat' dir='ltr'><strong>existimo,</strong></span> <span class='ocrx_word' id='word_1_16' title='bbox 920 391 973 452; x_wconf 85' lang='lat' dir='ltr'><strong>si</strong></span> <span class='ocrx_word' id='word_1_17' title='bbox 1002 391 1248 452; x_wconf 85' lang='lat' dir='ltr'>Milonis</span> <span class='ocrx_word' id='word_1_18' title='bbox 1277 407 1527 452; x_wconf 90' lang='lat' dir='ltr'><strong>causam</strong></span> <span class='ocrx_word' id='word_1_19' title='bbox 1567 393 1942 452; x_wconf 84' lang='lat' dir='ltr'><strong>accusatoris</strong></span> <span class='ocrx_word' id='word_1_20' title='bbox 1973 403 2128 453; x_wconf 88' lang='lat' dir='ltr'><strong>voce</strong></span> <span class='ocrx_word' id='word_1_21' title='bbox 2155 397 2278 454; x_wconf 85' lang='lat' dir='ltr'><strong>col·</strong></span> 
     </span>
     <span class='ocr_line' id='line_1_4' title="bbox 221 473 2284 552; baseline -0.001 -14"><span class='ocrx_word' id='word_1_22' title='bbox 221 479 527 539; x_wconf 86' lang='lat' dir='ltr'><strong>laudatam</strong></span> <span class='ocrx_word' id='word_1_23' title='bbox 566 477 863 552; x_wconf 88' lang='lat' dir='ltr'><strong>probaro,</strong></span> <span class='ocrx_word' id='word_1_24' title='bbox 905 491 1021 536; x_wconf 84' lang='lat' dir='ltr'><strong>vos</strong></span> <span class='ocrx_word' id='word_1_25' title='bbox 1056 475 1116 534; x_wconf 91' lang='lat' dir='ltr'><strong>in</strong></span> <span class='ocrx_word' id='word_1_26' title='bbox 1148 475 1268 536; x_wconf 88' lang='lat' dir='ltr'><strong>hoc</strong></span> <span class='ocrx_word' id='word_1_27' title='bbox 1296 473 1545 534; x_wconf 89' lang='lat' dir='ltr'><strong>crimine</strong></span> <span class='ocrx_word' id='word_1_28' title='bbox 1575 489 1782 550; x_wconf 80' lang='lat' dir='ltr'><strong>parem</strong></span> <span class='ocrx_word' id='word_1_29' title='bbox 1815 473 1998 536; x_wconf 87' lang='lat' dir='ltr'><strong>Sestii</strong></span> <span class='ocrx_word' id='word_1_30' title='bbox 2031 491 2284 536; x_wconf 87' lang='lat' dir='ltr'><strong>causam</strong></span> 
     </span>
     <span class='ocr_line' id='line_1_5' title="bbox 220 557 2282 634; baseline 0 -14"><span class='ocrx_word' id='word_1_31' title='bbox 220 560 676 621; x_wconf 80' lang='lat' dir='ltr'><strong>existimaturos</strong></span> <span class='ocrx_word' id='word_1_32' title='bbox 704 579 817 614; x_wconf 73' lang='grc' dir='ltr'><strong>-ε</strong></span> <span class='ocrx_word' id='word_1_33' title='bbox 861 557 1010 618; x_wconf 87' lang='lat' dir='ltr'><strong>adiit</strong></span> <span class='ocrx_word' id='word_1_34' title='bbox 1049 557 1231 632; x_wconf 86' lang='lat' dir='ltr'><strong>igitur</strong></span> <span class='ocrx_word' id='word_1_35' title='bbox 1256 559 1322 617; x_wconf 88' lang='lat' dir='ltr'><strong>T.</strong></span> <span class='ocrx_word' id='word_1_36' title='bbox 1350 557 1590 618; x_wconf 84' lang='lat' dir='ltr'>Annius</span> <span class='ocrx_word' id='word_1_37' title='bbox 1630 558 1712 616; x_wconf 84' lang='lat' dir='ltr'><strong>ad</strong></span> <span class='ocrx_word' id='word_1_38' title='bbox 1753 573 2000 619; x_wconf 88' lang='lat' dir='ltr'><strong>causam</strong></span> <span class='ocrx_word' id='word_1_39' title='bbox 2039 559 2128 617; x_wconf 89' lang='lat' dir='ltr'><strong>rei</strong></span> <span class='ocrx_word' id='word_1_40' title='bbox 2168 575 2282 634; x_wconf 87' lang='lat' dir='ltr'><strong>pu-</strong></span> 
     </span>
     <span class='ocr_line' id='line_1_6' title="bbox 218 639 2282 716; baseline -0.001 -13"><span class='ocrx_word' id='word_1_41' title='bbox 218 644 417 704; x_wconf 89' lang='lat' dir='ltr'><strong>blicae</strong></span> <span class='ocrx_word' id='word_1_42' title='bbox 445 641 565 715; x_wconf 88' lang='lat' dir='ltr'><strong>sic,</strong></span> <span class='ocrx_word' id='word_1_43' title='bbox 596 648 660 702; x_wconf 89' lang='lat' dir='ltr'><strong>ut</strong></span> <span class='ocrx_word' id='word_1_44' title='bbox 687 641 882 702; x_wconf 87' lang='lat' dir='ltr'><strong>civem</strong></span> <span class='ocrx_word' id='word_1_45' title='bbox 912 639 1145 716; x_wconf 82' lang='lat' dir='ltr'>patriae</span> <span class='ocrx_word' id='word_1_46' title='bbox 1176 655 1543 715; x_wconf 86' lang='lat' dir='ltr'><strong>recuperare</strong></span> <span class='ocrx_word' id='word_1_47' title='bbox 1573 641 1754 702; x_wconf 80' lang='lat' dir='ltr'><strong>vellet</strong></span> <span class='ocrx_word' id='word_1_48' title='bbox 1777 648 2072 715; x_wconf 89' lang='lat' dir='ltr'><strong>ereptum.</strong></span> <span class='ocrx_word' id='word_1_49' title='bbox 2125 639 2282 701; x_wconf 88' lang='lat' dir='ltr'><strong>Sim·</strong></span> 
     </span>
     <span class='ocr_line' id='line_1_7' title="bbox 220 722 2284 802; baseline -0.001 -17"><span class='ocrx_word' id='word_1_50' title='bbox 220 727 363 802; x_wconf 88' lang='lat' dir='ltr'><strong>plex</strong></span> <span class='ocrx_word' id='word_1_51' title='bbox 414 739 630 798; x_wconf 89' lang='lat' dir='ltr'><strong>causa,</strong></span> <span class='ocrx_word' id='word_1_52' title='bbox 688 732 977 785; x_wconf 79' lang='lat' dir='ltr'><strong>constans</strong></span> <span class='ocrx_word' id='word_1_53' title='bbox 1024 723 1207 796; x_wconf 88' lang='lat' dir='ltr'><strong>ratio,</strong></span> <span class='ocrx_word' id='word_1_54' title='bbox 1271 724 1454 797; x_wconf 88' lang='lat' dir='ltr'><strong>plena</strong></span> <span class='ocrx_word' id='word_1_55' title='bbox 1510 722 1940 783; x_wconf 73' lang='lat' dir='ltr'><strong>consensionis</strong></span> <span class='ocrx_word' id='word_1_56' title='bbox 1991 723 2284 799; x_wconf 88' lang='lat' dir='ltr'><strong>omnium,</strong></span> 
     </span>
     <span class='ocr_line' id='line_1_8' title="bbox 222 805 2283 883; baseline 0 -15"><span class='ocrx_word' id='word_1_57' title='bbox 222 811 403 883; x_wconf 87' lang='lat' dir='ltr'><strong>plena</strong></span> <span class='ocrx_word' id='word_1_58' title='bbox 432 806 819 869; x_wconf 81' lang='lat' dir='ltr'><strong>concordiae.</strong></span> <span class='ocrx_word' id='word_1_59' title='bbox 876 807 1153 882; x_wconf 83' lang='lat' dir='ltr'><strong>collegas</strong></span> <span class='ocrx_word' id='word_1_60' title='bbox 1176 805 1488 867; x_wconf 83' lang='lat' dir='ltr'><strong>adiutores</strong></span> <span class='ocrx_word' id='word_1_61' title='bbox 1511 805 1799 867; x_wconf 73' lang='lat' dir='ltr'><strong>habebat2</strong></span> <span class='ocrx_word' id='word_1_62' title='bbox 1835 805 2110 868; x_wconf 79' lang='lat' dir='ltr'><strong>consulis</strong></span> <span class='ocrx_word' id='word_1_63' title='bbox 2132 809 2283 868; x_wconf 79' lang='lat' dir='ltr'><strong>alte-</strong></span> 
     </span>
     <span class='ocr_line' id='line_1_9' title="bbox 218 888 2283 964; baseline -0.001 -12"><span class='ocrx_word' id='word_1_64' title='bbox 218 893 347 952; x_wconf 86' lang='lat' dir='ltr'><strong>rius</strong></span> <span class='ocrx_word' id='word_1_65' title='bbox 378 907 679 953; x_wconf 90' lang='lat' dir='ltr'><strong>summum</strong></span> <span class='ocrx_word' id='word_1_66' title='bbox 709 889 1003 964; x_wconf 86' lang='lat' dir='ltr'><strong>studium,</strong></span> <span class='ocrx_word' id='word_1_67' title='bbox 1055 888 1304 952; x_wconf 87' lang='lat' dir='ltr'><strong>alterius</strong></span> <span class='ocrx_word' id='word_1_68' title='bbox 1331 888 1570 949; x_wconf 88' lang='lat' dir='ltr'><strong>animus</strong></span> <span class='ocrx_word' id='word_1_69' title='bbox 1606 904 1799 962; x_wconf 86' lang='lat' dir='ltr'><strong>paene</strong></span> <span class='ocrx_word' id='word_1_70' title='bbox 1832 891 2142 964; x_wconf 85' lang='lat' dir='ltr'><strong>placatus,</strong></span> <span class='ocrx_word' id='word_1_71' title='bbox 2196 890 2283 951; x_wconf 88' lang='lat' dir='ltr'><strong>de</strong></span> 
     </span>
     <span class='ocr_line' id='line_1_10' title="bbox 220 970 2279 1050; baseline -0.001 -16"><span class='ocrx_word' id='word_1_72' title='bbox 220 974 605 1050; x_wconf 87' lang='lat' dir='ltr'><strong>praetoribus</strong></span> <span class='ocrx_word' id='word_1_73' title='bbox 629 991 787 1034; x_wconf 90' lang='lat' dir='ltr'><strong>unus</strong></span> <span class='ocrx_word' id='word_1_74' title='bbox 812 972 1045 1034; x_wconf 89' lang='lat' dir='ltr'><strong>alienus</strong></span> <span class='ocrx_word' id='word_1_75' title='bbox 1062 995 1079 1028; x_wconf 69' lang='grc' dir='ltr'><strong>ε</strong></span> <span class='ocrx_word' id='word_1_76' title='bbox 1109 980 1360 1034; x_wconf 88' lang='lat' dir='ltr'><strong>senatus</strong></span> <span class='ocrx_word' id='word_1_77' title='bbox 1382 970 1754 1032; x_wconf 85' lang='lat' dir='ltr'><strong>incredibilis</strong></span> <span class='ocrx_word' id='word_1_78' title='bbox 1777 973 2079 1046; x_wconf 86' lang='lat' dir='ltr'><strong>voluntas,</strong></span> <span class='ocrx_word' id='word_1_79' title='bbox 2107 975 2279 1048; x_wconf 87' lang='lat' dir='ltr'><strong>equi·</strong></span> 
     </span>
     <span class='ocr_line' id='line_1_11' title="bbox 222 1054 2280 1126; baseline -0.001 -8"><span class='ocrx_word' id='word_1_80' title='bbox 222 1066 347 1118; x_wconf 88' lang='lat' dir='ltr'><strong>tum</strong></span> <span class='ocrx_word' id='word_1_81' title='bbox 368 1061 779 1120; x_wconf 88' lang='lat' dir='ltr'><strong>Romanorum</strong></span> <span class='ocrx_word' id='word_1_82' title='bbox 801 1054 986 1117; x_wconf 86' lang='lat' dir='ltr'><strong>animi</strong></span> <span class='ocrx_word' id='word_1_83' title='bbox 1006 1056 1087 1116; x_wconf 86' lang='lat' dir='ltr'><strong>ad</strong></span> <span class='ocrx_word' id='word_1_84' title='bbox 1108 1071 1358 1116; x_wconf 89' lang='lat' dir='ltr'><strong>causam</strong></span> <span class='ocrx_word' id='word_1_85' title='bbox 1379 1054 1623 1116; x_wconf 88' lang='lat' dir='ltr'><strong>excitati</strong></span> <span class='ocrx_word' id='word_1_86' title='bbox 1637 1099 1654 1126; x_wconf 90' lang='lat'>,</span> <span class='ocrx_word' id='word_1_87' title='bbox 1688 1063 1891 1116; x_wconf 84' lang='lat' dir='ltr'><strong>erecta</strong></span> <span class='ocrx_word' id='word_1_88' title='bbox 1913 1054 2098 1117; x_wconf 86' lang='lat' dir='ltr'><strong>ltalia.</strong></span> <span class='ocrx_word' id='word_1_89' title='bbox 2139 1056 2280 1116; x_wconf 87' lang='lat' dir='ltr'><strong>Duo</strong></span> 
     </span>
     <span class='ocr_line' id='line_1_12' title="bbox 222 1137 2282 1216; baseline -0.001 -14"><span class='ocrx_word' id='word_1_90' title='bbox 222 1139 340 1202; x_wconf 90' lang='lat' dir='ltr'><strong>soli</strong></span> <span class='ocrx_word' id='word_1_91' title='bbox 368 1150 541 1203; x_wconf 87' lang='lat' dir='ltr'><strong>erant</strong></span> <span class='ocrx_word' id='word_1_92' title='bbox 579 1139 764 1216; x_wconf 82' lang='lat' dir='ltr'><strong>empti</strong></span> <span class='ocrx_word' id='word_1_93' title='bbox 804 1139 883 1200; x_wconf 87' lang='lat' dir='ltr'><strong>ad</strong></span> <span class='ocrx_word' id='word_1_94' title='bbox 923 1137 1414 1215; x_wconf 74' lang='lat' dir='ltr'><strong>impediendum=</strong></span> <span class='ocrx_word' id='word_1_95' title='bbox 1467 1137 1572 1214; x_wconf 89' lang='lat' dir='ltr'><strong>qui</strong></span> <span class='ocrx_word' id='word_1_96' title='bbox 1603 1137 1656 1197; x_wconf 93' lang='lat' dir='ltr'><strong>si</strong></span> <span class='ocrx_word' id='word_1_97' title='bbox 1688 1137 1968 1199; x_wconf 82' lang='lat' dir='ltr'><strong>homines</strong></span> <span class='ocrx_word' id='word_1_98' title='bbox 2001 1137 2282 1212; x_wconf 75' lang='lat' dir='ltr'><strong>despecti</strong></span> 
     </span>
     <span class='ocr_line' id='line_1_13' title="bbox 222 1219 2282 1300; baseline -0.002 -15"><span class='ocrx_word' id='word_1_99' title='bbox 222 1231 284 1285; x_wconf 87' lang='lat' dir='ltr'><strong>ct</strong></span> <span class='ocrx_word' id='word_1_100' title='bbox 302 1221 633 1300; x_wconf 81' lang='lat' dir='ltr'><strong>contempti</strong></span> <span class='ocrx_word' id='word_1_101' title='bbox 655 1231 879 1284; x_wconf 87' lang='lat' dir='ltr'><strong>tantam</strong></span> <span class='ocrx_word' id='word_1_102' title='bbox 899 1238 1027 1283; x_wconf 84' lang='lat' dir='ltr'><strong>rem</strong></span> <span class='ocrx_word' id='word_1_103' title='bbox 1051 1221 1357 1284; x_wconf 86' lang='lat' dir='ltr'><strong>sustinere</strong></span> <span class='ocrx_word' id='word_1_104' title='bbox 1385 1238 1506 1283; x_wconf 88' lang='lat' dir='ltr'><strong>non</strong></span> <span class='ocrx_word' id='word_1_105' title='bbox 1535 1219 1894 1298; x_wconf 88' lang='lat' dir='ltr'><strong>potuissent,</strong></span> <span class='ocrx_word' id='word_1_106' title='bbox 1933 1237 2006 1283; x_wconf 89' lang='lat' dir='ltr'><strong>se</strong></span> <span class='ocrx_word' id='word_1_107' title='bbox 2029 1236 2282 1282; x_wconf 88' lang='lat' dir='ltr'><strong>causam</strong></span> 
     </span>
     <span class='ocr_line' id='line_1_14' title="bbox 224 1302 2284 1382; baseline -0 -15"><span class='ocrx_word' id='word_1_108' title='bbox 224 1324 406 1380; x_wconf 86' lang='lat' dir='ltr'><strong>quam</strong></span> <span class='ocrx_word' id='word_1_109' title='bbox 446 1314 805 1382; x_wconf 83' lang='lat' dir='ltr'><strong>susceperat</strong></span> <span class='ocrx_word' id='word_1_110' title='bbox 844 1307 1009 1367; x_wconf 88' lang='lat' dir='ltr'><strong>nullo</strong></span> <span class='ocrx_word' id='word_1_111' title='bbox 1051 1305 1262 1367; x_wconf 84' lang='lat' dir='ltr'><strong>labore</strong></span> <span class='ocrx_word' id='word_1_112' title='bbox 1301 1311 1684 1381; x_wconf 85' lang='lat' dir='ltr'><strong>peracturum</strong></span> <span class='ocrx_word' id='word_1_113' title='bbox 1717 1302 1978 1365; x_wconf 78' lang='lat' dir='ltr'><strong>videbat.</strong></span> <span class='ocrx_word' id='word_1_114' title='bbox 2039 1305 2284 1380; x_wconf 82' lang='lat' dir='ltr'><strong>Agebat</strong></span> 
     </span>
     <span class='ocr_line' id='line_1_15' title="bbox 221 1387 2280 1463; baseline -0 -14"><span class='ocrx_word' id='word_1_115' title='bbox 221 1388 608 1462; x_wconf 88' lang='lat' dir='ltr'><strong>auctoritate,</strong></span> <span class='ocrx_word' id='word_1_116' title='bbox 657 1389 877 1463; x_wconf 88' lang='lat' dir='ltr'><strong>agebat</strong></span> <span class='ocrx_word' id='word_1_117' title='bbox 915 1387 1205 1462; x_wconf 88' lang='lat' dir='ltr'><strong>consilio,</strong></span> <span class='ocrx_word' id='word_1_118' title='bbox 1250 1389 1470 1462; x_wconf 88' lang='lat' dir='ltr'><strong>agebat</strong></span> <span class='ocrx_word' id='word_1_119' title='bbox 1499 1403 1612 1463; x_wconf 89' lang='lat' dir='ltr'><strong>per</strong></span> <span class='ocrx_word' id='word_1_120' title='bbox 1643 1402 1940 1449; x_wconf 87' lang='lat' dir='ltr'><strong>summum</strong></span> <span class='ocrx_word' id='word_1_121' title='bbox 1985 1387 2280 1462; x_wconf 75' lang='lat' dir='ltr'><strong>ordinem,</strong></span> 
     </span>
     <span class='ocr_line' id='line_1_16' title="bbox 222 1469 2280 1546; baseline 0 -15"><span class='ocrx_word' id='word_1_122' title='bbox 222 1474 443 1546; x_wconf 86' lang='lat' dir='ltr'><strong>agebat</strong></span> <span class='ocrx_word' id='word_1_123' title='bbox 471 1471 753 1544; x_wconf 87' lang='lat' dir='ltr'><strong>exemplo</strong></span> <span class='ocrx_word' id='word_1_124' title='bbox 776 1471 1077 1532; x_wconf 90' lang='lat' dir='ltr'><strong>bonorum</strong></span> <span class='ocrx_word' id='word_1_125' title='bbox 1106 1479 1167 1532; x_wconf 87' lang='lat' dir='ltr'><strong>et</strong></span> <span class='ocrx_word' id='word_1_126' title='bbox 1195 1472 1436 1532; x_wconf 76' lang='lat' dir='ltr'><strong>fortium</strong></span> <span class='ocrx_word' id='word_1_127' title='bbox 1467 1469 1718 1532; x_wconf 85' lang='lat' dir='ltr'><strong>civium=</strong></span> <span class='ocrx_word' id='word_1_128' title='bbox 1749 1470 1898 1546; x_wconf 89' lang='lat' dir='ltr'><strong>quid</strong></span> <span class='ocrx_word' id='word_1_129' title='bbox 1924 1487 1992 1532; x_wconf 88' lang='lat' dir='ltr'><strong>re</strong></span> <span class='ocrx_word' id='word_1_130' title='bbox 2012 1470 2280 1546; x_wconf 87' lang='lat' dir='ltr'><strong>publica,</strong></span> 
     </span>
     <span class='ocr_line' id='line_1_17' title="bbox 225 1551 2282 1631; baseline 0.001 -18"><span class='ocrx_word' id='word_1_131' title='bbox 225 1552 374 1629; x_wconf 87' lang='lat' dir='ltr'><strong>quid</strong></span> <span class='ocrx_word' id='word_1_132' title='bbox 400 1570 473 1614; x_wconf 92' lang='lat' dir='ltr'><strong>se</strong></span> <span class='ocrx_word' id='word_1_133' title='bbox 502 1551 753 1629; x_wconf 85' lang='lat' dir='ltr'><strong>dignum</strong></span> <span class='ocrx_word' id='word_1_134' title='bbox 793 1562 990 1626; x_wconf 90' lang='lat' dir='ltr'><strong>esset,</strong></span> <span class='ocrx_word' id='word_1_135' title='bbox 1035 1552 1175 1628; x_wconf 87' lang='lat' dir='ltr'><strong>quis</strong></span> <span class='ocrx_word' id='word_1_136' title='bbox 1202 1553 1341 1631; x_wconf 87' lang='lat' dir='ltr'><strong>ipse</strong></span> <span class='ocrx_word' id='word_1_137' title='bbox 1371 1561 1567 1628; x_wconf 86' lang='lat' dir='ltr'><strong>esset,</strong></span> <span class='ocrx_word' id='word_1_138' title='bbox 1611 1552 1760 1628; x_wconf 91' lang='lat' dir='ltr'><strong>quid</strong></span> <span class='ocrx_word' id='word_1_139' title='bbox 1803 1569 2087 1630; x_wconf 86' lang='lat' dir='ltr'><strong>sperare,</strong></span> <span class='ocrx_word' id='word_1_140' title='bbox 2129 1552 2282 1630; x_wconf 82' lang='lat' dir='ltr'><strong>qu‘id</strong></span> 
     </span>
     <span class='ocr_line' id='line_1_18' title="bbox 222 1635 2116 1712; baseline -0.002 -14"><span class='ocrx_word' id='word_1_141' title='bbox 222 1635 551 1699; x_wconf 87' lang='lat' dir='ltr'><strong>maioribus</strong></span> <span class='ocrx_word' id='word_1_142' title='bbox 580 1635 710 1698; x_wconf 87' lang='lat' dir='ltr'><strong>suis</strong></span> <span class='ocrx_word' id='word_1_143' title='bbox 738 1637 996 1698; x_wconf 86' lang='lat' dir='ltr'><strong>reddere</strong></span> <span class='ocrx_word' id='word_1_144' title='bbox 1025 1637 1277 1698; x_wconf 86' lang='lat' dir='ltr'><strong>deberet</strong></span> <span class='ocrx_word' id='word_1_145' title='bbox 1305 1635 1766 1712; x_wconf 81' lang='lat' dir='ltr'><strong>diligentissime</strong></span> <span class='ocrx_word' id='word_1_146' title='bbox 1797 1637 2116 1710; x_wconf 76' lang='lat' dir='ltr'><strong>cogitabat.</strong></span> 
     </span>
     <span class='ocr_line' id='line_1_19' title="bbox 386 1716 2282 1796; baseline -0.002 -13"><span class='ocrx_word' id='word_1_147' title='bbox 386 1721 533 1783; x_wconf 89' lang='lat' dir='ltr'><strong>XLI.</strong></span> <span class='ocrx_word' id='word_1_148' title='bbox 576 1716 678 1783; x_wconf 82' lang='lat'><strong>88.</strong></span> <span class='ocrx_word' id='word_1_149' title='bbox 734 1719 891 1782; x_wconf 90' lang='lat' dir='ltr'><strong>Huic</strong></span> <span class='ocrx_word' id='word_1_150' title='bbox 928 1719 1205 1796; x_wconf 86' lang='lat' dir='ltr'><strong>gravitati</strong></span> <span class='ocrx_word' id='word_1_151' title='bbox 1246 1718 1510 1781; x_wconf 85' lang='lat' dir='ltr'><strong>hominis</strong></span> <span class='ocrx_word' id='word_1_152' title='bbox 1550 1719 1798 1780; x_wconf 83' lang='lat' dir='ltr'><strong>videbat</strong></span> <span class='ocrx_word' id='word_1_153' title='bbox 1833 1719 1934 1780; x_wconf 92' lang='lat' dir='ltr'><strong>ille</strong></span> <span class='ocrx_word' id='word_1_154' title='bbox 1979 1718 2282 1796; x_wconf 81' lang='lat' dir='ltr'><strong>gladiator</strong></span> 
     </span>
     <span class='ocr_line' id='line_1_20' title="bbox 222 1802 2280 1881; baseline 0 -17"><span class='ocrx_word' id='word_1_155' title='bbox 222 1821 322 1878; x_wconf 90' lang='lat' dir='ltr'><strong>se,</strong></span> <span class='ocrx_word' id='word_1_156' title='bbox 356 1803 410 1866; x_wconf 90' lang='lat' dir='ltr'><strong>si</strong></span> <span class='ocrx_word' id='word_1_157' title='bbox 437 1804 709 1866; x_wconf 88' lang='lat' dir='ltr'><strong>moribus</strong></span> <span class='ocrx_word' id='word_1_158' title='bbox 738 1813 973 1880; x_wconf 88' lang='lat' dir='ltr'><strong>ageret,</strong></span> <span class='ocrx_word' id='word_1_159' title='bbox 1006 1819 1214 1881; x_wconf 82' lang='lat' dir='ltr'><strong>parem</strong></span> <span class='ocrx_word' id='word_1_160' title='bbox 1237 1819 1380 1866; x_wconf 88' lang='lat' dir='ltr'><strong>esse</strong></span> <span class='ocrx_word' id='word_1_161' title='bbox 1409 1821 1530 1864; x_wconf 89' lang='lat' dir='ltr'><strong>non</strong></span> <span class='ocrx_word' id='word_1_162' title='bbox 1553 1802 1882 1880; x_wconf 71' lang='lat' dir='ltr'><strong>possettad</strong></span> <span class='ocrx_word' id='word_1_163' title='bbox 1912 1805 2166 1877; x_wconf 77' lang='lat' dir='ltr'><strong>ferrum,</strong></span> <span class='ocrx_word' id='word_1_164' title='bbox 2199 1806 2280 1866; x_wconf 88' lang='lat' dir='ltr'><strong>ad</strong></span> 
     </span>
     <span class='ocr_line' id='line_1_21' title="bbox 222 1885 2280 1965; baseline 0 -18"><span class='ocrx_word' id='word_1_165' title='bbox 222 1889 445 1965; x_wconf 78' lang='lat' dir='ltr'><strong>faces,]</strong></span> <span class='ocrx_word' id='word_1_166' title='bbox 464 1889 542 1949; x_wconf 91' lang='lat' dir='ltr'><strong>ad</strong></span> <span class='ocrx_word' id='word_1_167' title='bbox 572 1887 934 1949; x_wconf 87' lang='lat' dir='ltr'><strong>cotidianam</strong></span> <span class='ocrx_word' id='word_1_168' title='bbox 963 1888 1243 1960; x_wconf 86' lang='lat' dir='ltr'><strong>caedem,</strong></span> <span class='ocrx_word' id='word_1_169' title='bbox 1281 1887 1589 1960; x_wconf 88' lang='lat' dir='ltr'><strong>incendia,</strong></span> <span class='ocrx_word' id='word_1_170' title='bbox 1627 1885 1878 1963; x_wconf 84' lang='lat' dir='ltr'><strong>rapinas</strong></span> <span class='ocrx_word' id='word_1_171' title='bbox 1903 1902 1976 1948; x_wconf 76' lang='lat' dir='ltr'><strong>ee</strong></span> <span class='ocrx_word' id='word_1_172' title='bbox 2003 1903 2144 1948; x_wconf 85' lang='lat' dir='ltr'><strong>cum</strong></span> <span class='ocrx_word' id='word_1_173' title='bbox 2171 1903 2280 1947; x_wconf 81' lang='lat' dir='ltr'><strong>ex·</strong></span> 
     </span>
     <span class='ocr_line' id='line_1_22' title="bbox 221 1969 2278 2047; baseline 0.001 -19"><span class='ocrx_word' id='word_1_174' title='bbox 221 1970 412 2032; x_wconf 84' lang='lat' dir='ltr'><strong>ercitu</strong></span> <span class='ocrx_word' id='word_1_175' title='bbox 442 1987 559 2032; x_wconf 91' lang='lat' dir='ltr'><strong>suo</strong></span> <span class='ocrx_word' id='word_1_176' title='bbox 584 1971 864 2034; x_wconf 70' lang='lat' dir='ltr'><strong>eontulitae</strong></span> <span class='ocrx_word' id='word_1_177' title='bbox 900 1972 1144 2032; x_wconf 85' lang='lat' dir='ltr'><strong>domum</strong></span> <span class='ocrx_word' id='word_1_178' title='bbox 1174 1987 1559 2047; x_wconf 79' lang='lat' dir='ltr'><strong>oppugnare,</strong></span> <span class='ocrx_word' id='word_1_179' title='bbox 1591 1969 1905 2031; x_wconf 78' lang='lat' dir='ltr'><strong>itineribus</strong></span> <span class='ocrx_word' id='word_1_180' title='bbox 1934 1985 2278 2044; x_wconf 82' lang='lat' dir='ltr'><strong>occurrere,</strong></span> 
     </span>
     <span class='ocr_line' id='line_1_23' title="bbox 219 2051 2280 2128; baseline 0.001 -17"><span class='ocrx_word' id='word_1_181' title='bbox 219 2051 283 2112; x_wconf 84' lang='lat' dir='ltr'><strong>vi</strong></span> <span class='ocrx_word' id='word_1_182' title='bbox 320 2055 631 2114; x_wconf 84' lang='lat' dir='ltr'><strong>lacessere</strong></span> <span class='ocrx_word' id='word_1_183' title='bbox 662 2063 724 2114; x_wconf 92' lang='lat' dir='ltr'><strong>et</strong></span> <span class='ocrx_word' id='word_1_184' title='bbox 754 2061 983 2114; x_wconf 85' lang='lat' dir='ltr'><strong>terrere</strong></span> <span class='ocrx_word' id='word_1_185' title='bbox 1022 2055 1244 2128; x_wconf 86' lang='lat' dir='ltr'><strong>coepit.</strong></span> <span class='ocrx_word' id='word_1_186' title='bbox 1325 2055 1460 2114; x_wconf 82' lang='lat' dir='ltr'><strong>Non</strong></span> <span class='ocrx_word' id='word_1_187' title='bbox 1493 2052 1683 2114; x_wconf 89' lang='lat' dir='ltr'><strong>movit</strong></span> <span class='ocrx_word' id='word_1_188' title='bbox 1707 2053 2013 2114; x_wconf 84' lang='lat' dir='ltr'><strong>hominem</strong></span> <span class='ocrx_word' id='word_1_189' title='bbox 2043 2069 2280 2114; x_wconf 77' lang='lat' dir='ltr'><strong>summa</strong></span> 
     </span>
     <span class='ocr_line' id='line_1_24' title="bbox 222 2134 2276 2212; baseline 0.001 -18"><span class='ocrx_word' id='word_1_190' title='bbox 222 2134 515 2208; x_wconf 83' lang='lat' dir='ltr'><strong>gravitate</strong></span> <span class='ocrx_word' id='word_1_191' title='bbox 544 2151 903 2210; x_wconf 87' lang='lat' dir='ltr'><strong>summaque</strong></span> <span class='ocrx_word' id='word_1_192' title='bbox 932 2137 1300 2210; x_wconf 87' lang='lat' dir='ltr'><strong>constantia,</strong></span> <span class='ocrx_word' id='word_1_193' title='bbox 1333 2138 1448 2198; x_wconf 84' lang='lat' dir='ltr'><strong>sed</strong></span> <span class='ocrx_word' id='word_1_194' title='bbox 1481 2153 1847 2212; x_wconf 88' lang='lat' dir='ltr'><strong>quamquam</strong></span> <span class='ocrx_word' id='word_1_195' title='bbox 1866 2137 2046 2198; x_wconf 89' lang='lat' dir='ltr'><strong>dolor</strong></span> <span class='ocrx_word' id='word_1_196' title='bbox 2071 2135 2276 2208; x_wconf 84' lang='lat' dir='ltr'><strong>animi,</strong></span> 
     </span>
     <span class='ocr_line' id='line_1_25' title="bbox 220 2217 2276 2296; baseline 0.002 -20"><span class='ocrx_word' id='word_1_197' title='bbox 220 2217 423 2279; x_wconf 83' lang='lat' dir='ltr'><strong>innata</strong></span> <span class='ocrx_word' id='word_1_198' title='bbox 453 2217 730 2289; x_wconf 86' lang='lat' dir='ltr'><strong>libertas,</strong></span> <span class='ocrx_word' id='word_1_199' title='bbox 777 2226 1055 2294; x_wconf 87' lang='lat' dir='ltr'><strong>prompta</strong></span> <span class='ocrx_word' id='word_1_200' title='bbox 1082 2221 1517 2296; x_wconf 85' lang='lat' dir='ltr'><strong>excellensque</strong></span> <span class='ocrx_word' id='word_1_201' title='bbox 1548 2221 1738 2280; x_wconf 84' lang='lat' dir='ltr'><strong>virtus</strong></span> <span class='ocrx_word' id='word_1_202' title='bbox 1767 2218 2160 2281; x_wconf 80' lang='lat' dir='ltr'><strong>fortissimum</strong></span> <span class='ocrx_word' id='word_1_203' title='bbox 2186 2218 2276 2280; x_wconf 78' lang='lat' dir='ltr'><strong>vi·</strong></span> 
     </span>
     <span class='ocr_line' id='line_1_26' title="bbox 220 2301 2280 2379; baseline 0.001 -20"><span class='ocrx_word' id='word_1_204' title='bbox 220 2316 353 2359; x_wconf 88' lang='lat' dir='ltr'><strong>rum</strong></span> <span class='ocrx_word' id='word_1_205' title='bbox 399 2301 780 2372; x_wconf 83' lang='lat' dir='ltr'><strong>hortabatur,</strong></span> <span class='ocrx_word' id='word_1_206' title='bbox 832 2301 894 2361; x_wconf 90' lang='lat' dir='ltr'><strong>vi</strong></span> <span class='ocrx_word' id='word_1_207' title='bbox 942 2302 1059 2361; x_wconf 88' lang='lat' dir='ltr'><strong>vim</strong></span> <span class='ocrx_word' id='word_1_208' title='bbox 1112 2303 1404 2374; x_wconf 88' lang='lat' dir='ltr'><strong>oblatam,</strong></span> <span class='ocrx_word' id='word_1_209' title='bbox 1463 2301 1821 2377; x_wconf 85' lang='lat' dir='ltr'><strong>praesertim</strong></span> <span class='ocrx_word' id='word_1_210' title='bbox 1875 2302 2157 2379; x_wconf 86' lang='lat' dir='ltr'><strong>saepius,</strong></span> <span class='ocrx_word' id='word_1_211' title='bbox 2211 2309 2280 2364; x_wconf 86' lang='lat' dir='ltr'><strong>ut</strong></span> 
     </span>
     <span class='ocr_line' id='line_1_27' title="bbox 222 2383 2277 2458; baseline 0.001 -17"><span class='ocrx_word' id='word_1_212' title='bbox 222 2384 525 2456; x_wconf 77' lang='lat' dir='ltr'><strong>frangeret</strong></span> <span class='ocrx_word' id='word_1_213' title='bbox 557 2392 619 2445; x_wconf 87' lang='lat' dir='ltr'><strong>et</strong></span> <span class='ocrx_word' id='word_1_214' title='bbox 644 2384 961 2457; x_wconf 72' lang='lat' dir='ltr'><strong>refutaret,</strong></span> <span class='ocrx_word' id='word_1_215' title='bbox 1004 2393 1169 2446; x_wconf 87' lang='lat' dir='ltr'><strong>tanta</strong></span> <span class='ocrx_word' id='word_1_216' title='bbox 1199 2385 1533 2446; x_wconf 84' lang='lat' dir='ltr'><strong>moderatio</strong></span> <span class='ocrx_word' id='word_1_217' title='bbox 1564 2386 1676 2446; x_wconf 81' lang='lat' dir='ltr'><strong>fuit</strong></span> <span class='ocrx_word' id='word_1_218' title='bbox 1707 2383 1998 2458; x_wconf 85' lang='lat' dir='ltr'><strong>hominis,</strong></span> <span class='ocrx_word' id='word_1_219' title='bbox 2047 2391 2277 2447; x_wconf 87' lang='lat' dir='ltr'><strong>tantum</strong></span> 
     </span>
     <span class='ocr_line' id='line_1_28' title="bbox 222 2465 2276 2544; baseline 0.001 -18"><span class='ocrx_word' id='word_1_220' title='bbox 222 2465 572 2539; x_wconf 89' lang='lat' dir='ltr'><strong>eonsilium,</strong></span> <span class='ocrx_word' id='word_1_221' title='bbox 624 2472 691 2527; x_wconf 89' lang='lat' dir='ltr'><strong>ut</strong></span> <span class='ocrx_word' id='word_1_222' title='bbox 727 2465 1065 2527; x_wconf 86' lang='lat' dir='ltr'><strong>contineret</strong></span> <span class='ocrx_word' id='word_1_223' title='bbox 1092 2469 1367 2529; x_wconf 88' lang='lat' dir='ltr'><strong>dolorem</strong></span> <span class='ocrx_word' id='word_1_224' title='bbox 1407 2484 1611 2544; x_wconf 88' lang='lat' dir='ltr'><strong>neque</strong></span> <span class='ocrx_word' id='word_1_225' title='bbox 1653 2470 1868 2528; x_wconf 88' lang='lat' dir='ltr'><strong>eadem</strong></span> <span class='ocrx_word' id='word_1_226' title='bbox 1908 2485 1982 2529; x_wconf 84' lang='lat' dir='ltr'><strong>se</strong></span> <span class='ocrx_word' id='word_1_227' title='bbox 2019 2482 2091 2529; x_wconf 83' lang='lat' dir='ltr'><strong>re</strong></span> <span class='ocrx_word' id='word_1_228' title='bbox 2125 2466 2276 2529; x_wconf 88' lang='lat' dir='ltr'><strong>ulci-</strong></span> 
     </span>
     <span class='ocr_line' id='line_1_29' title="bbox 220 2548 2278 2625; baseline 0.001 -16"><span class='ocrx_word' id='word_1_229' title='bbox 220 2556 495 2609; x_wconf 84' lang='lat' dir='ltr'><strong>sceretur</strong></span> <span class='ocrx_word' id='word_1_230' title='bbox 525 2565 648 2625; x_wconf 89' lang='lat' dir='ltr'><strong>qua</strong></span> <span class='ocrx_word' id='word_1_231' title='bbox 681 2557 850 2610; x_wconf 83' lang='lat' dir='ltr'><strong>esset</strong></span> <span class='ocrx_word' id='word_1_232' title='bbox 880 2551 1233 2623; x_wconf 75' lang='lat' dir='ltr'><strong>lacessitae,</strong></span> <span class='ocrx_word' id='word_1_233' title='bbox 1265 2552 1376 2612; x_wconf 88' lang='lat' dir='ltr'><strong>sed</strong></span> <span class='ocrx_word' id='word_1_234' title='bbox 1403 2550 1568 2612; x_wconf 78' lang='lat' dir='ltr'><strong>illum</strong></span> <span class='ocrx_word' id='word_1_235' title='bbox 1597 2559 1686 2613; x_wconf 88' lang='lat' dir='ltr'><strong>tot</strong></span> <span class='ocrx_word' id='word_1_236' title='bbox 1717 2551 1838 2611; x_wconf 87' lang='lat' dir='ltr'><strong>iam</strong></span> <span class='ocrx_word' id='word_1_237' title='bbox 1867 2548 1930 2612; x_wconf 85' lang='lat' dir='ltr'><strong>in</strong></span> <span class='ocrx_word' id='word_1_238' title='bbox 1959 2549 2278 2612; x_wconf 77' lang='lat' dir='ltr'><strong>funeribus</strong></span> 
     </span>
     <span class='ocr_line' id='line_1_30' title="bbox 218 2631 2278 2711; baseline 0.001 -20"><span class='ocrx_word' id='word_1_239' title='bbox 218 2631 307 2691; x_wconf 87' lang='lat' dir='ltr'><strong>rei</strong></span> <span class='ocrx_word' id='word_1_240' title='bbox 338 2631 619 2706; x_wconf 87' lang='lat' dir='ltr'><strong>publicae</strong></span> <span class='ocrx_word' id='word_1_241' title='bbox 657 2633 1060 2694; x_wconf 83' lang='lat' dir='ltr'><strong>exsultantem</strong></span> <span class='ocrx_word' id='word_1_242' title='bbox 1092 2648 1165 2693; x_wconf 86' lang='lat' dir='ltr'><strong>ac</strong></span> <span class='ocrx_word' id='word_1_243' title='bbox 1202 2633 1630 2709; x_wconf 84' lang='lat' dir='ltr'><strong>tripudiantem</strong></span> <span class='ocrx_word' id='word_1_244' title='bbox 1660 2635 1889 2709; x_wconf 83' lang='lat' dir='ltr'><strong>legum,</strong></span> <span class='ocrx_word' id='word_1_245' title='bbox 1945 2635 1998 2695; x_wconf 86' lang='lat' dir='ltr'><strong>si</strong></span> <span class='ocrx_word' id='word_1_246' title='bbox 2042 2643 2278 2711; x_wconf 86' lang='lat' dir='ltr'><strong>posset,</strong></span> 
     </span>
     <span class='ocr_line' id='line_1_31' title="bbox 221 2713 2282 2792; baseline 0.002 -20"><span class='ocrx_word' id='word_1_247' title='bbox 221 2713 455 2789; x_wconf 90' lang='lat' dir='ltr'><strong>laqueis</strong></span> <span class='ocrx_word' id='word_1_248' title='bbox 488 2714 943 2792; x_wconf 86' lang='lat' dir='ltr'><strong>constringeret.</strong></span> <span class='ocrx_word' id='word_1_249' title='bbox 1011 2715 1113 2779; x_wconf 85' lang='grc'><strong>89.</strong></span> <span class='ocrx_word' id='word_1_250' title='bbox 1158 2716 1492 2778; x_wconf 86' lang='lat' dir='ltr'><strong>Descendit</strong></span> <span class='ocrx_word' id='word_1_251' title='bbox 1521 2718 1598 2777; x_wconf 87' lang='lat' dir='ltr'><strong>ad</strong></span> <span class='ocrx_word' id='word_1_252' title='bbox 1633 2718 2065 2782; x_wconf 88' lang='lat' dir='ltr'><strong>accusandum.</strong></span> <span class='ocrx_word' id='word_1_253' title='bbox 2127 2716 2282 2791; x_wconf 78' lang='lat' dir='ltr'><strong>Quis</strong></span> 
     </span>
     <span class='ocr_line' id='line_1_32' title="bbox 220 2797 2278 2876; baseline 0.002 -20"><span class='ocrx_word' id='word_1_254' title='bbox 220 2812 507 2871; x_wconf 87' lang='lat' dir='ltr'><strong>umquam</strong></span> <span class='ocrx_word' id='word_1_255' title='bbox 548 2809 665 2861; x_wconf 89' lang='lat' dir='ltr'><strong>tam</strong></span> <span class='ocrx_word' id='word_1_256' title='bbox 697 2799 942 2875; x_wconf 87' lang='lat' dir='ltr'><strong>proprie</strong></span> <span class='ocrx_word' id='word_1_257' title='bbox 984 2799 1074 2861; x_wconf 90' lang='lat' dir='ltr'><strong>rei</strong></span> <span class='ocrx_word' id='word_1_258' title='bbox 1115 2799 1400 2876; x_wconf 89' lang='lat' dir='ltr'><strong>publicae</strong></span> <span class='ocrx_word' id='word_1_259' title='bbox 1440 2807 1670 2861; x_wconf 64' lang='lat' dir='ltr'><strong>eausa?</strong></span> <span class='ocrx_word' id='word_1_260' title='bbox 1709 2799 1895 2861; x_wconf 80' lang='lat' dir='ltr'><strong>nullis</strong></span> <span class='ocrx_word' id='word_1_261' title='bbox 1929 2797 2278 2872; x_wconf 83' lang='lat' dir='ltr'><strong>inimicitiis,</strong></span> 
     </span>
     <span class='ocr_line' id='line_1_33' title="bbox 225 2878 2324 2956; baseline 0.001 -18"><span class='ocrx_word' id='word_1_262' title='bbox 225 2879 405 2939; x_wconf 87' lang='lat' dir='ltr'><strong>nullis</strong></span> <span class='ocrx_word' id='word_1_263' title='bbox 426 2878 734 2955; x_wconf 87' lang='lat' dir='ltr'><strong>praemiis,</strong></span> <span class='ocrx_word' id='word_1_264' title='bbox 754 2883 919 2942; x_wconf 84' lang='lat' dir='ltr'><strong>nulla</strong></span> <span class='ocrx_word' id='word_1_265' title='bbox 941 2880 1250 2942; x_wconf 89' lang='lat' dir='ltr'><strong>hominum</strong></span> <span class='ocrx_word' id='word_1_266' title='bbox 1266 2879 1680 2956; x_wconf 85' lang='lat' dir='ltr'><strong>postulatione</strong></span> <span class='ocrx_word' id='word_1_267' title='bbox 1701 2887 1808 2942; x_wconf 88' lang='lat' dir='ltr'><strong>aut</strong></span> <span class='ocrx_word' id='word_1_268' title='bbox 1829 2879 2009 2940; x_wconf 85' lang='lat' dir='ltr'><strong>etiam</strong></span> <span class='ocrx_word' id='word_1_269' title='bbox 2033 2879 2274 2955; x_wconf 78' lang='lat' dir='ltr'><strong>opinio-</strong></span> <span class='ocrx_word' id='word_1_270' title='bbox 2313 2918 2324 2926; x_wconf 95' lang='lat'><em>-</em></span> 
     </span>
     <span class='ocr_line' id='line_1_34' title="bbox 222 2961 2274 3038; baseline 0.002 -16"><span class='ocrx_word' id='word_1_271' title='bbox 222 2977 303 3022; x_wconf 89' lang='lat' dir='ltr'><strong>ne</strong></span> <span class='ocrx_word' id='word_1_272' title='bbox 323 2961 384 3022; x_wconf 92' lang='lat' dir='ltr'><strong>id</strong></span> <span class='ocrx_word' id='word_1_273' title='bbox 404 2979 542 3023; x_wconf 89' lang='lat' dir='ltr'><strong>eum</strong></span> <span class='ocrx_word' id='word_1_274' title='bbox 565 2979 850 3038; x_wconf 88' lang='lat' dir='ltr'><strong>umquam</strong></span> <span class='ocrx_word' id='word_1_275' title='bbox 875 2979 1019 3025; x_wconf 81' lang='lat' dir='ltr'><strong>esse</strong></span> <span class='ocrx_word' id='word_1_276' title='bbox 1038 2965 1357 3025; x_wconf 75' lang='lat' dir='ltr'><strong>facturum.</strong></span> <span class='ocrx_word' id='word_1_277' title='bbox 1419 2962 1618 3023; x_wconf 84' lang='lat' dir='ltr'><strong>Fracti</strong></span> <span class='ocrx_word' id='word_1_278' title='bbox 1653 2969 1828 3024; x_wconf 79' lang='lat' dir='ltr'><strong>crant</strong></span> <span class='ocrx_word' id='word_1_279' title='bbox 1861 2962 2046 3024; x_wconf 76' lang='lat' dir='ltr'><strong>animi</strong></span> <span class='ocrx_word' id='word_1_280' title='bbox 2078 2961 2274 3026; x_wconf 70' lang='lat' dir='ltr'><strong>homi-</strong></span> 
     </span>
     <span class='ocr_line' id='line_1_35' title="bbox 222 3043 2273 3121; baseline -0 -15"><span class='ocrx_word' id='word_1_281' title='bbox 222 3045 353 3109; x_wconf 69' lang='lat' dir='ltr'><strong>nist</strong></span> <span class='ocrx_word' id='word_1_282' title='bbox 373 3045 493 3105; x_wconf 92' lang='lat' dir='ltr'><strong>hoc</strong></span> <span class='ocrx_word' id='word_1_283' title='bbox 518 3045 673 3106; x_wconf 90' lang='lat' dir='ltr'><strong>enim</strong></span> <span class='ocrx_word' id='word_1_284' title='bbox 689 3053 1021 3108; x_wconf 84' lang='lat' dir='ltr'><strong>accusante</strong></span> <span class='ocrx_word' id='word_1_285' title='bbox 1040 3045 1277 3121; x_wconf 89' lang='lat' dir='ltr'><strong>pristini</strong></span> <span class='ocrx_word' id='word_1_286' title='bbox 1301 3045 1464 3105; x_wconf 86' lang='lat' dir='ltr'><strong>illius</strong></span> <span class='ocrx_word' id='word_1_287' title='bbox 1485 3045 1584 3106; x_wconf 87' lang='lat' dir='ltr'><strong>sui</strong></span> <span class='ocrx_word' id='word_1_288' title='bbox 1603 3043 1812 3107; x_wconf 84' lang='lat' dir='ltr'><strong>iudicii</strong></span> <span class='ocrx_word' id='word_1_289' title='bbox 1829 3045 2273 3120; x_wconf 73' lang='lat' dir='ltr'><strong>turpitudinem</strong></span> 
     </span>
     <span class='ocr_line' id='line_1_36' title="bbox 217 3125 2280 3203; baseline 0.002 -18"><span class='ocrx_word' id='word_1_290' title='bbox 217 3125 605 3202; x_wconf 86' lang='lat' dir='ltr'><strong>desperabat.</strong></span> <span class='ocrx_word' id='word_1_291' title='bbox 662 3126 826 3188; x_wconf 81' lang='lat' dir='ltr'><strong>Ecce</strong></span> <span class='ocrx_word' id='word_1_292' title='bbox 851 3125 959 3190; x_wconf 85' lang='lat' dir='ltr'><strong>tibi</strong></span> <span class='ocrx_word' id='word_1_293' title='bbox 989 3127 1238 3198; x_wconf 87' lang='lat' dir='ltr'><strong>consul,</strong></span> <span class='ocrx_word' id='word_1_294' title='bbox 1277 3133 1550 3203; x_wconf 80' lang='lat' dir='ltr'><strong>praetor,</strong></span> <span class='ocrx_word' id='word_1_295' title='bbox 1577 3126 1854 3188; x_wconf 79' lang='lat' dir='ltr'><strong>tribu-nas</strong></span> <span class='ocrx_word' id='word_1_296' title='bbox 1884 3126 2085 3203; x_wconf 81' lang='lat' dir='ltr'><strong>plebis</strong></span> <span class='ocrx_word' id='word_1_297' title='bbox 2111 3141 2280 3189; x_wconf 78' lang='lat' dir='ltr'><strong>nova</strong></span> 
     </span>
     <span class='ocr_line' id='line_1_37' title="bbox 218 3207 2278 3284; baseline 0.001 -17"><span class='ocrx_word' id='word_1_298' title='bbox 218 3207 362 3269; x_wconf 83' lang='lat' dir='ltr'><strong>novi</strong></span> <span class='ocrx_word' id='word_1_299' title='bbox 402 3207 647 3284; x_wconf 85' lang='lat' dir='ltr'><strong>generis</strong></span> <span class='ocrx_word' id='word_1_300' title='bbox 687 3209 884 3272; x_wconf 89' lang='lat' dir='ltr'><strong>edicta</strong></span> <span class='ocrx_word' id='word_1_301' title='bbox 926 3215 1304 3283; x_wconf 76' lang='lat' dir='ltr'><strong>proponuntt</strong></span> <span class='ocrx_word' id='word_1_302' title='bbox 1355 3209 1444 3271; x_wconf 76' lang='lat' dir='ltr'><strong>Nn</strong></span> <span class='ocrx_word' id='word_1_303' title='bbox 1474 3225 1626 3270; x_wconf 67' lang='lat' dir='ltr'><strong>atus</strong></span> <span class='ocrx_word' id='word_1_304' title='bbox 1652 3226 1858 3284; x_wconf 66' lang='lat' dir='ltr'><strong>Ansrr,</strong></span> <span class='ocrx_word' id='word_1_305' title='bbox 1901 3225 1980 3271; x_wconf 72' lang='lat' dir='ltr'><strong>nt</strong></span> <span class='ocrx_word' id='word_1_306' title='bbox 2011 3223 2278 3280; x_wconf 67' lang='lat' dir='ltr'><strong>cnut-ua,</strong></span> 
     </span>
     <span class='ocr_line' id='line_1_38' title="bbox 217 3302 2283 3362; baseline 0.002 -14"><span class='ocrx_word' id='word_1_307' title='bbox 217 3302 293 3348; x_wconf 73' lang='grc' dir='ltr'><strong>ιιι</strong></span> <span class='ocrx_word' id='word_1_308' title='bbox 340 3307 696 3358; x_wconf 69' lang='grc' dir='ltr'><strong>ουΑΕιιΑτυιι</strong></span> <span class='ocrx_word' id='word_1_309' title='bbox 710 3335 725 3362; x_wconf 91' lang='grc'><strong><em>,</em></strong></span> <span class='ocrx_word' id='word_1_310' title='bbox 779 3305 856 3349; x_wconf 74' lang='lat' dir='ltr'><strong>zm</strong></span> <span class='ocrx_word' id='word_1_311' title='bbox 902 3305 1251 3352; x_wconf 66' lang='lat' dir='ltr'><strong>mucan!</strong></span> <span class='ocrx_word' id='word_1_312' title='bbox 1289 3306 1516 3353; x_wconf 70' lang='lat' dir='ltr'><strong>omo</strong></span> <span class='ocrx_word' id='word_1_313' title='bbox 1559 3307 1824 3362; x_wconf 64' lang='lat' dir='ltr'><strong>curcum</strong></span> <span class='ocrx_word' id='word_1_314' title='bbox 1871 3305 2118 3354; x_wconf 64' lang='lat' dir='ltr'><strong>nmen!</strong></span> <span class='ocrx_word' id='word_1_315' title='bbox 2155 3305 2283 3353; x_wconf 55' lang='lat' dir='ltr'><strong>aar</strong></span> 
     </span>
     <span class='ocr_line' id='line_1_39' title="bbox 219 3371 2278 3450; baseline 0.004 -24"><span class='ocrx_word' id='word_1_316' title='bbox 219 3383 570 3432; x_wconf 74' lang='lat' dir='ltr'><strong>marmorum</strong></span> <span class='ocrx_word' id='word_1_317' title='bbox 626 3387 857 3431; x_wconf 69' lang='lat' dir='ltr'><strong>ncta:</strong></span> <span class='ocrx_word' id='word_1_318' title='bbox 912 3386 1141 3432; x_wconf 62' lang='lat' dir='ltr'><strong>ncta-r.</strong></span> <span class='ocrx_word' id='word_1_319' title='bbox 1227 3371 1384 3448; x_wconf 80' lang='lat' dir='ltr'><strong>Quid</strong></span> <span class='ocrx_word' id='word_1_320' title='bbox 1438 3382 1646 3450; x_wconf 78' lang='lat' dir='ltr'><strong>ageret</strong></span> <span class='ocrx_word' id='word_1_321' title='bbox 1699 3373 1794 3437; x_wconf 86' lang='lat' dir='ltr'><strong>vir</strong></span> <span class='ocrx_word' id='word_1_322' title='bbox 1837 3375 1918 3436; x_wconf 83' lang='lat' dir='ltr'><strong>ad</strong></span> <span class='ocrx_word' id='word_1_323' title='bbox 1973 3373 2278 3448; x_wconf 75' lang='lat' dir='ltr'><strong>virtutem,</strong></span> 
     </span>
    </p>
   </div>
  </div>
 </body>
</html>
