2459 3817
253 146 378 215 102
792 152 942 217 rno
973 152 1088 215 cu.
1115 149 1445 213 Ριιιιιοιο
1480 128 1785 215 omno.

251 302 374 369 tols
419 321 500 367 no
531 320 570 367 ι
598 304 828 382 populo
853 302 1185 369 iudicatum
1211 320 1358 368 esse
1394 303 1693 367 videntur.
1774 302 1909 365 Non
1938 301 2101 367 enim
2128 306 2339 369 comi-

249 389 350 455 liis
381 386 610 451 indicet
637 401 884 463 semper
910 390 1199 465 populus,
1248 389 1361 451 sed
1402 396 1681 451 movetur
1706 388 2067 463 plerumque
2090 390 2305 463 gratia
2318 414 2339 447 ι

251 472 416 535 cedit
442 470 766 547 precib-1⁸2
811 469 960 531 fecit
983 486 1130 547 eos,
1155 490 1196 534 ι
1223 470 1449 547 quibus
1479 479 1579 533 est
1600 472 1867 531 maxime
1890 470 2152 535 ambitus
2170 494 2189 528 ε
2220 475 2337 535 de·

251 556 456 630 nique,
489 556 668 615 etiem
699 551 756 613 si
779 552 1028 629 iudicet,
1067 571 1190 617 non
1233 558 1463 617 dilectu
1500 552 1709 629 aliquo
1740 564 1851 615 ιιιι
1878 553 2187 630 sapientie
2214 557 2339 619 du-

251 635 410 697 citur
445 635 978 709 adiudicandum,
1017 638 1134 699 sed
1165 638 1394 713 impetu
1426 654 1553 699 non
1590 652 1923 712 numquam
1960 646 2025 698 el.
2052 639 2337 713 quadam

251 718 438 781 etiam
471 719 827 781 temeritate.
913 719 1048 781 Non
1077 732 1174 783 est
1201 721 1362 781 enim
1390 719 1713 781 consilium
1742 720 1807 781 in
1834 722 2041 795 vulgo,
2068 736 2201 781 non
2228 738 2337 783 ro-

249 800 367 875 tio,
399 818 522 864 non
557 802 922 876 discrimen,
947 816 1076 865 non
1106 803 1441 879 diligentie,
1486 818 1857 878 semperque
1880 802 2201 878 sapientes
2230 822 2332 877 ea,

253 901 412 960 quoe
434 888 704 962 populus
733 884 1012 958 lecisset,
1049 888 1332 961 ferendo,
1360 901 1487 949 non
1512 900 1760 961 semper
1788 886 2097 949 laudande
2124 888 2328 949 duxe-

256 978 416 1031 runt.
503 969 637 1043 Ωιιιι
659 984 730 1031 re
761 986 950 1044 quum
971 977 1032 1029 te
1054 968 1313 1031 aedilem
1340 969 1475 1031 fleri
1506 968 1858 1045 oportuisse
1882 968 2073 1045 dicis,
2104 970 2329 1046 populi

251 1054 530 1127 culpam,
573 1068 698 1114 non
737 1050 1154 1149 competitoris
1193 1051 1801 1115 accusas.1o.ut
1842 1053 2033 1113 tueris
2074 1052 2328 1127 dignior

253 1151 438 1211 quem
465 1135 776 1197 Plancius·
811 1135 892 1195 de
913 1151 1037 1210 qno
1067 1134 1208 1211 ipso
1233 1143 1433 1198 tecum
1456 1135 1541 1197 its
1561 1136 1924 1197 contendam
1948 1136 2131 1211 paulo
2150 1146 2323 1211 post,

248 1220 320 1280 ιιι
345 1234 712 1281 conservem
757 1217 1110 1292 dignitatem
1141 1226 1337 1281 ιιιιιιιε
1382 1219 1525 1290 sed,
1548 1226 1616 1280 ιιι
1654 1218 1845 1280 fueris
1882 1216 2157 1294 dignior,
2191 1234 2325 1279 non

249 1304 628 1377 competitor,
653 1318 694 1361 o
720 1318 846 1376 quo
875 1318 946 1361 es
975 1299 1204 1374 victus,
1231 1303 1346 1363 sed
1378 1302 1665 1378 populus,
1695 1318 1737 1363 ι
1764 1317 1893 1377 quo
1918 1318 1991 1363 es
2024 1300 2323 1396 praeteri·

247 1394 370 1457 tus,
397 1384 462 1444 in
491 1386 693 1478 culpa·
711 1393 828 1445 est.
913 1384 980 1443 ln
1011 1402 1134 1459 quo
1167 1347 1318 1445 i’llud
1346 1384 1607 1458 primum
1640 1385 1833 1445 debes
1860 1393 2095 1461 putare,
2130 1384 2323 1447 comi·

246 1466 370 1540 tiis,
399 1465 757 1540 praesertim
781 1464 1092 1539 aediliciis,
1123 1468 1391 1529 studium
1412 1482 1557 1529 esse
1576 1468 1805 1542 populi,
1834 1484 1967 1529 non
1988 1466 2327 1529 iudicium·

245 1548 556 1610 eblandita
587 1550 718 1623 illa,
751 1565 873 1609 non
901 1549 1218 1613 enucleato
1250 1566 1395 1613 esse
1420 1549 1741 1625 suffragiaz
1780 1566 1925 1625 eos,
1952 1551 2062 1627 qni
2090 1548 2321 1612 suffre-

247 1632 416 1709 gium
445 1635 671 1706 ferent,
717 1630 864 1707 quid
911 1631 1134 1708 cuique
1169 1632 1292 1708 ipsi
1320 1634 1582 1695 debeant
1618 1632 2012 1697 considerare
2056 1633 2319 1710 saepius

249 1732 434 1793 quam
467 1716 616 1793 quid
645 1716 872 1793 cuique
897 1734 936 1777 ι
967 1732 1038 1777 re
1069 1718 1314 1792 publice
1354 1718 1665 1779 debeatur.
1750 1716 1859 1779 Sin
1888 1726 2089 1779 sutem
2112 1718 2321 1779 mavis

247 1800 403 1862 illud
433 1816 578 1863 esse
605 1800 913 1873 indicium,
951 1815 1074 1861 non
1105 1800 1212 1861 tibi
1236 1798 1299 1861 id
1330 1799 1803 1862 rescindendum
1833 1807 1945 1871 est,
1976 1802 2093 1863 sed
2120 1802 2317 1861 feren-

250 1885 415 1945 dum.
505 1882 607 1947 11.
635 1884 796 1944 Male
824 1884 1114 1945 iudicavit
1141 1886 1427 1959 populus.
1470 1914 1547 1929 -·-
1594 1885 1681 1945 At
1706 1882 2016 1944 iudicavit.
2050 1916 2138 1929 —-
2182 1884 2325 1945 Non

247 1968 476 2029 debuit.
519 1998 606 2011 --
647 1970 732 2027 Αι
757 1967 969 2042 potuit.
1011 1998 1098 2013 --
1124 1967 1259 2027 Non
1287 1968 1438 2028 fero.
1482 2000 1575 2013 --
1604 1968 1686 2028 Αι
1712 1966 1881 2028 multi
1906 1965 2234 2028 clarissimi
2264 1977 2331 2027 et

243 2148 380 2192 rum
411 2134 780 2227 populorum
810 2130 1267 2207 praecipueque
1292 2133 1472 2195 huius
1508 2132 1805 2208 principis
1846 2133 2059 2208 populi
2097 2141 2165 2195 et
2194 2150 2325 2193 om·

243 2216 409 2275 nium
437 2213 706 2289 gentium
735 2213 966 2273 domini
987 2224 1172 2291 atque
1196 2216 1465 2290 victoris,
1496 2232 1687 2291 posse
1706 2214 2017 2291 sum-agiis
2044 2218 2145 2277 vel
2166 2216 2325 2277 darc

245 2300 345 2358 vel
369 2297 686 2359 detrahere
707 2298 880 2371 quod
906 2296 1050 2359 velit
1075 2298 1299 2375 cuique
1314 2322 1331 2356 ι
1362 2308 1639 2362 nostrum
1660 2309 1758 2359 est
1778 2308 1995 2373 autem,
2020 2307 2323 2373 nostrum,

245 2379 440 2453 quiin
468 2380 586 2439 hac
613 2388 972 2455 tempestate
1001 2383 1211 2457 populi
1239 2382 1532 2444 iactemur
1557 2392 1621 2444 et
1648 2382 1955 2456 fluctibus,
1989 2384 2149 2442 ferre
2182 2398 2315 2443 mo-

243 2462 384 2523 dice
410 2462 627 2538 populi
660 2465 1024 2537 voluntates,
1053 2464 1317 2526 adlicere
1344 2464 1606 2537 alienes,
1636 2465 1895 2527 retinere
1920 2473 2151 2539 partas,
2183 2466 2317 2539 pla-

244 2562 390 2607 care
425 2546 697 2606 turbatas
711 2568 743 2601 ιἱ
777 2545 1046 2607 honores
1097 2549 1152 2608 si
1179 2547 1383 2622 magni
1412 2565 1535 2609 non
1566 2557 1879 2623 putemus,
1922 2547 2315 2609 non-servire

166 2676 184 2682 -
243 2630 513 2705 populm
543 2628 640 2689 sin
671 2645 782 2690 eos
807 2636 1182 2705 ικριιειῐιιιιι,
1210 2646 1333 2691 non
1364 2632 1681 2705 defetigari
1710 2630 2144 2707 supplicando..

367 2714 442 2773 V.
472 2710 572 2773 12.
598 2712 796 2773 Venio
824 2712 944 2774 iam
969 2714 1051 2773 ad
1079 2712 1276 2788 ipsius
1312 2714 1525 2788 populi
1557 2724 1784 2789 parles,
1812 2724 1881 2775 ut
1904 2713 2068 2775 illius
2100 2722 2323 2776 contre

245 2802 310 2855 te
350 2795 626 2857 oratione
657 2795 860 2872 potius
897 2812 1078 2871 quam
1103 2812 1239 2857 mee
1268 2796 1594 2873 disputem.
1677 2797 1792 2871 Qui
1840 2798 1897 2858 si
1936 2806 2137 2859 tecum
2162 2812 2319 2857 eon·

245 2878 556 2951 gradiatur
589 2887 657 2942 et
684 2881 887 2941 siuns
913 2880 1085 2955 toqui
1127 2896 1283 2941 voce
1312 2882 1537 2955 possit,
1577 2880 1734 2941 haec
1772 2880 1967 2941 dicate
2010 2880 2141 2953 Ego
2183 2879 2319 2951 tibi,

243 2961 614 3036 Laterensis,
643 2962 953 3024 Plancium
975 2980 1106 3025 non
1131 2962 1621 3039 anteposui‚sed
1650 2980 1836 3037 quum
1866 2963 2087 3025 esselis
2110 2978 2323 3038 aeque

245 3044 392 3105 boni
419 3044 562 3118 viri,
603 3062 804 3107 meum
845 3046 1208 3108 beneficium
1231 3048 1315 3106 ed
1343 3062 1480 3107 eum
1507 3046 1719 3120 potius
1744 3046 1961 3115 detuli,
2004 3046 2113 3119 qui
2144 3062 2181 3103 ι
2200 3061 2321 3107 me

241 3129 655 3199 contenderet,
687 3145 869 3203 quam
899 3131 976 3188 ad
999 3144 1156 3202 eum,
1186 3128 1293 3203 qui
1316 3127 1462 3189 mihi
1484 3144 1607 3188 non
1628 3128 1809 3189 nimis
1830 3129 2135 3189 submisse
2160 3140 2319 3203 sup-

243 3211 516 3283 plicarat.
599 3210 1062 3283 Respondebis,
1098 3211 1317 3282 credo,
1350 3219 1412 3270 te
1442 3211 1777 3297 splendore
1802 3218 1865 3271 et
1889 3218 2191 3271 vetustate
2223 3212 2321 3269 te-

241 3294 442 3352 miliae
475 3294 694 3352 fretum
723 3308 843 3351 non
871 3294 1052 3351 valde
1080 3292 1467 3353 ambiendum
1494 3300 1766 3366 putasse.
1836 3294 1917 3354 Αι
1947 3308 2091 3353 vero
2120 3300 2180 3351 te
2210 3291 2321 3351 ill-e

243 3374 324 3431 ed
373 3390 486 3432 sua
541 3372 812 3433 instituta
867 3390 1246 3450 suorumque
1298 3374 1597 3437 maiorum
1638 3376 1929 3451 exempla
1960 3374 2323 3436 revocabitz
