2459 3817
245 135 327 200 14
858 138 1009 202 PRO
1042 139 1105 199 P.
1140 136 1392 198 SULLA
1426 131 1732 200 ORATIO.

243 304 521 379 tribuam,
548 323 709 382 quae
728 312 935 366 vestra
960 310 1124 374 sunt,
1150 319 1266 364 nec
1279 318 1431 364 vero
1457 317 1715 378 possum
1729 305 1960 362 tantum
1973 315 2112 359 meo
2135 295 2312 374 inge·

240 388 343 449 nio
374 389 539 458 dare,
570 395 635 446 ut
662 394 749 446 tot
781 400 900 454 reS,
932 391 1150 458 tantas,
1180 395 1302 446 tam
1333 385 1551 460 varias,
1582 395 1702 447 tam
1729 383 2079 462 repentinas
2110 385 2170 445 in
2197 385 2308 446 illa

241 467 755 532 turbulentissima
783 475 1143 542 tempestate
1173 470 1262 529 rei
1290 468 1570 544 publicae
1595 486 1731 530 mea
1763 477 1982 544 sponte
2011 466 2304 543 dispexe-

239 553 351 612 rim
378 585 492 621 —,
542 566 654 610 vos
696 551 970 625 profecto
1010 553 1272 611 animum
1307 569 1505 613 meum
1541 559 1666 613 tum
1699 550 2159 612 conservandae
2191 567 2304 626 pa-

240 634 389 694 triae
418 631 747 707 cupiditate
776 631 1167 695 incendistis=
1208 651 1326 695 vos
1355 652 1451 696 me
1481 635 1558 694 ab
1591 634 1875 695 omnibus
1941 633 2164 694 ceteris
2196 649 2301 695 co-

238 715 626 792 gitationibus
656 716 735 775 ad
770 733 949 776 unam
981 719 1237 779 salutem
1276 718 1366 778 rei
1405 718 1686 794 publicae
1716 715 2132 778 convertistis:
2181 733 2306 777 vos

238 798 502 872 denique
541 797 601 858 in
646 798 827 859 tantis
863 799 1125 861 tenebris
1154 798 1380 861 erroris
1421 810 1482 861 et
1511 799 1864 860 inscientiae
1895 797 2301 860 clarissimum

238 884 439 942 lumen
470 881 655 942 menti
686 899 859 942 meae
894 883 1287 958 praetulistis.
1375 881 1476 944 41.
1523 882 1665 943 Vidi
1706 899 1821 958 ego
1849 883 2000 954 hoc,
2043 880 2304 956 iudiceS,

126 994 133 1000 ·
236 965 353 1026 nisi
386 963 615 1026 recenti
646 965 935 1026 memoria
964 975 1213 1026 senatus
1248 965 1662 1027 auctoritatem
1702 965 1884 1026 liuius
1929 963 2133 1025 indicii
2169 981 2298 1026 mo·-

237 1048 538 1109 numentiS
569 1047 829 1124 publicis
863 1057 1116 1110 testatus
1146 1065 1368 1122 essem,
1405 1051 1535 1109 sore
1562 1055 1628 1109 ut
1653 1048 1984 1124 aliquando
2011 1063 2130 1106 non
2151 1047 2300 1108 Tor·-

240 1141 460 1207 quatus
502 1147 701 1206 neque
730 1132 1016 1206 Torquati
1059 1132 1364 1208 quispiam
1397 1131 1610 1192 similis
1637 1167 1722 1178 —
1754 1146 1891 1192 nam
1925 1130 1989 1189 id
2021 1147 2118 1190 me
2147 1131 2298 1190 mul-

240 1223 362 1276 tum
394 1215 604 1298 fefellit
626 1247 728 1288 --,
765 1215 878 1275 sed
908 1223 974 1275 ut
1001 1215 1222 1290 aliquis
1254 1215 1596 1291 patrimonii
1623 1215 1983 1288 naufraguS,
2017 1211 2302 1273 inimicus

237 1297 375 1369 otii,
431 1298 731 1357 bonorum
760 1296 985 1369 hostis,
1022 1299 1195 1358 aliter
1222 1298 1487 1359 indicata
1520 1299 1672 1358 haec
1703 1313 1844 1357 esse
1875 1296 2131 1368 diceret,
2172 1312 2296 1370 quo

238 1379 473 1439 facilius
514 1387 696 1438 vento
741 1380 947 1453 aliquo
988 1378 1049 1438 in
1093 1379 1386 1456 optimum
1431 1396 1736 1456 quemque
1776 1379 2041 1439 excitato
2082 1387 2298 1453 posset

237 1463 295 1521 in
328 1462 504 1520 malis
531 1461 621 1520 rei
651 1460 931 1535 publicae
959 1471 1199 1536 portum
1227 1464 1492 1538 aliquem
1522 1479 1773 1523 suorum
1801 1463 2096 1522 malorum
2123 1461 2296 1521 inve-

236 1545 382 1604 nire.
442 1544 653 1619 ltaque
683 1544 1038 1605 introductis
1066 1545 1128 1606 in
1164 1554 1442 1607 senatum
1471 1545 1773 1606 indicibus
1803 1544 2088 1606 constitui
2119 1559 2296 1605 sena·

237 1636 432 1699 tores»,
482 1627 586 1702 qui
618 1628 819 1688 omnia
848 1625 1115 1690 indicum
1158 1628 1349 1701 dicta,
1393 1627 1786 1704 interrogata,
1824 1643 2128 1704 responsa
2155 1643 2295 1702 per·

237 1710 591 1773 scriberent.
663 1709 764 1770 42.
801 1713 883 1772 At
912 1728 1070 1787 quos
1100 1712 1298 1773 viros!
1345 1728 1467 1773 non
1499 1714 1696 1773 solum
1725 1727 1960 1773 summa
1989 1709 2202 1772 virtute
2235 1719 2298 1770 et

236 1795 389 1868 fide,
453 1794 627 1857 cuius
677 1793 919 1872 generis
968 1805 1096 1858 erat
1145 1795 1205 1856 in
1261 1805 1476 1858 senatu
1529 1796 1783 1856 facultas
1827 1794 2120 1867 maxima,
2181 1793 2295 1854 sed

236 1878 416 1938 etiam
445 1901 453 1908 ·
480 1896 639 1954 quos
708 1878 975 1940 sciebam
1034 1878 1354 1952 memoria,
1435 1876 1715 1950 scientia,
1783 1877 2086 1938 celeritate
2145 1875 2295 1936 scri-

235 1960 419 2020 bendi
460 1962 741 2023 facillime
776 1979 935 2037 quae
977 1963 1322 2023 dicerentur
1361 1958 1652 2037 persequi
1696 1976 1916 2035 posse=
1973 1960 2034 2020 C.
2067 1959 2294 2019 Cosco-

236 2043 421 2113 nium,
452 2044 704 2118 quitum
730 2053 860 2104 erat
880 2054 1139 2120 praetor,
1174 2046 1256 2103 M.
1276 2043 1643 2114 Messallam,
1676 2041 1779 2117 qui
1805 2051 1927 2103 tum
1950 2049 2294 2118 praeturam

234 2125 510 2200 petebat,
543 2125 607 2184 P.
638 2125 972 2201 Nigidium,
1012 2129 1171 2201 App.
1204 2124 1537 2186 Claudium.
1596 2125 1790 2186 Credo
1822 2142 1964 2187 esse
1993 2125 2295 2185 neminem

236 2207 340 2283 qui
374 2207 468 2269 his
497 2208 844 2269 hominibus
879 2210 961 2269 ad
1001 2225 1145 2270 vere
1186 2208 1572 2268 referendum
1614 2215 1716 2268 aut
1755 2209 1939 2269 fidem
1971 2216 2142 2285 putet
2193 2214 2296 2268 aut

236 2290 543 2367 ingenium
574 2292 865 2352 defuisse.

399 2375 528 2434 XV.
571 2374 725 2447 Quid
755 2373 1020 2435 deinde?
1061 2373 1205 2449 quid
1251 2373 1411 2435 feci?
1459 2392 1643 2450 quum
1673 2375 1893 2437 scirem
1923 2376 2005 2436 ita
2034 2390 2178 2436 esse
2204 2373 2292 2434 in-

234 2456 459 2517 dicium
488 2459 743 2518 relatum
787 2456 847 2518 in
881 2458 1119 2518 tabulas
1158 2457 1466 2532 publicas,
1520 2467 1584 2520 ut
1618 2460 1756 2519 illae
1785 2459 2026 2519 tabulae
2057 2457 2292 2532 privata

233 2548 433 2600 tamen
465 2540 743 2601 custodia
773 2556 941 2601 more
970 2540 1264 2601 maiorum
1295 2540 1774 2614 continerentur,
1818 2557 1940 2601 non
1971 2538 2290 2610 occultavi,

234 2639 354 2683 non
386 2623 654 2684 continui
688 2622 871 2695 domi,
912 2624 1025 2684 sed
1060 2623 1258 2684 statim
1292 2624 1554 2689 describi
1591 2625 1668 2685 ab
1699 2623 1978 2684 omnibus
2013 2621 2292 2694 librariiS,

235 2705 422 2766 dividi
462 2706 691 2780 passim
722 2714 781 2767 et
816 2708 1155 2782 pervulgari
1185 2717 1370 2783 atque
1403 2707 1502 2767 edi
1538 2709 1768 2784 populo
1797 2708 2073 2768 Romano
2103 2706 2293 2780 impe-

233 2788 380 2846 ravi.
414 2789 611 2851 Divisi
633 2797 803 2852 totae
825 2790 1051 2864 Italiae,
1076 2790 1250 2850 emisi
1278 2790 1339 2851 in
1371 2807 1584 2852 omnes
1614 2790 1994 2867 provincias,
2038 2787 2172 2847 eius
2201 2787 2292 2845 in-

234 2869 391 2941 dicii,
430 2888 508 2932 ex
543 2889 663 2946 quo
696 2872 898 2934 oblata
928 2875 1093 2933 salus
1124 2882 1292 2934 esset
1324 2874 1636 2946 omnibus»,
1669 2882 1979 2948 expertem
2007 2885 2152 2929 esse
2185 2885 2289 2928 ne-

233 2953 455 3014 minem
494 2955 679 3015 volui.
766 2953 870 3017 43.
914 2958 1124 3032 Itaque
1157 2956 1296 3017 dieo
1327 2959 1526 3018 locum
1557 2956 1616 3017 in
1649 2957 1797 3018 orbe
1829 2964 2116 3017 terrarum
2145 2965 2290 3011 esse

232 3038 490 3108 nullum,
541 3054 663 3112 quo
702 3036 761 3098 in
792 3041 932 3100 loco
960 3039 1171 3115 populi
1197 3039 1457 3100 Romani
1486 3056 1704 3101 nomeu
1737 3039 1844 3111 sit,
1896 3035 2040 3112 quin
2069 3035 2292 3095 eodem

233 3121 635 3197 perscriptum
665 3121 783 3182 hoc
811 3121 1095 3183 indicium
1126 3122 1489 3198 pervenerit.
1551 3125 1616 3182 In
1643 3139 1766 3196 quo
1795 3137 1911 3197 ego
1941 3129 2059 3182 tam
2089 3117 2290 3180 subito

232 3211 293 3264 et
322 3203 543 3279 exiguo
577 3212 636 3265 et
655 3203 897 3266 turbido
926 3211 1201 3280 tempore
1229 3207 1413 3266 multa
1443 3204 1749 3276 divinituS,
1782 3205 1864 3266 ita
1893 3213 1960 3265 ut
1989 3201 2139 3280 dixi,
2168 3219 2286 3262 non

230 3303 368 3346 mea
399 3297 619 3362 sponte
659 3288 931 3363 providi=
984 3288 1269 3363 primum,
1317 3303 1395 3346 ne
1438 3287 1542 3362 qui
1573 3288 2045 3362 posset-tantum
2077 3294 2180 3347 aut
2213 3286 2289 3345 de

231 3367 320 3426 rei
374 3370 652 3441 publicae
701 3379 804 3432 aut
852 3373 929 3431 de
978 3370 1232 3430 alicuius
1286 3367 1555 3441 periculo
1607 3366 1955 3428 meminisse
1999 3377 2288 3443 quantum
