2459 3817
237 129 358 194 124
647 215 652 220 ·
755 123 906 188 rao
939 123 1052 186 cn.
1086 123 1413 186 PLAnclo
1452 119 1755 186 omme.
1852 133 1865 140 ·

228 277 662 353 familiaritatis,
693 277 1038 350 vicinitatis,
1063 276 1253 354 patris
1281 275 1621 340 amicitiae?
1650 290 1807 352 quae
1840 270 1893 335 si
1922 291 2045 336 non
2079 283 2281 338 essent

233 381 501 437 vererer,
533 364 748 436 cred0,
779 379 857 422 ne
879 360 1132 436 turpiter
1159 362 1452 434 iacerem,
1488 359 1542 422 si
1570 360 1689 421 hoc
1722 359 2052 433 splendore
2084 368 2145 420 et
2172 359 2281 420 hac

225 448 514 525 dignitate
547 445 850 506 hominem
881 445 1290 507 defenderem.
1358 444 1670 518 Fingenda
1698 440 1842 502 mihi
1870 441 1984 504 ruit
2012 440 2285 504 videlicet

226 549 417 593 causa
448 537 770 604 peracuta,
812 537 878 588 ut
915 529 1000 601 ei,
1043 544 1222 605 quem
1252 527 1397 588 milii
1417 527 1641 587 debere
1674 533 2009 602 oporteret,
2040 539 2159 602 ego
2194 543 2286 586 me-

227 613 432 676 omnia
461 613 688 673 debere
717 609 999 672 dicerem.
1087 613 1167 673 At
1211 609 1277 671 id
1312 610 1491 672 etiam
1520 607 1780 685 gregarii
1812 607 2031 671 milites
2067 607 2286 670 faciunt

224 695 416 768 inviti,
446 702 512 756 ut
541 709 829 757 coronam
859 696 1003 756 dent
1033 693 1288 756 civicam
1317 702 1378 756 et
1407 708 1477 754 se
1504 693 1583 753 ab
1609 693 1814 768 aliquo
1846 699 2125 754 servatos
2148 707 2285 760 esso

227 781 555 852 fateantur,
601 793 724 838 non
772 794 895 853 quo
945 786 1120 853 turpe
1162 776 1243 838 sit
1281 784 1620 852 protectum
1650 775 1712 836 in
1744 775 1877 836 acie
1906 791 1986 836 ex
2025 774 2283 836 hostium

227 863 506 924 manibus
551 859 706 936 eripi
733 893 820 906 --
863 876 1002 920 nam
1032 859 1094 921 id
1121 858 1401 920 accidere
1430 859 1549 920 nisi
1578 859 1714 920 forti
1746 857 1874 919 viro
1908 865 1969 919 et
1997 857 2285 934 pugnanti

227 945 568 1007 comminus
583 961 704 1006 non
720 951 926 1021 potest
937 977 1041 1017 -,
1065 943 1177 1004 sed
1201 960 1360 1005 onus
1380 941 1663 1004 beneficii
1685 939 2095 1012 reformidant,
2124 943 2285 1015 quod

227 1043 624 1104 permagnum
666 1036 761 1090 est
787 1026 988 1088 alieno
1028 1027 1254 1088 debere
1282 1025 1443 1087 idem
1480 1027 1647 1100 quod
1677 1024 1933 1101 parenti.
2020 1021 2114 1086 73.
2134 1025 2279 1098 Ego,

229 1129 416 1188 quum
487 1109 672 1173 ceteri
701 1127 850 1171 vera
877 1110 1206 1184 beneficia,
1250 1109 1429 1170 etiam
1460 1109 1724 1184 minora,
1759 1107 2166 1180 dissimulent,
2206 1123 2286 1166 ne

227 1194 474 1270 obligati
499 1209 641 1254 esse
665 1192 999 1267 videantur,
1023 1210 1098 1254 eo
1123 1209 1220 1254 me
1242 1188 1542 1255 beneficio
1559 1190 1910 1253 obstrictum
1934 1205 2076 1255 esse
2090 1205 2287 1250 emen·

228 1278 375 1350 tior,
406 1277 503 1339 cui
534 1292 611 1336 ne
632 1277 844 1336 referri
877 1276 1123 1352 quidem
1151 1275 1343 1350 gratia
1372 1291 1562 1351 posse
1590 1273 1907 1336 videatur?
1936 1277 2031 1334 An
2063 1273 2182 1334 hoc
2210 1281 2289 1347 tu,

225 1358 594 1429 Laterensis,
622 1358 914 1432 ignoras?
944 1358 1046 1433 qui
1071 1375 1256 1433 quum
1281 1357 1420 1418 mihi
1444 1373 1621 1420 esses
1650 1357 2075 1430 amicissimae,
2109 1373 2290 1432 quum

228 1443 322 1502 vel
357 1439 688 1516 periculum
725 1440 882 1502 vitae
914 1449 1053 1502 tuae
1075 1457 1311 1502 mecum
1346 1441 1583 1503 sociare
1614 1441 1949 1514 voluisseS,
1982 1456 2169 1516 quum
2196 1457 2295 1502 me

229 1523 290 1584 in
323 1523 426 1584 illo
465 1523 616 1584 tristi
645 1531 706 1584 et
739 1524 963 1585 acerbo
1009 1525 1174 1585 luctu
1207 1533 1394 1599 atque
1425 1525 1709 1586 discessu
1742 1540 1863 1584 non
1893 1523 2157 1584 lacrimis
2194 1539 2293 1584 so·

227 1608 352 1669 lum
385 1605 524 1681 tuiS,
557 1607 670 1668 sed
692 1604 915 1680 animo,
945 1623 1223 1683 corpore,
1250 1607 1445 1682 copiis
1479 1615 1845 1683 prosecutus
1875 1622 2071 1680 essee,
2109 1623 2295 1682 quum

227 1706 400 1751 meos
442 1689 668 1752 liberos
713 1697 777 1751 et
815 1706 1068 1751 uxorem
1113 1706 1211 1751 me
1253 1691 1507 1752 absente
1536 1689 1657 1752 tuis
1690 1691 1910 1765 opibus
1945 1688 2298 1765 auxilioque

227 1772 645 1845 defendisseS,
695 1773 785 1834 sic
815 1789 1051 1836 mecum
1075 1789 1321 1848 semper
1350 1774 1559 1850 egisti,
1600 1781 1661 1835 te
1705 1772 1849 1833 mihi
1878 1774 2179 1834 remittere
2207 1780 2295 1833 at-

229 1873 349 1932 que
379 1859 738 1930 concedere,
772 1864 838 1917 ut
857 1873 1036 1918 omne
1057 1859 1322 1920 studium
1354 1874 1553 1919 meum
1579 1859 1638 1916 in
1662 1855 1768 1917 Cn.
1804 1855 2028 1916 Plancii
2059 1856 2299 1916 honore

228 1955 670 2016 consumerem,
702 1938 867 2014 quod
901 1941 1032 2001 eius
1055 1939 1115 2000 in
1149 1957 1245 2002 me
1276 1940 1549 2001 meritum
1583 1940 1687 2001 tibi
1719 1938 1896 2000 etiam
1920 1937 2039 2015 ipsi
2062 1947 2298 2014 gratum

226 2038 368 2082 esse
399 2023 668 2084 dicebas.
725 2019 826 2082 74.
853 2022 1012 2083 Nihil
1039 2031 1241 2085 autern
1274 2039 1369 2083 me
1403 2024 1566 2096 novi,
1604 2021 1751 2083 nihil
1784 2024 2075 2098 temporis
2107 2039 2302 2084 causa

227 2105 463 2178 dicere,
491 2120 694 2166 nonne
715 2103 894 2164 etiam
921 2113 1016 2166 est
1035 2105 1138 2167 illa
1159 2105 1333 2168 testis
1366 2105 1577 2178 oratio,
1611 2122 1769 2182 quae
1795 2115 1891 2167 est
1916 2122 1955 2166 a
1982 2120 2079 2166 me
2101 2105 2303 2180 prima

227 2185 429 2249 'habita
453 2186 513 2247 in
538 2193 797 2248 senatu?
835 2187 894 2246 in
931 2205 1053 2264 qua
1084 2206 1270 2264 quum
1302 2188 1628 2265 perpaucis
1653 2187 2003 2251 nominatim
2026 2188 2298 2264 egissem

227 2269 482 2345 gratias,
531 2271 697 2346 quod
730 2285 941 2332 omnes
973 2273 1313 2334 enumerari
1344 2275 1508 2334 nullo
1540 2275 1725 2335 modo
1756 2280 2041 2348 possent,
2091 2274 2301 2340 scelus

228 2361 428 2415 autem
460 2362 628 2415 esset
663 2368 1031 2429 quemquam
1059 2351 1421 2431 praeteriri,
1453 2357 1927 2432 statuissemque
1954 2371 2067 2416 eos
2096 2356 2300 2416 solum

228 2435 570 2508 nominare,
611 2435 716 2512 qui
751 2450 976 2496 causae
1021 2448 1273 2500 nostrae
1314 2439 1505 2500 duces
1546 2447 1607 2501 et
1639 2439 1815 2514 quasi
1842 2437 2117 2514 signiferi
2148 2438 2301 2500 suis-

227 2525 380 2590 sent,
411 2519 472 2578 in
503 2517 598 2578 his
620 2516 864 2580 Plancio
887 2519 1110 2594 gratias
1134 2521 1251 2596 egi.
1283 2521 1595 2583 Recitetur
1618 2523 1830 2597 oratio,
1862 2536 2020 2598 quae
2044 2530 2307 2597 propter

224 2603 312 2662 rei
345 2601 817 2676 magnitudinem
851 2602 1012 2663 dicta
1035 2604 1113 2664 de
1136 2603 1365 2680 scripto
1398 2613 1519 2666 est=
1548 2605 1607 2665 in
1641 2623 1761 2681 qua
1784 2622 1898 2680 ego
1923 2606 2105 2666 homo
2130 2613 2303 2666 astu-

225 2693 324 2746 tus
360 2687 416 2744 ei
449 2702 545 2746 me
576 2686 894 2758 dedebam,
927 2686 1025 2748 cui
1055 2686 1199 2748 nihil
1233 2703 1453 2762 magno
1488 2703 1675 2763 opere
1705 2690 2007 2761 deberem,
2032 2696 2093 2748 et
2114 2687 2307 2749 huius

228 2767 416 2828 officii
457 2768 605 2831 tanti
649 2771 1000 2832 servitutem
1041 2769 1453 2846 astringebam
1510 2771 1857 2834 testimonio
1904 2770 2307 2846 sempiterno.

224 2849 380 2912 Nolo
446 2860 663 2926 cetera,
697 2869 857 2930 quae
876 2870 913 2914 a
934 2869 1034 2914 me
1065 2854 1347 2915 mandata
1370 2862 1513 2916 sunt
1542 2853 1776 2928 litteris,
1801 2854 2087 2916 recitare:
2117 2870 2309 2928 prae-

224 2931 506 3010 termitt0,
535 2952 613 2997 ne
643 2946 746 2999 aut
780 2937 1054 3012 proferre
1086 2937 1300 2998 videar
1326 2937 1406 2997 ad
1441 2946 1682 3013 tempus
1712 2946 1817 2999 aut
1845 2954 1919 2998 eo
1955 2952 2183 3013 genere
2214 2937 2310 2998 uti

224 3014 574 3093 litterarum,
610 3021 778 3095 quod
802 3019 953 3081 meis
979 3019 1197 3082 studiis
1227 3017 1431 3094 aptius
1464 3037 1647 3096 quam
1684 3019 2111 3082 consuetudini
2139 3018 2311 3081 iudi-

221 3099 457 3161 ciorum
487 3117 631 3163 esse
660 3103 954 3165 videatur.

325 3183 533 3244 XXXI.
561 3183 660 3246 75.
684 3189 888 3260 Atque
902 3187 1076 3246 etiam
1095 3185 1387 3257 clamitas,
1416 3185 1796 3249 Laterensis=
1830 3188 1955 3259 Quo
1974 3204 2159 3262 usque
2190 3190 2317 3249 ista

222 3263 370 3325 elicis
384 3263 416 3326 ?
441 3267 612 3328 Nih-il
635 3269 697 3328 in
721 3269 912 3343 Cispio
929 3269 1249 3344 profecisti
1257 3291 1278 3329 .·
1305 3271 1591 3332 obsoletae
1610 3273 1731 3330 iam
1752 3279 1889 3332 sunt
1900 3287 2117 3347 preces
2137 3277 2311 3332 tuae.

227 3342 309 3404 De
341 3346 548 3423 Cispio
589 3348 732 3409 mihi
779 3348 959 3425 igitur
1005 3349 1289 3416 obiicies,
1321 3369 1503 3430 quem
1540 3369 1654 3428 ego
1702 3353 1781 3414 de
1816 3369 1913 3414 mc
1952 3354 2111 3413 benc
2170 3368 2311 3414 nie-
