2459 3817
236 142 361 207 188
787 140 939 205 PRO
968 141 1039 216 Q.
1072 140 1389 205 LIGARIO
1422 139 1726 205 ORATIO.

240 306 363 363 lum
401 294 581 357 ctiam
619 294 897 356 doctrina
934 292 1245 354 excellens
1285 306 1479 367 genus
1519 292 1640 353 hoc
1681 306 1908 353 causae
1937 290 2105 368 quod
2135 301 2298 355 essct

236 398 359 443 aon
395 377 628 439 viderit.
727 376 877 436 Nam
941 376 994 437 si
1036 374 1328 449 vidisset,
1371 376 1592 451 quovis
1637 374 1912 451 profecto
1953 391 2140 450 quam
2184 376 2299 437 isto

236 463 422 523 modo
447 479 481 521 a
512 469 569 521 te
598 460 700 535 agi
729 457 1061 521 maluisset.

356 544 583 619 Arguis
612 544 917 603 fatentem.
988 542 1123 603 Non
1153 549 1251 601 est
1276 540 1446 601 salis.
1531 541 1812 601 Accusas
1840 556 1995 614 eum,
2026 540 2132 617 qui
2161 556 2300 603 cau·

236 644 366 689 sam
397 624 581 686 habet
608 632 729 697 aut,
760 634 826 685 ut
854 640 969 700 ego
1003 624 1163 697 dico,
1192 622 1506 685 meliorem
1537 638 1720 697 quam
1751 631 1816 683 tu
1847 631 1968 697 aut,
1997 630 2062 683 ut
2091 632 2158 684 tu
2189 624 2300 694 vis,

234 721 467 785 parem.
552 706 651 770 11.
691 706 858 768 Haec
887 704 1282 781 admirabilia,
1316 706 1429 767 sed
1461 705 1724 781 prodigii
1763 704 1962 767 simile
1982 714 2107 779 est,
2134 710 2300 781 quod

236 790 456 851 dicam.
540 789 672 851 Non
714 790 897 851 habet
936 807 1071 850 eam
1106 788 1225 849 vim
1265 786 1385 849 ista
1425 787 1768 861 accusatio,
1809 795 1874 849 ut
1916 787 1982 863 Q.
2018 786 2300 863 Ligarius

236 875 699 947 condemnetur,
732 874 845 934 sed
873 882 939 934 ut
966 881 1233 933 necetur.
1318 870 1455 933 Hoc
1483 872 1604 947 egit
1635 870 1790 931 civis
1820 872 2134 931 Romanus
2163 881 2300 935 ante

238 966 297 1019 te
350 974 566 1017 nemo=
620 954 854 1016 externi
894 956 992 1015 isti
1037 970 1242 1015 mores
1285 970 1484 1029 usque
1523 954 1602 1015 ad
1649 955 2005 1027 sanguinem
2063 954 2298 1015 incitari

236 1041 437 1101 solent
483 1036 626 1100 odio
669 1047 774 1099 aut
820 1038 1041 1099 levium
1087 1036 1454 1099 Graecorum
1499 1045 1605 1097 aut
1631 1036 1978 1098 immanium
2007 1036 2296 1098 barbaro-

235 1139 386 1186 rum.
471 1121 619 1182 Nam
666 1121 811 1198 quid
846 1120 979 1199 agis
1010 1120 1215 1183 aliud?
1259 1128 1324 1181 ut
1349 1120 1580 1181 Romae
1611 1136 1688 1181 ne
1715 1121 1837 1181 sit?
1877 1127 1944 1180 ut
1974 1120 2158 1181 domo
2201 1137 2298 1181 ca-

235 1214 409 1267 reat?
437 1222 514 1266 ne
538 1221 675 1265 cum
698 1204 942 1280 optimis
966 1202 1268 1275 fratribus,
1293 1218 1370 1262 ne
1394 1218 1529 1263 cum
1553 1203 1672 1263 hoc
1691 1202 1757 1263 Τ.
1781 1202 2081 1277 Broccho,
2112 1220 2296 1264 avun-

238 1289 409 1362 culo,
437 1304 516 1348 ne
544 1305 680 1348 cum
716 1288 847 1347 eius
878 1288 1031 1361 filio,
1067 1284 1436 1347 consobrino
1467 1302 1603 1360 suo,
1636 1302 1714 1345 ne
1747 1285 2068 1347 nobiscum
2098 1286 2305 1346 vivat?

236 1387 313 1430 ne
350 1373 429 1431 sit
458 1369 521 1429 in
553 1368 788 1444 patria?
836 1368 991 1429 Num
1019 1373 1156 1429 est?
1194 1384 1338 1429 num
1367 1377 1570 1445 potest
1591 1370 1782 1445 magis
1811 1384 2020 1429 carere
2047 1368 2144 1429 his
2176 1386 2298 1429 om-

236 1450 415 1513 nibus
460 1468 643 1525 quam
688 1459 892 1512 caret?
934 1450 1103 1511 Italia
1132 1450 1518 1525 prohibetur,
1551 1453 1808 1513 exsulat.
1894 1450 2120 1531 Non-tu
2151 1468 2304 1527 ergo

237 1552 375 1595 eum
406 1529 601 1609 patria
630 1533 899 1609 privare,
930 1550 1053 1608 qua
1084 1542 1268 1606 caret,
1293 1535 1410 1593 sed
1441 1534 1560 1597 vita
1591 1534 1704 1596 vis.
1794 1532 1892 1597 12.
1920 1537 2002 1594 At
2025 1536 2192 1595 istud
2225 1552 2304 1595 ne

236 1618 405 1693 apud
427 1628 567 1678 eum
589 1615 835 1695 quidem
856 1616 1229 1691 dictatorem,
1264 1616 1368 1693 qui
1392 1634 1626 1693 omnes
1663 1634 1824 1695 quos
1849 1618 2078 1689 oderat,
2105 1626 2302 1677 morte

237 1704 564 1774 multabat,
640 1699 965 1777 quisquam
1004 1700 1126 1775 egit
1166 1702 1286 1762 isto
1338 1702 1544 1762 modo.
1640 1701 1784 1777 Ipse
1811 1699 2057 1761 iubebat
2099 1698 2302 1760 occidi

240 1786 401 1845 nullo
434 1786 808 1860 postulante,
842 1782 1123 1858 praemiis
1158 1784 1338 1845 etiam
1365 1782 1683 1845 invitabat:
1728 1799 1886 1859 quae
1931 1792 2132 1844 tamen
2163 1798 2289 1843 cru·

236 1868 453 1929 delitas
478 1866 558 1927 ab
590 1868 708 1930 hoc
736 1868 953 1928 eodem
984 1866 1216 1941 aliquot
1242 1866 1418 1928 annis
1447 1875 1617 1945 post,
1667 1884 1849 1943 quem
1877 1874 1942 1927 tu
1971 1883 2132 1925 nunc
2163 1882 2295 1927 cru-

237 1950 433 2011 delem
462 1966 603 2011 esse
646 1949 768 2020 vis,
816 1947 1123 2010 vindicata
1160 1957 1273 2011 est.
1357 1950 1436 2008 V.
1480 1944 1609 2025 Ego
1652 1965 1797 2010 vero
1840 1949 2002 2010 istud
2031 1964 2154 2008 non
2191 1966 2296 2023 po·

236 2034 417 2106 stulo,
447 2030 706 2107 inquies.
790 2028 879 2091 Ita
907 2030 1252 2093 mehercule
1283 2030 1580 2107 existimo,
1607 2030 1863 2093 Tubero.
1947 2030 2105 2093 Novi
2136 2032 2302 2091 enim

240 2120 313 2185 te,
348 2112 490 2173 novi
519 2123 778 2188 patrem,
810 2114 953 2175 novi
982 2114 1228 2177 domum
1259 2127 1607 2191 nomenque
1631 2124 1929 2175 vestrumz
1962 2113 2166 2175 studia
2195 2131 2302 2189 ge-

237 2194 400 2256 neris
440 2209 515 2255 ac
555 2192 814 2257 familiae
860 2204 1101 2259 vestrae
1160 2196 1427 2268 virtutis,
1483 2196 1898 2271 humanitatis,
1956 2196 2302 2270 doctrinae,

234 2273 629 2352 plurimarum
658 2277 878 2338 artium
903 2287 1091 2355 atque
1122 2276 1489 2357 optimarum
1520 2285 1670 2339 nota
1700 2276 1846 2339 mihi
1883 2284 2032 2337 sunt
2074 2278 2306 2337 omnia.

244 2358 574 2433 13.1taque
600 2366 770 2421 certo
808 2362 939 2423 scio
965 2372 1082 2424 vos
1118 2376 1243 2423 non
1278 2369 1493 2439 petere
1516 2358 1910 2435 sanguinem,
1943 2360 2054 2421 sed
2080 2376 2310 2435 parum

236 2442 565 2503 attenditis.
640 2440 763 2503 Res
793 2444 955 2506 enim
985 2462 1061 2506 eo
1093 2452 1355 2523 spectat,
1385 2454 1455 2507 ut
1485 2461 1557 2506 ea
1589 2456 1812 2521 poena,
1846 2443 1906 2503 in
1941 2461 2065 2519 qua
2098 2442 2316 2505 adhuc

238 2524 305 2601 Q.
338 2522 615 2603 Ligarius
642 2534 759 2599 est,
792 2543 916 2589 non
948 2525 1274 2591 videamini
1297 2546 1440 2591 esse
1461 2525 1752 2589 contenti.
1779 2524 1976 2599 'Quae
1998 2534 2096 2589 est
2115 2527 2308 2603 igitur

236 2610 354 2669 alia
386 2615 629 2685 praeter
655 2612 952 2672 mortem?
1002 2610 1068 2673 Si
1099 2610 1259 2673 enim
1293 2622 1390 2673 est
1420 2612 1481 2672 iu
1513 2608 1752 2685 exsili0,
1783 2610 1967 2673 sicuti
1994 2620 2108 2685 est,
2151 2612 2307 2685 quid

236 2694 499 2767 amplius
522 2694 892 2769 postulatis?
920 2696 1038 2766 An,
1061 2710 1141 2755 ne
1163 2695 1558 2770 ignoscatur?
1587 2694 1721 2755 Hoc
1741 2709 1889 2755 vero
1913 2698 2104 2757 multo
2129 2710 2306 2755 acer-

238 2774 376 2835 bius
401 2779 718 2851 multoque
742 2785 837 2838 est
858 2777 1090 2839 duriuS.
1124 2778 1304 2855 Quod
1329 2795 1445 2840 nos
1470 2777 1681 2853 [domi]
1705 2774 1966 2854 petimus
1983 2774 2315 2855 precibuS,

238 2857 535 2931 lacrimis,
579 2861 754 2921 strati
784 2861 865 2921 ad
895 2861 1125 2937 pedes,
1169 2879 1292 2924 non
1328 2870 1450 2924 tam
1490 2869 1744 2923 nostrae
1777 2876 2007 2925 causae
2035 2862 2316 2923 fidentes

239 2958 420 3017 quam
450 2943 630 3004 huius
662 2942 1037 3017 humanitati,
1066 2944 1126 3006 id
1158 2962 1238 3007 ne
1265 2948 1662 3022 impetremus
1691 2944 2112 3023 oppugnabis,
2147 2953 2214 3006 et
2241 2944 2312 3005 in

238 3033 515 3087 nostrum
534 3024 745 3087 fletum
768 3028 1092 3104 irrumpes,
1118 3037 1181 3091 et
1205 3046 1322 3091 nos
1347 3028 1619 3091 iacentes
1630 3029 1714 3090 ad
1733 3027 2318 3105 pedessupplicum

238 3120 389 3165 voce
425 3104 819 3179 prohibebis?
845 3106 940 3169 14.
974 3106 1059 3180 Si,
1095 3126 1282 3182 quum
1309 3110 1427 3170 boc
1457 3110 1622 3171 domi
1645 3112 2003 3185 faceremus
2037 3114 2208 3189 quod
2241 3118 2312 3170 et

236 3184 489 3247 fecimus
520 3196 615 3260 et,
638 3198 703 3249 ut
731 3206 949 3263 spero,
990 3206 1113 3250 non
1144 3192 1366 3252 frustra
1395 3191 1682 3265 fecimus,
1709 3202 1776 3254 tu
1805 3201 2058 3273 repente
2085 3194 2307 3256 irruis·

238 3282 340 3325 ses
371 3278 432 3329 et
458 3270 718 3329 clamare
748 3272 1100 3345 coepissesz
1142 3270 1204 3331 C.
1241 3270 1491 3349 Caesar,
1521 3290 1671 3335 cave
1697 3274 2018 3351 ignoscas,
2052 3292 2206 3339 cave
2239 3284 2315 3338 te

237 3342 479 3409 tratrum
502 3366 613 3425 pro
653 3350 850 3413 fratris
876 3354 1072 3414 salute
1113 3354 1560 3417 obsecrantium
1581 3353 1898 3435 misereat,
1927 3374 2130 3421 nonne
2168 3374 2306 3421 om·
