2459 3817
375 153 404 166 t-

783 187 952 249 CAP.
985 196 1182 250 2—5.
1227 193 1279 254 S.
1308 194 1431 250 ³—
1452 196 1538 250 m
2076 186 2198 252 221

131 361 236 405 res
268 341 406 420 ipsa
438 338 687 418 flagitat.
746 341 946 402 Unum
977 340 1158 402 etiam
1191 355 1355 400 nunc
1385 339 1751 401 concedam=
1784 345 2023 413 exeant,
2062 355 2203 415 pro·

134 427 518 501 ficiscantur,
572 442 651 486 ne
699 423 1003 500 patiantur
1051 421 1360 485 desiderio
1414 423 1510 484 sui
1551 421 1865 484 Catilinam
1914 421 2203 484 miserum

133 511 472 572 tabescere.
534 509 977 570 Demonstrabo
1007 506 1150 570 iter=
1203 505 1453 568 AureHa
1488 506 1587 566 via
1621 509 1939 582 profectus
1974 514 2099 568 ests
2146 505 2203 568 si

134 596 483 655 accelerare
517 594 742 666 volent,
777 594 858 652 ad
880 607 1205 668 vesperam
1231 598 1706 668 consequentur.
1768 586 1828 651 7.
1862 589 2201 652 O-fortuna-

134 687 258 738 tam
290 693 418 736 rem
461 675 764 751 publicam
782 722 798 748 ,
847 674 901 736 si
933 673 1180 753 quidem
1207 673 1368 734 hanc
1398 673 1697 735 sentinam
1724 673 1893 735 urbis
1922 673 2201 736 eiecerit!

135 761 272 821 Uno
303 760 650 820 mehercule
683 759 934 820 Catilina
962 758 1264 820 exhausto
1278 759 1556 820 relevata
1568 758 1711 819 mihi
1728 766 1788 819 et
1800 767 2073 818 recreata
2098 773 2203 818 res

137 843 382 920 publica
425 842 680 904 videtur.
753 841 910 916 Quid
939 841 1099 903 enim
1129 841 1271 903 mali
1300 849 1404 902 aut
1432 839 1685 902 sceleris
1717 840 1863 917 fingi
1903 847 2007 902 aut
2037 842 2216 920 cogi·¹

137 928 251 988 tari
282 934 487 1002 potest
527 927 694 1002 quod
724 943 850 986 non
887 925 990 986 ille
1023 923 1419 1001 conceperit?
1474 923 1621 998 Quis
1651 930 1778 985 tota
1815 923 1987 985 Italia
2021 942 2204 986 venc-

139 1012 314 1085 ficuS,
345 1009 484 1086 quis
513 1010 828 1085 gladiator,
859 1007 1000 1084 quis
1030 1009 1203 1082 latro,
1241 1007 1381 1084 quis
1412 1005 1689 1081 sicariuS,
1721 1009 1859 1084 quis
1881 1007 2206 1084 parricida,

141 1093 280 1170 quis
309 1100 810 1152 testamentorum
840 1091 1178 1165 subiector,
1212 1090 1351 1167 quis
1376 1090 1899 1167 circumscriptor,
1932 1090 2072 1167 quis
2101 1107 2204 1166 ga·

141 1193 280 1248 neo,
314 1174 454 1248 quis
479 1191 698 1250 nepos,
729 1174 868 1250 quis
897 1175 1147 1247 adulter,
1182 1173 1341 1249 ‘quae
1368 1176 1583 1235 mulier
1608 1174 1872 1249 infamiS,
1903 1173 2041 1250 quis
2072 1189 2205 1235 cor·

143 1266 358 1334 ruptor
386 1255 746 1329 iuventutis,
781 1256 918 1332 quis
949 1266 1291 1334 corruptus,
1323 1257 1461 1333 quis
1484 1257 1763 1334 perditus
1792 1257 2049 1321 inveniri
2074 1265 2207 1334 pot·

145 1350 242 1402 est
283 1338 388 1416 qui
430 1355 498 1400 se
542 1356 678 1401 cum
710 1338 960 1402 Catilina
989 1359 1112 1403 non
1148 1341 1614 1404 familiarissime
1649 1341 1881 1404 vixisse
1913 1344 2207 1416 fateatur!

145 1439 306 1500 quae
336 1424 560 1484 caedes
603 1439 717 1499 per
754 1424 946 1487 hosce
978 1443 1174 1487 annos
1211 1425 1347 1488 sine
1384 1425 1487 1487 illo
1532 1427 1691 1488 facta
1720 1433 1855 1489 est?
1906 1427 2075 1502 quod
2101 1443 2205 1486 ne-

141 1506 360 1569 farium
392 1515 669 1582 stuprum
701 1522 825 1567 non
852 1526 964 1584 per
990 1509 1197 1581 illum?
1254 1509 1316 1570 8.
1358 1511 1481 1570 Iam
1510 1526 1662 1572 vero
1700 1527 1858 1588 quae
1888 1519 2051 1572 tanta
2076 1519 2207 1571 um-

143 1608 326 1668 quam
359 1589 420 1650 in
449 1592 573 1652 ullo
602 1591 850 1652 homine
883 1592 1212 1654 iuventutis
1240 1592 1529 1656 illecebra
1567 1593 1678 1655 fuit
1711 1602 1939 1670 quanta
1970 1593 2032 1654 in
2062 1593 2211 1654 illo?

145 1674 250 1751 qui
288 1676 444 1735 alios
481 1677 727 1738 amabat
752 1678 891 1754 ipse
924 1675 1309 1752 turpissime,
1349 1676 1605 1738 aliorum
1636 1676 1829 1737 amori
1857 1676 2209 1752 flagitiosis·

142 1759 296 1820 sime
325 1758 662 1819 serviebat:
705 1759 840 1819 aliis
877 1761 1134 1821 fructum
1162 1759 1508 1831 libidinum,
1542 1759 1677 1836 aliis
1708 1768 1960 1820 mortem
1991 1769 2207 1834 paren-

142 1851 267 1903 tum
301 1858 423 1902 non
451 1842 635 1902 modo
668 1840 1070 1918 impellendo,
1113 1859 1326 1904 verum
1366 1841 1548 1903 etiam
1577 1841 1927 1903 adiuvando
1958 1841 2209 1917 pollice-

140 1927 334 1986 batur.
405 1925 578 1985 Nunc
621 1941 769 1987 vero
804 1944 986 2001 quam
1028 1926 1229 1988 subito
1262 1943 1386 1987 non
1430 1927 1629 1986 solum
1663 1942 1743 1987 ex
1771 1926 1953 1998 urbe,
2000 1941 2211 1986 verum

144 2008 324 2069 etiam
358 2025 436 2069 ex
466 2007 630 2083 agris
661 2009 968 2084 ingentem
997 2027 1313 2071 numerum
1338 2009 1711 2086 perditorum
1744 2008 2214 2070 hominum'col·

143 2092 403 2168 legerat!
448 2093 638 2154 Nemo
674 2109 797 2153 non
828 2094 1011 2154 modo
1041 2095 1291 2169 Romae,
1328 2093 1441 2154 sed
1471 2111 1548 2156 ne
1576 2094 1703 2154 ullo
1736 2091 1983 2170 quidem
2011 2092 2071 2153 in
2102 2109 2209 2152 an·-

143 2177 286 2252 gulo
327 2174 514 2236 totius
545 2175 752 2237 Italiae
794 2193 1134 2252 oppressus
1177 2194 1321 2239 aere
1361 2176 1562 2239 alieno
1598 2176 1709 2239 fuit
1751 2194 1931 2253 quem
1973 2193 2096 2238 non
2128 2177 2211 2236 ad

142 2259 264 2318 hoc
305 2257 659 2321 incredibile
702 2259 955 2321 sceleris
1003 2262 1222 2322 foedus
1268 2260 1570 2323 asciverit.
1656 2263 1733 2321 V.
1779 2259 1839 2320 9.
1892 2263 2096 2336 Atque
2144 2267 2213 2321 ut

144 2339 281 2402 eius
317 2339 564 2403 diversa
606 2343 808 2404 studia
842 2345 902 2402 in
942 2343 1224 2404 dissimili
1266 2344 1499 2407 ratione
1544 2346 1896 2421 perspicere
1935 2341 2209 2419 possitis,

144 2440 326 2485 nemo
359 2433 454 2484 est
484 2423 546 2486 in
575 2426 720 2487 ludo
757 2427 1118 2503 gladiatorio
1147 2428 1356 2504 paullo
1400 2429 1480 2488 ad
1511 2429 1751 2489 facinus
1781 2425 2075 2502 audacior
2104 2424 2211 2502 qui

143 2523 216 2568 se
248 2524 371 2568 non
403 2506 674 2571 intimum
705 2508 994 2572 Catilinae
1023 2528 1166 2572 esse
1205 2513 1490 2585 fateatur,
1536 2528 1714 2574 nemo
1757 2511 1816 2571 in
1861 2527 2086 2571 scaena
2126 2511 2210 2570 le-

142 2591 280 2651 vior
320 2600 380 2654 et
419 2591 681 2668 nequior
724 2593 831 2670 qui
873 2611 942 2656 se
989 2609 1115 2655 non
1160 2594 1437 2656 eiusdem
1471 2612 1667 2671 prope
1700 2593 1977 2656 sodalem
2016 2593 2210 2655 fuisse

144 2683 594 2737 commemoret.
677 2678 884 2754 Atque
926 2676 1088 2740 idem
1127 2685 1360 2752 tamen,
1411 2687 1759 2754 stuprorum
1805 2687 1867 2739 et
1909 2678 2211 2739 scelerum

144 2759 581 2820 exercitatione
622 2761 1016 2824 adsuefactus
1097 2762 1321 2836 frigore
1364 2771 1425 2822 et
1458 2763 1617 2822 fame
1643 2778 1719 2822 ac
1748 2759 1847 2823 siti
1890 2769 1951 2823 et
1988 2758 2210 2836 vigiliis

146 2842 557 2917 perferendis,
604 2844 775 2905 fortis
819 2846 895 2904 ab
936 2844 1070 2906 istis
1106 2845 1602 2922 praedicabatur,
1650 2862 1835 2920 quum
1876 2843 2211 2906 industriae

145 2925 424 2986 subsidia
469 2934 654 3002 atque
701 2927 1096 2990 instrumenta
1138 2927 1376 2989 virtutis
1420 2927 1480 2988 in
1532 2926 1783 3008 libidine
1832 2927 2211 3005 audaciaque

145 3017 555 3071 consumeret.
633 3010 731 3074 10.
776 3013 950 3072 Hunc
984 3028 1132 3073 vero
1169 3011 1223 3072 si
1256 3011 1451 3073 secuti
1492 3020 1670 3073 erunt
1698 3012 1795 3074 sui
1825 3012 2110 3085 comiteS,
2156 3008 2209 3070 si

145 3109 224 3153 ex
263 3094 418 3155 urbe
460 3092 719 3156 exierint
760 3096 1226 3171 desperatorum
1276 3093 1587 3156 hominum
1629 3094 1919 3172 flagitiosi
1968 3110 2207 3170 greges,

147 3193 183 3236 o
211 3192 330 3237 nos
355 3177 592 3249 beatOS‚
629 3194 666 3238 o
697 3194 824 3238 rem
855 3179 1158 3254 publicam
1188 3181 1572 3253 fortunatam,
1610 3197 1649 3241 o
1679 3180 2051 3256 praeclaram
2082 3179 2209 3237 lau-

146 3259 284 3320 dem
308 3264 662 3322 consulatus
686 3261 834 3321 mei!
878 3263 1009 3323 Non
1036 3265 1193 3323 enim
1217 3265 1335 3323 iam
1361 3272 1502 3325 sunt
1525 3263 1867 3324 mediocres
1896 3259 2211 3320 hominum

145 3341 458 3418 libidineS,
498 3361 622 3405 non
664 3345 964 3422 humanae
993 3361 1066 3406 ac
1101 3347 1454 3408 tolerandae
1494 3347 1816 3406 audaciae=
1866 3342 2013 3403 nihil
2044 3341 2210 3419 cogi·

144 3433 270 3486 tant
297 3425 414 3487 nisi
445 3429 700 3500 caedeS,
748 3428 866 3488 nisi
895 3427 1198 3501 incendia,
1232 3429 1350 3490 nisi
1376 3427 1647 3505 rapinas.
1704 3425 2070 3488 Patrimonia
2096 3443 2209 3488 sua
