2459 3817
242 198 326 258 48
743 196 819 255 ΙΝ
848 196 914 269 Ω.
949 194 1368 255 CAECILIUM
1394 193 1811 253 DIVINATIO.

257 347 349 408 nis
384 363 525 407 esse
549 344 992 421 praepositum.
1058 346 1191 405 Non
1215 343 1298 404 ita
1326 353 1450 406 est:
1482 345 1594 404 sed
1624 342 1804 404 unius
1836 344 2135 417 cuiusque
2158 352 2302 405 tem-

257 429 453 505 poris,
507 426 898 499 taletudinis,
955 426 1256 488 facultatis
1298 428 1375 487 ad
1417 427 1719 502 agendum
1762 427 1945 486 ducta
1996 426 2149 486 ratio
2194 436 2305 488 est.

252 514 389 572 Mea
422 511 530 571 l'uit
562 526 806 587 semper
833 510 985 570 haec
1014 510 1074 569 in
1102 510 1218 569 hac
1247 526 1315 570 re
1350 512 1632 570 voluntas
1664 516 1723 569 et
1750 508 2065 580 sententia,
2100 526 2301 584 quem·

253 595 348 654 vis
386 602 450 654 ut
476 594 595 654 hoc
629 595 868 653 mallem
899 594 975 653 de
1007 592 1112 666 iis,
1147 592 1251 668 qui
1282 600 1493 653 essent
1525 592 1749 665 idonei,
1780 591 2098 666 suscipere
2130 609 2305 667 quam

253 694 380 750 me,
409 694 505 737 me
535 685 602 737 ut
629 678 870 737 mallem
901 692 1082 751 quam
1111 675 1431 735 neminem.

417 760 491 817 V.
551 757 648 821 17.
711 759 1035 833 Reliquum
1083 766 1178 819 est
1217 758 1337 819 iam
1377 766 1444 819 ut
1489 757 1636 818 illud
1680 774 2074 832 quaeramus,
2126 775 2304 832 quum

253 843 370 903 hoc
400 850 668 915 constet,
701 841 942 902 Siculos
989 858 1026 901 a
1072 857 1168 901 me
1208 840 1469 917 petisse,
1512 839 1734 915 ecquid
1774 840 1931 901 hanc
1972 856 2098 901 rem
2141 842 2301 915 apud

253 942 367 985 vos
396 923 758 1000 animosque
793 933 1036 985 vestros
1081 926 1284 985 valere
1314 930 1626 999 oporteat,
1669 924 1893 998 ecquid
1934 922 2305 984 auctoritatis

251 1008 415 1083 apud
446 1024 558 1068 vos
586 1007 646 1067 in
679 1024 793 1069 suo
825 1009 954 1068 iure
982 1008 1321 1081 repetundo
1351 1005 1504 1067 socii
1534 1005 1749 1082 populi
1769 1006 2043 1078 Romani,
2078 1005 2308 1081 suppli·

255 1107 360 1151 ces
387 1090 593 1163 vestri,
631 1091 860 1151 habere
889 1091 1166 1149 debeant.
1225 1092 1315 1149 De
1346 1106 1468 1165 quo
1500 1088 1645 1163 quid
1679 1105 1793 1161 ego
1830 1091 2005 1164 plura
2047 1105 2305 1149 comme-

251 1181 524 1234 morem?
553 1173 731 1246 quasi
761 1189 905 1233 vero
943 1172 1190 1232 dubium
1218 1172 1297 1231 sit
1329 1172 1473 1247 quin
1506 1180 1633 1233 tota
1664 1172 1767 1230 lex
1801 1173 1878 1232 de
1908 1173 2186 1247 pecuniis
2215 1188 2306 1231 re·

254 1255 539 1331 petundis
586 1256 894 1317 sociorum
935 1272 1124 1316 causa
1171 1257 1496 1316 constituta
1544 1253 1640 1315 sit.
1720 1253 1818 1315 18.
1879 1256 2027 1315 Nam
2071 1254 2305 1315 civibus

253 1356 437 1414 quum
469 1347 609 1399 sunt
651 1348 899 1414 ereptae
941 1338 1269 1414 pecuniae,
1316 1337 1476 1399 civili
1518 1338 1644 1397 sere
1687 1337 1925 1398 actione
1968 1346 2028 1398 et
2068 1337 2304 1412 privato

251 1422 381 1481 iure
409 1428 789 1494 repetuntur:
821 1421 974 1480 haec
1012 1420 1106 1480 iex
1143 1419 1391 1482 socialis
1420 1428 1541 1493 est,
1580 1420 1700 1480 hoc
1731 1418 1826 1479 ius
1859 1420 2169 1481 nationum
2200 1436 2303 1479 ex-

251 1512 516 1565 terarum
546 1512 667 1573 est,
703 1504 857 1562 hanc
890 1503 1112 1564 habent
1143 1520 1347 1564 arcem
1376 1503 1577 1563 minus
1613 1502 1925 1578 aliquanto
1970 1519 2131 1563 nunc
2176 1502 2298 1578 qui-

251 1585 390 1645 d'em
427 1585 714 1646 munitam
744 1600 926 1660 quam
951 1594 1144 1658 antea,
1181 1602 1391 1647 verum
1412 1595 1627 1661 tamen,
1661 1584 1715 1645 si
1739 1602 1861 1660 qua
1889 1586 2125 1661 reliqua
2155 1602 2303 1662 spes

252 1678 374 1741 est,
411 1684 568 1744 quae
603 1668 910 1729 sociorum
943 1668 1179 1730 animos
1209 1668 1516 1730 consolari
1544 1669 1774 1744 possit,
1816 1686 1891 1729 ea
1922 1676 2047 1730 tota
2087 1669 2147 1728 in
2189 1668 2305 1727 hac

253 1753 386 1826 lege
431 1750 631 1825 posita
671 1758 794 1812 est=
849 1752 1022 1813 cuius
1056 1751 1206 1827 legis
1249 1769 1368 1813 non
1414 1754 1596 1812 modo
1639 1769 1675 1812 a
1701 1752 1959 1826 ‘populo
2004 1754 2301 1822 Romano,

253 1834 363 1893 sed
393 1834 572 1893 etiam
601 1835 677 1894 ab
708 1834 932 1895 ultimis
963 1835 1310 1897 nationibus
1339 1833 1459 1895 iam
1501 1833 1736 1909 pridem
1772 1834 1971 1895 severi
2013 1836 2301 1895 custodes

250 1916 654 1990 requiruntur.
723 1917 820 1978 19.
885 1918 1031 1991 Quis
1075 1934 1219 1992 ergo
1258 1927 1354 1980 est
1397 1917 1501 1992 qui
1543 1924 1723 1993 neget
1767 1925 2048 1992 oportere
2093 1934 2301 1978 eorum

251 1998 541 2058 arbitratu
571 2000 705 2073 lege
741 1999 870 2074 agi,
906 2018 1162 2074 quorum
1197 2018 1386 2061 causa
1422 2004 1521 2061 lex
1562 2000 1641 2061 sit
1683 1999 2055 2061 constituta?
2098 2000 2298 2059 Sicilia

251 2088 374 2140 tota
413 2079 466 2139 si
500 2096 622 2140 una
654 2097 805 2141 voce
833 2082 1210 2156 loqueretur,
1251 2085 1367 2143 hoc
1404 2083 1661 2144 diceret:
1722 2082 1897 2157 Quod
1938 2081 2098 2155 auri,
2135 2083 2297 2157 quod

250 2161 511 2238 argenti,
543 2164 710 2238 quod
741 2172 1226 2225 ornamentorum
1264 2165 1325 2225 in
1356 2166 1507 2225 meis
1540 2164 1822 2238 urbibus,
1870 2164 2147 2238 sedibus,
2194 2166 2298 2225 de·

249 2240 466 2313 lubriS,
513 2244 680 2314 quod
723 2242 784 2300 in
828 2256 952 2299 una
997 2252 1245 2312 quaque
1286 2252 1355 2296 re
1398 2234 1694 2299 beneficio
1728 2244 1924 2300 senati
1968 2238 2305 2317 populique

252 2325 505 2385 Romani
533 2326 680 2385 iuris
709 2326 923 2396 habui,
972 2325 1033 2387 id
1070 2325 1216 2385 mihi
1250 2334 1339 2399 tu,
1396 2327 1459 2386 C.
1491 2328 1751 2400 Verres,
1793 2326 2069 2401 eripuisti
2116 2334 2300 2403 atque

251 2408 579 2469 abstulisti=
615 2425 736 2483 quo
770 2408 1012 2469 nomine
1041 2410 1152 2470 abs
1182 2417 1242 2470 te
1274 2410 1612 2471 sestertium
1654 2407 1890 2470 miliens
1922 2426 2001 2470 ex
2044 2410 2181 2483 lege
2208 2424 2302 2467 re-

252 2500 413 2565 peto.
478 2490 544 2550 Si
573 2490 892 2564 universa,
919 2498 986 2551 ut
1013 2490 1156 2564 dixi,
1189 2491 1506 2567 provincia
1532 2490 1701 2567 loqui
1732 2501 1959 2567 posset,
2001 2491 2117 2550 hac
2148 2506 2304 2551 voce

249 2579 540 2633 uteretur=
589 2573 875 2647 quoniam
931 2573 989 2632 id
1033 2590 1154 2634 non
1195 2582 1459 2649 poterat,
1511 2575 1723 2635 harum
1765 2590 1965 2635 rerum
2013 2582 2301 2646 actorem,

251 2672 431 2729 quem
462 2653 744 2716 idoneum
781 2672 923 2717 esse
951 2657 1237 2717 arbitrata
1266 2665 1390 2731 est,
1420 2656 1555 2731 ipsa
1587 2658 1828 2731 delegit.
1893 2656 1999 2718 20.
2057 2657 2124 2716 ln
2170 2656 2304 2716 eius

250 2738 412 2797 modi
448 2754 514 2797 re
549 2738 872 2813 quisquam
903 2746 1023 2799 tam
1052 2737 1372 2814 impudens
1401 2738 1739 2814 reperietur
1774 2739 1876 2815 qui
1922 2740 2000 2799 ad
2044 2738 2303 2798 alienam

250 2836 500 2879 causam
529 2819 735 2881 invitis
762 2820 857 2895 iis,
891 2838 1148 2896 quorum
1172 2822 1477 2896 negotium
1524 2830 1647 2893 est}
1679 2822 1977 2882 accedere
2006 2830 2111 2882 aut
2138 2820 2306 2896 aspi-

248 2918 383 2961 rare
419 2902 684 2963 audeat?
745 2905 848 2963 VI.
917 2903 982 2963 Si
1011 2903 1143 2978 tibi,
1193 2904 1259 2979 Q.
1307 2903 1556 2976 Caecili,
1602 2904 1719 2965 hoc
1763 2904 1950 2965 Siculi
1996 2903 2302 2965 dicerent:

247 2986 330 3044 Te
359 3000 481 3045 non
512 2986 823 3059 novimus,
856 2985 1164 3048 nescimus
1197 2986 1301 3063 qui
1336 2986 1453 3061 εἰε,
1484 3003 1811 3062 numquam
1846 2994 1905 3047 te
1935 2994 2117 3046 antea
2151 2986 2305 3045 vidi-

248 3084 424 3141 muS,
459 3068 592 3129 sine
639 3086 754 3129 nos
797 3086 910 3145 per
948 3086 1084 3130 eum
1127 3078 1369 3131 nostras
1413 3071 1687 3130 fortunas
1718 3070 2079 3141 defendere,
2123 3069 2301 3129 cuius

147 3170 152 3177 ·
248 3150 404 3211 fides
434 3160 530 3213 est
557 3150 736 3212 nobis
765 3152 1034 3227 cognita,
1080 3169 1282 3214 nonne
1312 3153 1374 3213 id
1403 3152 1703 3226 dicerent,
1737 3154 1901 3227 quod
1935 3151 2128 3213 cuivis
2161 3168 2296 3227 pro-

249 3234 393 3293 bare
420 3234 755 3296 deberent?
808 3235 980 3295 Nunc
1015 3235 1132 3297 hoc
1165 3235 1402 3310 dicunt,
1443 3243 1766 3310 utrumque
1803 3252 1872 3296 se
1903 3252 2121 3297 nosse=
2154 3236 2305 3295 alte·

247 3332 380 3375 rum
412 3334 480 3380 se
511 3334 737 3393 cupere
759 3318 1142 3379 defensorem
1173 3335 1317 3379 esse
1347 3320 1719 3380 fortunarum
1749 3334 2014 3392 suarum,
2046 3320 2303 3379 alterum

249 3400 430 3473 plane
457 3402 636 3463 nolle.
703 3400 801 3463 21.
866 3401 983 3461 Cur
1025 3401 1245 3474 nolint,
1288 3400 1525 3461 etiamsi
1570 3409 1837 3474 taceant,
1879 3400 2027 3461 satis
2070 3396 2297 3463 dicunt.
