2459 3817
248 154 378 221 244
555 151 637 214 IN
661 151 741 213 Μ.
776 151 1177 219 ΑΝΤΟΝΠΙΜ
1206 148 1489 215 ORATIO
1521 148 1942 214 PHILIPPICA
1966 149 2040 211 11.

255 304 321 370 0.
350 304 578 369 Caesar
621 303 987 381 pecuniam
1032 321 1142 367 cur
1187 302 1395 381 potius
1425 318 1610 382 quam
1635 318 1756 379 ego
1785 303 1864 363 ab
1897 301 2044 363 illo?
2086 316 2174 362 an
2207 300 2348 363 sine

257 405 357 451 me
389 389 491 450 ille
518 387 707 451 vicit!
739 391 820 451 At
845 404 923 449 ne
957 388 1157 462 potuit
1188 388 1456 463 quidem.
1541 388 1674 463 Ego
1703 388 1780 447 ad
1813 386 1980 447 illum
2006 384 2158 445 belli
2193 386 2352 447 civi-
2424 402 2425 405 ¹

254 471 333 534 lis
375 487 626 533 causam
670 471 867 540 attuli,
914 486 1035 545 ego
1078 472 1252 547 leges
1290 470 1676 545 perniciosas
1711 468 1955 544 rogavi,
2007 483 2130 543 ego
2169 484 2352 530 arma

256 563 471 619 contra
498 554 787 615 consules
814 553 1346 630 imperatoresque
1365 554 1580 629 populi
1605 551 1882 626 Romani,
1913 559 2128 613 contra
2153 568 2350 614 sena·

256 646 383 701 tum
414 638 835 712 populumque
862 638 1233 711 Romanum,
1273 644 1490 698 contra
1529 637 1687 701 deos
1715 635 1949 712 patrios
1975 650 2260 709 arasque
2287 647 2350 699 et

254 722 452 793 focos,
484 728 695 783 eontra
728 719 987 795 patriam
1018 720 1147 784 tuli.
1233 720 1390 782 Num
1419 719 1539 783 sibi
1569 719 1688 781 soli
1715 718 1901 781 vicit?
1941 718 2228 792 Quorum
2259 722 2348 779 ra-

256 802 431 865 oinus
455 812 553 865 est
572 818 913 877 commune,
938 820 1047 865 cur
1072 819 1197 866 non
1220 804 1300 865 sit
1327 819 1540 865 eorum
1562 803 1794 878 praeda
1813 802 2212 863 communisv
2239 804 2346 863 lus

256 888 655 984 postulabas}
694 887 809 949 sed
840 886 989 963 quid
1018 889 1100 951 ad
1126 893 1303 949 rem?
1337 886 1482 947 Plus
1510 887 1612 947 ille
1639 893 1898 962 poterat.
1983 883 2345 960 73.1taque

256 970 543 1033 excussis
570 969 693 1033 tuis
716 971 972 1033 vocibus
1003 978 1064 1033 et
1096 972 1177 1032 ad
1205 979 1266 1030 te
1295 979 1356 1031 ct
1383 971 1462 1031 ad
1497 970 1760 1045 praedes
1797 977 1940 1030 tuos
1967 966 2204 1029 milites
2235 969 2344 1029 mi-

257 1055 355 1125 sit,
393 1070 581 1131 quum
612 1062 866 1129 repente
890 1070 929 1117 a
956 1060 1023 1115 te
1049 1054 1374 1130 praeclara
1393 1052 1498 1114 illa
1521 1052 1739 1114 tabula
1763 1053 2006 1129 prolata
2032 1058 2156 1113 est.
2228 1051 2344 1127 Qui

254 1135 420 1199 risus
448 1137 789 1199 hominum!
820 1144 1046 1201 tantam
1075 1151 1219 1199 esse
1248 1136 1534 1207 tabulam,
1559 1142 1682 1195 tam
1715 1134 1938 1207 varias,
1965 1142 2090 1195 tam
2111 1136 2342 1197 multas
2424 1138 2425 1167 ⁴

257 1220 717 1297 possessiones,
740 1236 821 1281 ex
842 1217 1065 1295 quibus
1088 1226 1332 1295 praeter
1343 1225 1577 1293 partem
1593 1216 1814 1279 Miseni
1833 1217 1982 1279 nihil
2007 1226 2142 1279 erat
2167 1219 2342 1294 quod

257 1304 347 1375 is,
390 1304 495 1379 qui
526 1304 1005 1378 auctionaretur,
1047 1310 1268 1378 posset
1291 1316 1474 1363 suum
1513 1301 1737 1363 dicere.
1823 1300 2154 1363 Auctionis
2187 1317 2340 1363 vero

256 1386 620 1447 miserabilis
649 1394 941 1461 aspectus
959 1407 976 1440 ι
1005 1384 1198 1447 vestis
1229 1382 1504 1461 Pompeii
1526 1400 1650 1445 non
1679 1384 1868 1447 mults
1893 1399 2097 1460 eaque
2121 1401 2337 1447 macu-
2424 1428 2425 1469 3

257 1469 415 1540 losa,
456 1467 731 1527 eiusdem
756 1467 1061 1541 quaedam
1075 1476 1367 1542 argentea
1389 1483 1540 1529 vasa
1561 1466 1795 1541 collisa,
1827 1466 2084 1529 sordida
2103 1468 2335 1528 manci-
2424 1472 2425 1475 ’

258 1550 392 1625 pia,
434 1558 501 1611 ut
526 1550 875 1611 doleremus
914 1548 1247 1625 quidquam
1289 1566 1435 1612 esse
1467 1567 1550 1613 ex
1577 1549 1696 1611 illis
1727 1549 2006 1627 reliquiis
2037 1552 2217 1627 quod
2247 1550 2333 1610 vi-

259 1633 409 1693 dere
438 1648 785 1709 possemus.
873 1630 976 1697 74.
1010 1633 1182 1695 Hanc
1209 1641 1414 1696 tamen
1443 1633 1786 1697 auctionem
1813 1634 2082 1697 heredes
2105 1634 2180 1695 L.
2215 1636 2334 1695 Ru-

258 1716 374 1778 brii
406 1718 655 1781 decreto
684 1716 968 1779 Caesaris
1005 1715 1466 1793 prohibuerunt.
1549 1717 1856 1779 Haerebat
1904 1717 2130 1779 nebulo
2148 1739 2168 1773 ι
2211 1734 2336 1792 quo
2424 1728 2425 1791 l

261 1816 336 1860 se
372 1810 637 1863 verteret
678 1816 803 1863 non
842 1801 1124 1863 habebat·
1212 1799 1370 1873 Quin
1431 1798 1510 1863 iis
1553 1798 1710 1875 ipsis
1748 1800 2132 1876 temporibus
2168 1799 2335 1863 domi
2424 1794 2425 1827 ³

260 1882 544 1947 Caesaris
558 1900 897 1961 percussor
916 1883 995 1945 ab
1017 1884 1135 1945 isto
1161 1884 1392 1947 missus
1405 1884 1832 1958 deprehensus
1850 1884 2173 1947 dicebatur
2193 1900 2334 1945 esse

262 1982 401 2027 cum
440 1967 589 2031 sica.
677 1969 769 2030 De
813 1984 936 2042 quo
970 1967 1199 2029 Caesar
1235 1967 1298 2029 in
1350 1974 1570 2029 senatu
1607 1974 1817 2043 aperte
1838 1967 1905 2027 >in
1943 1975 2005 2029 te
2032 1966 2336 2028 invehens

263 2057 524 2125 questus
562 2058 677 2111 est.
773 2048 1187 2114 Proficiscitur
1224 2048 1286 2112 in
1315 2048 1676 2126 Hispaniam
1710 2051 1937 2114 caesar
1977 2049 2201 2127 paucis
2229 2050 2336 2111 tibi

262 2133 345 2193 ad
373 2135 733 2196 solvendum
767 2142 1019 2209 propter
1052 2132 1322 2209 inopiam
1351 2142 1513 2197 tuam
1541 2133 1888 2209 prorogatis
1915 2132 2157 2195 diebus.
2247 2134 2335 2193 Ne

261 2224 390 2275 tum
422 2215 667 2289 quidem
698 2218 999 2291 sequeris.
1034 2218 1177 2278 Tam
1215 2218 1419 2279 bonus
1447 2216 1750 2291 gladiator
1773 2217 1989 2279 rudem
2015 2224 2137 2277 tam
2174 2217 2338 2278 citor

260 2297 440 2357 Hunc
465 2298 645 2371 igitur
666 2298 1007 2376 quisquam,
1037 2300 1232 2375 quiin
1277 2300 1406 2363 suis
1428 2299 1723 2375 partibus,
1744 2298 1810 2361 id
1835 2306 1930 2361 est
1953 2299 2020 2362 in
2051 2296 2188 2362 suis
2215 2300 2334 2361 for-

262 2378 445 2450 tunis,
472 2388 593 2440 tam
621 2381 869 2443 timidus
898 2382 1096 2456 fuerit,
1130 2383 1568 2459 pertimescam
1653 2412 1664 2421 ·

387 2461 569 2529 XXX.
614 2460 1062 2527 751>r0feetus
1092 2475 1188 2527 est
1216 2466 1550 2542 aliquando
1579 2464 1869 2529 tandem
1851 2484 1914 2527 ιιι
1943 2464 2332 2543 Hispaniam·

264 2546 379 2607 sed
410 2550 566 2619 tuto,
595 2554 663 2609 ut
689 2545 803 2619 ait,
834 2548 1155 2619 pervenire
1186 2564 1308 2611 non
1338 2548 1552 2625 potuit.
1637 2550 1910 2624 Quonam
1937 2550 2124 2613 modo
2153 2549 2336 2626 igitur
2424 2564 2425 2601 ι

264 2630 581 2691 Dolabella
611 2628 930 2705 pervenitv
960 2632 1087 2692 Aut
1115 2646 1238 2691 non
1261 2632 1658 2709 suscipienda
1691 2633 1802 2695 ruit
1826 2632 1944 2698 ista
1965 2646 2174 2705 causa,
2209 2634 2330 2693 An·
2424 2678 2425 2691 ,

266 2712 413 2787 toni,
437 2722 559 2788 aut,
590 2730 781 2791 quum
800 2712 1213 2790 suscepisses,
1237 2714 1624 2777 defendenda
1643 2730 1844 2791 usque
1869 2716 1951 2776 ad
1979 2723 2330 2777 extremum.
2424 2716 2425 2725 ’

264 2796 383 2855 Ter
434 2796 810 2876 depugnavit
847 2797 1073 2859 caesar
1112 2814 1254 2860 cum
1294 2798 1563 2873 civibus,
1586 2839 1590 2844 »
1613 2798 1676 2859 in
1717 2799 2062 2872 Thessalia,
2106 2798 2328 2873 Africa,
2424 2816 2425 2877 ᾗ

265 2876 582 2953 Hispania.
670 2878 966 2943 Omnibus
1006 2880 1201 2945 adfuit
1239 2881 1336 2943 his
1373 2882 1597 2959 pugnis
1623 2882 1968 2945 Dolabella=
2005 2880 2072 2943 in
2112 2881 2328 2956 Hispa·
2424 2896 2425 2927 l

265 2959 467 3022 nicusi
496 2962 680 3023 etiam.
698 2966 923 3028 vulnus
948 2964 1207 3039 aceepit.
1271 2962 1339 3027 Si
1372 2966 1452 3028 de
1487 2980 1624 3027 meo
1653 2963 1880 3027 iudicio
1911 2963 2175 3042 quaeris,
2203 2965 2328 3024 nol·

268 3044 407 3105 lem.
496 3043 623 3106 Sed
661 3054 864 3107 tamen
908 3046 1227 3109 consilium
1267 3064 1307 3109 a
1349 3047 1544 3123 primo
1572 3048 2176 3123 reprehendendum,
2205 3049 2326 3108 lau-

269 3126 473 3188 danda
500 3128 859 3193 constantia.
943 3128 1033 3191 Tu
1059 3146 1207 3193 vero
1245 3131 1394 3205 quid
1420 3138 1534 3192 esv
1572 3130 1679 3193 Cn.
1707 3130 1978 3207 Pompeii
2003 3129 2180 3191 liberi
2207 3139 2326 3191 tum

268 3210 526 3281 primum
556 3208 809 3286 patriam
842 3212 1217 3286 repetebant.
1259 3214 1442 3275 Estoae
1470 3212 1654 3277 fuerit
1679 3213 1836 3276 haec
1860 3215 2123 3291 partium
2143 3228 2326 3275 causa

270 3292 628 3355 communis.
674 3293 1057 3367 Repetebant
1081 3302 1396 3366 praeterea
1409 3296 1564 3358 deos
1579 3301 1886 3371 [penates]
1898 3293 2153 3373 patrios,
2171 3312 2322 3367 ιιιιιε,

272 3369 476 3446 rocos,
507 3375 696 3435 larem
726 3390 905 3438 suum
935 3374 1318 3450 familiarem,
1359 3375 1422 3438 in
1453 3393 1612 3451 quae
1641 3385 1707 3439 tu
1744 3378 2078 3440 invaseras.
2163 3380 2322 3439 Haec
