2459 3817
777 173 946 235 cAP.
977 178 1180 232 s-10.
1211 174 1271 250 3.
1305 177 1541 231 19—25.
1735 230 1746 241 .
2070 171 2193 237 237

134 336 356 401 talibus
389 335 648 400 ducibus
676 336 836 398 hanc
865 345 1129 399 mentem
1161 341 1668 414 voluntatemque
1702 337 1971 416 suscepi,
2003 347 2188 414 atque

130 425 212 483 ad
253 424 408 484 haec
449 430 618 482 tanta
655 421 881 482 indicia
920 423 1197 499 perveni.
1278 424 1402 483 lam
1448 439 1601 483 vero
1642 421 1747 482 illa
1780 424 2186 497 Allobrogum

129 507 481 570 sollicitatio
529 547 757 564 ......
812 504 932 566 iam
979 508 1056 566 ab
1114 507 1373 567 Lentulo
1430 505 1780 579 ceterisque
1830 505 2184 568 domesticis

129 589 412 651 hostibus
441 596 564 649 tam
595 589 913 651 dementer
944 597 1150 650 tantae
1179 605 1281 650 res
1313 589 1581 650 creditae
1614 596 1675 650 et
1701 590 1927 666 ignotis
1964 601 2025 650 et
2051 591 2184 650 bar·

128 674 296 734 baris
327 670 825 750 commissaeque
853 673 1090 734 litterae
1119 689 1447 748 numquam
1480 681 1691 736 essent
1723 676 2021 749 profecto,
2069 672 2183 734 nisi

129 757 206 814 ab
251 755 349 816 dis
384 756 826 817 immortalibus
869 757 1010 818 huic
1051 763 1263 816 tantae
1301 757 1600 818 audaciae
1652 757 1973 818 consilium
2016 764 2184 818 esset

131 845 426 915 ereptum.
497 839 652 914 Quid
681 841 877 901 vero?
909 848 977 901 ut
1009 840 1291 900 homines
1322 839 1474 900 Galli
1506 855 1584 900 ex
1614 839 1863 900 civitate
1896 842 2049 899 male
2082 856 2183 914 pa-

129 931 296 994 cata,
331 938 490 996 quae
509 938 664 998 gens
699 939 823 982 una
851 931 1046 985 restat
1075 940 1235 997 quae
1264 924 1490 983 bellum
1526 924 1758 998 populo
1792 925 2068 982 Romano
2102 925 2176 980 ra·

130 1021 274 1066 cere
299 1013 360 1066 et
385 1021 581 1081 posse
610 1015 673 1068 et
699 1022 824 1067 non
861 1010 1025 1067 nolle
1061 1005 1369 1077 videatur,
1406 1021 1583 1080 spem
1611 1005 1847 1081 imperii
1880 1022 1953 1066 ae
1980 1021 2185 1064 rerum

129 1087 644 1164 amplissimarum
683 1091 845 1151 ultro
879 1089 995 1151 sibi
1034 1107 1069 1148 a
1101 1088 1371 1164 patriciis
1410 1087 1757 1148 hominibus
1788 1089 2051 1148 oblatam
2084 1105 2185 1148 ne-

129 1173 437 1246 gligerent
463 1178 862 1246 vestramque
891 1175 1152 1232 salutem
1194 1172 1325 1233 suis
1358 1171 1581 1246 opibus
1606 1177 2071 1248 anteponerent,
2125 1172 2185 1232 id

129 1269 256 1313 non
288 1251 578 1318 divinitus
621 1256 851 1314 factum
887 1268 1030 1316 esse
1065 1254 1332 1330 putatis?
1376 1254 1734 1330 praesertim
1774 1255 1878 1330 qui
1907 1271 2023 1315 nos
2060 1271 2184 1316 non

127 1338 496 1413 pugnando,
529 1337 644 1398 sed
679 1340 938 1399 tacendo
972 1355 1272 1414 superare
1298 1338 1651 1413 potuerint?

293 1419 505 1481 Χ.23.
541 1422 733 1496 Quam
769 1423 846 1483 ob
876 1438 1025 1494 rem,
1064 1421 1345 1496 Quirites,
1380 1423 1670 1498 quoniam
1700 1425 1779 1484 ad
1816 1421 2019 1488 omnia
2053 1424 2183 1498 pul-

123 1485 358 1563 vinaria
381 1505 752 1580 supplicatio
766 1507 1014 1567 decreta
1031 1513 1142 1578 est,
1167 1505 1544 1569 celebratote
1558 1509 1697 1568 illos
1722 1507 1855 1569 dies
1880 1523 2017 1567 cum
2042 1522 2182 1566 eon·

123 1587 367 1662 iugibus
397 1603 471 1648 ac
497 1587 703 1649 liberis
727 1590 973 1652 vestris.
1051 1591 1201 1650 Nam
1238 1591 1407 1655 multi
1431 1606 1624 1666 saepe
1658 1593 1929 1653 honores
1954 1589 2047 1650 dis
2078 1589 2181 1649 im-

65 1747 77 1754 ,
122 1669 486 1732 mortalibus
513 1670 656 1732 iusti
682 1672 870 1736 habiti
897 1681 1044 1738 sunt
1072 1689 1146 1734 ae
1185 1675 1398 1744 debiti,
1434 1676 1547 1735 sed
1582 1677 1865 1750 profecto
1895 1672 2180 1733 iustiores

122 1771 474 1830 numquam.
545 1756 758 1830 Erepti
793 1757 950 1816 enim
985 1757 1136 1816 estis
1161 1773 1241 1816 ex
1270 1757 1697 1817 crudelissimo
1735 1772 1809 1815 ae
1843 1754 2181 1814 miserrimo

119 1838 370 1898 interitu
396 1845 458 1898 et
481 1837 676 1912 erepti
689 1837 826 1898 sine
850 1840 1060 1909 caede,
1085 1839 1220 1898 sine
1235 1837 1555 1912 sanguine,
1582 1838 1715 1897 sine
1738 1836 2029 1904 exercitu,
2052 1836 2185 1894 siue

119 1920 548 1983 dimicatione:
571 1920 767 1995 togati
787 1937 885 1980 me
905 1937 1029 1980 uno
1056 1928 1269 1995 togato
1284 1921 1447 1980 duce
1463 1928 1523 1980 et
1544 1919 1915 1994 imperatore
1929 1917 2182 1978 vicistis.

119 2005 227 2065 24.
251 2003 491 2064 Etenim
507 2003 936 2075 recordamini,
963 2003 1245 2078 Quirites,
1268 2018 1485 2064 omnes
1511 2003 1723 2064 civiles
1739 2001 2181 2074 dissensiones,

115 2104 249 2148 non
279 2089 482 2147 solum
507 2101 614 2147 eas
631 2133 648 2160 ,
683 2101 839 2161 quas
863 2086 1138 2158 audistiS,
1164 2088 1279 2147 sed
1303 2102 1430 2158 eaS,
1468 2103 1623 2162 quas
1646 2093 1891 2147 vosmet
1911 2085 2029 2161 ipsi
2062 2101 2182 2146 me-

117 2169 382 2231 ministis
407 2178 594 2246 atque
618 2169 875 2230 vidistis.
927 2173 993 2232 L.
1010 2171 1180 2231 Sulla
1199 2171 1263 2230 P.
1280 2170 1616 2246 Sulpicium
1642 2171 1973 2248 oppressit,
2008 2168 2184 2231 eiecit

117 2273 202 2314 ex
223 2255 378 2315 urbe
403 2255 466 2314 C.
487 2255 764 2326 Marium,
804 2255 1125 2316 custodem
1162 2255 1343 2316 huius
1381 2255 1571 2328 urbis,
1612 2260 1966 2330 multosque
1988 2255 2181 2313 fortes

116 2337 300 2398 viros
329 2337 550 2412 partim
584 2338 764 2398 eiecit
797 2353 876 2399 ex
913 2339 1189 2410 civitate,
1233 2338 1455 2414 partim
1484 2339 1808 2400 interemit.
1873 2339 1977 2399 Cn.
2008 2338 2180 2397 Oeta-

113 2421 265 2481 vius
297 2425 513 2482 consul
537 2421 722 2482 armis
749 2423 982 2498 expulit
1013 2439 1089 2483 ex
1110 2423 1263 2482 urbe
1294 2425 1624 2499 collegam:
1658 2422 1855 2484 omnis
1884 2421 1982 2480 hie
2005 2421 2181 2481 locus

117 2503 367 2565 acervis
398 2520 725 2580 corporum
753 2513 814 2565 et
841 2507 1063 2566 civium
1093 2506 1393 2581 sanguine
1413 2509 1799 2568 redundavit.
1852 2503 2182 2581 Superavit

119 2595 346 2665 postea
379 2589 566 2650 Cinna
601 2606 738 2650 eum
769 2589 995 2650 Mario:
1039 2597 1165 2650 tum
1195 2607 1368 2662 vero,
1413 2590 1769 2651 clarissimis
1810 2590 1957 2651 viris
2000 2589 2179 2649 inter·

119 2671 320 2742 fectis,
350 2672 577 2732 lumina
609 2672 874 2734 civitatis
905 2673 1208 2734 exstincta
1240 2681 1399 2734 sunt.
1453 2675 1631 2736 Ultus
1658 2682 1753 2736 est
1782 2673 1959 2734 huius
1991 2672 2177 2732 victo-

117 2753 254 2814 riae
293 2755 714 2816 crudelitatem
763 2765 984 2832 postea
1030 2758 1228 2830 Sulla,
1289 2773 1368 2816 ne
1420 2755 1540 2816 dici
1582 2758 1829 2832 quidem
1872 2773 2031 2833 opus
2085 2764 2181 2816 est

121 2845 354 2913 quanta
393 2839 808 2922 deminutione
847 2841 1068 2900 civium
1101 2848 1162 2900 et
1204 2848 1433 2915 quanta
1474 2841 1816 2902 calamitate
1856 2841 1944 2901 rei
1987 2839 2177 2916 publi·

123 2937 257 2982 eae.
329 2921 632 2983 Dissensit
674 2925 756 2983 Μ.
789 2923 1062 2998 Lepidus
1108 2939 1144 2982 a
1183 2921 1522 2984 clarissimo
1570 2931 1630 2984 et
1676 2923 2007 2986 fortissimo
2046 2923 2177 2984 viro

123 3007 192 3078 Q.
209 3004 453 3066 Catulo:
483 3007 683 3067 attulit
703 3023 826 3066 non
856 3014 980 3067 tam
1004 3006 1198 3082 ipsius
1228 3005 1509 3068 interitus
1534 3006 1623 3067 rei
1645 3007 1930 3083 publicae
1952 3011 2178 3068 luctum

123 3104 308 3162 quam
339 3096 704 3150 ceterorum.
757 3089 856 3148 25.
883 3092 1091 3164 Atque
1119 3088 1258 3150 illae
1293 3097 1490 3152 tamen
1518 3108 1732 3152 omnes
1758 3092 2178 3159 dissensiones

123 3179 302 3232 erant
331 3172 462 3234 eius
497 3171 693 3246 modi,
733 3172 1033 3249 Quirites,
1075 3189 1238 3249 quae
1284 3191 1407 3236 non
1450 3177 1530 3238 ad
1562 3177 1913 3247 delendam,
1956 3176 2072 3237 sed
2102 3171 2177 3231 ad

123 3257 616 3317 commutandam
666 3273 795 3318 rem
836 3257 1142 3332 publicam
1193 3259 1595 3334 pertinerent:
1650 3276 1773 3320 non
1824 3261 1908 3329 illi
1955 3259 2179 3319 nullam

123 3353 269 3398 esse
310 3355 441 3400 rem
486 3339 811 3415 publicam,
859 3343 974 3401 sed
1013 3341 1074 3400 in
1121 3359 1222 3410 ea,
1270 3360 1429 3417 quae
1475 3352 1669 3416 esset,
1716 3359 1787 3402 se
1832 3358 1974 3402 esse
2020 3340 2178 3417 prin·

121 3419 330 3497 cipes,
374 3439 579 3498 neque
622 3423 780 3484 hanc
811 3425 1026 3484 urbem
1056 3425 1473 3498 conflagrare,
1522 3426 1629 3484 sed
1678 3441 1747 3483 se
1791 3424 1851 3483 in
1880 3425 1995 3484 hac
2027 3427 2176 3487 urbe
