2459 3817
191 142 288 206 20
515 149 665 211 PRO
710 150 877 211 SEX.
917 148 1194 210 Rosclo
1239 150 1589 211 AMERmo
1632 149 1935 211 ORATIO.

205 295 508 371 liquerint.
568 296 666 361 72.
707 298 942 359 Etenim
983 298 1132 374 quid
1163 308 1283 359 tam
1314 308 1411 360 est
1438 316 1757 361 commune
1788 314 1969 374 quam
2002 298 2252 375 spiritus

208 381 366 442 vivis
383 425 400 453 ,
442 389 604 441 terra
633 381 882 441 mortuis
897 426 913 453 ,
955 396 1122 441 mare
1150 379 1611 455 fluctuantibus,
1652 381 1819 443 littus
1849 380 2059 441 eiectis
2074 389 2105 440 ‘e
2162 384 2255 443 lta

209 462 448 535 vivunt,
484 463 630 522 dum
663 472 950 537 possunt,
997 471 1065 524 ut
1091 464 1317 524 ducere
1343 461 1604 523 animam
1632 464 1712 525 de
1744 464 1915 525 caelo
1949 479 2071 524 non
2103 480 2252 539 que-

207 554 336 604 ant:
385 545 468 605 ita
494 545 855 618 moriuntur,
899 554 968 606 ut
1004 562 1214 606 eorum
1252 562 1401 607 ossa
1430 554 1593 605 terra
1624 562 1748 607 non
1778 553 2011 621 tangatz
2055 546 2138 606 ita
2159 545 2255 605 ia-

208 636 442 687 ctantur
469 626 755 688 fluctibus
771 674 786 701 ‚
828 636 896 688 ut
932 644 1261 703 numquam
1292 630 1643 689 adluanturs
1686 626 1770 688 ita
1802 635 2113 703 postremo
2144 628 2253 687 eii-

208 709 472 782 ciuntur,
517 718 580 771 ut
619 727 697 770 ne
735 712 816 771 ad
856 726 1008 771 saxa
1049 711 1293 786 quidem
1320 709 1540 771 mortui
1568 710 2025 785 conquiescant.
2078 710 2255 770 Tanti

207 791 488 851 maleficii
522 792 748 854 crimen
767 840 782 867 ,
823 792 922 853 cui
967 792 1265 855 maleficio
1308 802 1429 853 tam
1466 792 1708 867 insigne
1747 791 2114 867 supplicium
2154 801 2256 853 est

207 874 622 957 constitutum,
668 876 927 951 probare
969 886 1056 949 te,
1101 876 1312 949 Eruci,
1354 891 1575 936 censes
1616 890 1807 951 posse
1834 872 2055 935 talibus
2085 873 2253 948 viris,

207 957 260 1017 si
301 974 378 1017 ne
429 974 676 1019 causam
718 957 964 1035 quidem
1016 957 1294 1019 maleficii
1344 956 1713 1032 protuleris?
1772 956 1838 1018 Si
1888 956 2049 1017 hunc
2084 957 2255 1030 apud

206 1040 505 1101 bonorum
535 1049 844 1116 emptores
871 1039 1047 1114 ipsos
1075 1056 1403 1102 accusares
1432 1039 1615 1115 eique
1642 1039 1867 1100 iudicio
1902 1038 2255 1116 chrysogo-

205 1139 323 1182 nus
346 1133 693 1196 praeesset,
738 1132 938 1182 tamen
967 1120 1315 1196 diligentius
1342 1121 1739 1197 paratiusque
1766 1119 2070 1182 venisses.
2145 1118 2251 1183 73.

205 1206 415 1265 Utrum
444 1205 592 1281 quid
619 1214 832 1280 agatur
857 1219 980 1264 non
1024 1203 1196 1265 vides
1233 1220 1313 1264 an
1339 1205 1507 1279 apud
1540 1219 1699 1279 quos
1729 1211 1985 1278 agatur?
2034 1204 2253 1277 Agitur

207 1288 285 1345 de
325 1286 680 1362 parricidio,
727 1288 895 1362 quod
933 1286 1066 1348 sine
1108 1286 1311 1347 multis
1340 1286 1545 1349 causis
1586 1286 1817 1361 suscipi
1856 1301 1979 1346 non
2011 1294 2251 1361 potest=

105 1446 108 1449 ῃ
208 1370 374 1445 apud
406 1370 683 1430 homines
713 1379 914 1429 autem
952 1367 1459 1443 prudentissimos
1504 1367 1723 1443 agitur,
1770 1370 1875 1442 qui
1915 1366 2255 1443 intelligunt

207 1452 503 1511 neminem
549 1466 627 1509 ne
667 1450 974 1511 minimum
1017 1450 1259 1525 quidem
1308 1450 1669 1512 maleficium
1716 1449 1850 1509 sine
1903 1466 2092 1511 causa
2142 1440 2251 1509 ad·

209 1534 460 1595 mittere.

371 1616 611 1677 XXVII.
660 1614 840 1675 Esto=
867 1630 1116 1675 causam
1144 1616 1419 1689 proferre
1447 1630 1568 1675 non
1597 1624 1795 1689 potes.
1835 1612 2097 1675 Tametsi
2128 1624 2251 1673 sta·

206 1699 310 1761 tim
338 1698 565 1761 vicisse
587 1699 813 1770 debeo,
848 1706 1048 1759 tamen
1077 1698 1155 1757 de
1181 1712 1319 1757 meo
1347 1696 1477 1757 iure
1504 1698 1798 1758 decedam
1827 1704 1888 1758 et
1914 1696 2049 1769 tibi,
2083 1696 2253 1771 quod

207 1782 267 1841 in
301 1782 420 1842 alia
463 1800 651 1845 causa
679 1799 802 1843 non
831 1781 1232 1843 concederem
1248 1824 1263 1851 ‚
1304 1777 1367 1840 in
1396 1780 1512 1839 hac
1545 1781 1881 1840 concedam
1922 1781 2111 1839 fretus
2138 1778 2251 1837 hu-

207 1864 304 1925 ius
346 1864 709 1925 innocentia.
795 1865 926 1926 Non
969 1880 1198 1940 quaero
1229 1863 1343 1923 abs
1382 1870 1443 1921 te
1474 1878 1664 1938 quare
1690 1871 1924 1937 patrem
1954 1861 2099 1921 Sex.
2128 1861 2249 1920 Ro·

209 1946 376 2005 scius
429 1945 746 2005 occiderit:
802 1964 1028 2020 quaero
1079 1962 1200 2021 quo
1260 1946 1443 2006 modo
1494 1944 1803 2005 occiderit.
1890 1944 1980 2005 Ita
2020 1958 2250 2018 quaero

208 2029 319 2087 abs
362 2036 452 2099 te,
496 2027 558 2085 C.
596 2026 807 2100 Eruci,
855 2044 974 2099 quo
1007 2030 1222 2100 modo,
1273 2035 1333 2087 et
1368 2027 1459 2087 sic
1500 2034 1701 2086 tecum
1746 2042 1955 2100 agam,
2005 2034 2073 2086 ut
2110 2042 2247 2087 meo

207 2112 344 2170 loco
371 2110 468 2168 vel
495 2108 913 2182 respondendi
934 2110 1030 2166 vel
1058 2106 1479 2183 interpellandi
1496 2107 1601 2168 tibi
1622 2116 1983 2183 potestatem
2012 2107 2246 2180 faciam,

208 2194 304 2251 vel
341 2190 548 2263 etiam,
582 2190 636 2251 si
667 2188 813 2263 quid
846 2191 1048 2263 voles,
1076 2188 1501 2265 interrogandi.
1568 2188 1667 2253 74.
1710 2190 1841 2263 Quo
1872 2190 2055 2253 modo
2088 2188 2249 2250 occi·

208 2273 335 2334 dit?
412 2275 556 2348 Ipse
595 2270 900 2347 percussit
937 2288 1016 2330 an
1057 2271 1192 2331 aliis
1221 2274 1620 2334 occidendum
1665 2272 1871 2338 dedit?
1938 2271 2006 2333 Si
2044 2270 2247 2346 ipsum

208 2356 440 2431 arguis,
483 2356 714 2415 Romae
752 2369 873 2413 non
916 2352 1047 2413 ruit:
1097 2354 1148 2413 si
1190 2371 1301 2429 per
1336 2354 1491 2417 alios
1532 2354 1755 2416 fecisse
1786 2353 1941 2417 dicis
1959 2398 1976 2427 ‚
2017 2369 2247 2427 quaero

209 2453 504 2498 servosne
544 2454 622 2497 an
650 2434 915 2495 liberos?
954 2436 1030 2509 [si
1052 2437 1331 2515 liberosl,
1362 2453 1519 2511 quos
1552 2435 1874 2497 homines?
1900 2435 2248 2497 indidemne

207 2518 452 2578 Ameria
479 2536 557 2577 an
586 2520 778 2578 hosce
809 2533 886 2576 ex
915 2518 1064 2577 urbe
1095 2516 1393 2580 sicarios?
1442 2518 1497 2579 si
1522 2518 1795 2592 Ameria,
1842 2522 1944 2594 qui
1974 2527 2118 2580 sunt
2166 2514 2249 2576 itt

209 2616 317 2661 cur
349 2617 472 2661 nou
505 2598 927 2660 nominantur?
981 2599 1034 2660 si
1067 2600 1291 2673 Roma,
1337 2602 1501 2661 unde
1542 2618 1655 2663 eos
1684 2611 1936 2663 noverat
1960 2599 2248 2671 RosciuS,

210 2682 312 2755 qui
338 2684 592 2743 Romam
632 2683 834 2743 multis
875 2680 1049 2741 annis
1081 2699 1204 2743 non
1235 2682 1397 2743 venit
1425 2700 1625 2759 neque
1650 2700 1939 2759 umquam
1973 2685 2114 2758 plus
2143 2682 2247 2742 tri-

208 2766 330 2825 duo
368 2764 520 2825 fuit?
562 2763 665 2825 ubi
693 2780 802 2825 eos
831 2762 1153 2825 convenit?
1195 2766 1437 2837 quicum
1472 2766 1711 2828 locutus
1740 2774 1875 2827 est?
1908 2782 2029 2841 quo
2058 2765 2246 2825 modo

208 2845 558 2920 persuasit?
594 2846 850 2907 Pretium
902 2845 1084 2907 dedit.
1131 2846 1235 2907 Cui
1260 2846 1467 2907 dedit?
1505 2864 1616 2922 per
1644 2865 1825 2922 quem
1849 2846 2055 2907 deditr
2081 2847 2249 2906 unde

207 2936 310 2989 aut
343 2936 630 3001 quantum
665 2929 872 2989 dedit?
924 2945 1126 2989 nonne
1169 2926 1264 2989 his
1313 2928 1585 3003 vestigiis
1622 2932 1704 2989 ad
1746 2938 1929 3004 caput
1963 2929 2250 2989 maleficii

208 3008 512 3084 perveniri
541 3012 736 3071 solet?
781 3010 856 3069 Et
883 3009 1060 3070 simul
1089 3011 1192 3071 tibi
1219 3010 1279 3069 in
1312 3007 1571 3073 mentem
1595 3011 1800 3073 veniat
1827 3010 2005 3072 facito
2039 3024 2253 3086 quem-

209 3093 535 3155 admodum
578 3092 758 3153 vitam
797 3091 1052 3153 huiusce
1093 3090 1470 3165 depinxerisx
1517 3094 1678 3154 hunc
1720 3092 2248 3159 hominemt'erum

211 3183 390 3251 atque
420 3184 718 3249 agrestem
748 3173 968 3235 suis-sea
999 3190 1327 3249 numquam
1356 3192 1493 3236 cum
1518 3175 1760 3236 homine
1790 3192 2099 3253 quoquam
2122 3176 2243 3235 col·

209 3257 474 3320 locutum
505 3272 676 3317 essee
725 3272 1050 3331 numquam
1079 3255 1140 3315 in
1175 3256 1403 3331 oppido
1439 3256 1806 3319 constitisse.
1868 3254 1975 3319 75.
2030 3258 2243 3331 Quain

211 3353 274 3396 re
317 3348 631 3413 praetereo
673 3337 849 3409 illud,
897 3340 1064 3413 quod
1097 3337 1242 3397 mihi
1281 3339 1541 3401 maximo
1574 3348 1925 3415 argumento
1956 3342 2037 3400 ad
2064 3339 2246 3400 huius
