2459 3817
833 196 1003 259 CAP.
1035 203 1272 258 15—18.
1313 206 1364 268 S.
1397 204 1636 257 38—44.
2143 194 2273 263 235

200 362 395 424 selius
419 380 543 437 qua
567 363 721 424 facie
744 364 943 438 fuerit,
975 381 1098 440 qua
1124 373 1377 435 statura,
1413 380 1536 439 quo
1563 362 1916 439 municipio,
1943 364 2066 437 q‘ua
2090 362 2270 424 tribu.

200 445 359 506 Nihil
381 446 534 519 scio,
557 446 782 523 inquiS,
809 448 927 509 nisi
952 464 1113 523 quae
1134 447 1391 525 praedia
1407 447 1701 510 habuerit.
1734 447 1796 507 Is
1817 446 2000 523 igitur
2022 447 2270 506 fratrem

198 528 597 591 exheredans
627 538 691 591 te
722 531 987 594 faciebat
1010 532 1322 593 heredem.
1388 532 1456 591 In
1482 535 1710 592 multas
1732 537 2060 607 praeterea
2085 544 2274 607 pecu·

200 612 339 673 nias
362 612 876 677 alienissimorum
900 616 1213 678 hominum
1241 614 1301 676 vi
1323 614 1536 677 eiectis
1562 613 1728 676 veris
1751 613 2104 680 heredibus,
2127 621 2274 674 tam-

208 714 395 773 quam
426 697 605 759 heres
636 706 831 773 esset,
861 698 1102 760 invasit.
1187 697 1292 760 42.
1323 698 1700 773 Quamquam
1725 697 1846 758 hoc
1875 698 2138 759 maxime
2165 699 2274 758 ad·

205 780 463 842 miratus
494 798 660 853 sum,
701 782 1068 843 mentionem
1103 792 1164 843 te
1192 780 1598 842 hereditatum
1626 796 1842 840 ausum
1875 797 2018 843 esse
2047 784 2270 855 facere,

205 880 394 939 quum
430 865 565 939 ipse
599 864 994 925 hereditatem
1025 863 1216 939 patris
1245 878 1368 923 non
1401 862 1667 923 adisses,

330 946 516 1007 XVII.
550 948 719 1008 Haec
750 954 813 1005 ut
845 946 1200 1020 colligereS‚
1230 945 1412 1005 homo
1441 942 1887 1018 amentissime,
1927 952 2018 1004 tot
2045 946 2180 1005 dies
2207 945 2270 1007 in

200 1027 405 1087 aliena
446 1028 589 1088 villa
628 1027 1026 1088 declamasti?
1070 1042 1438 1101 quamquam
1465 1036 1530 1088 tu
1562 1026 1838 1102 quidem,
1877 1034 1945 1086 ut
1983 1028 2071 1087 tui
2105 1027 2272 1087 fami-

205 1109 514 1169 liarissimi
538 1111 837 1181 dictitant,
872 1108 995 1169 vini
1023 1108 1378 1182 exhalandi,
1414 1126 1536 1169 non
1560 1109 1782 1183 ingenii
1804 1108 2065 1169 acuendi
2086 1126 2275 1170 causa

203 1192 538 1252 declamas.
606 1196 689 1251 At
724 1208 873 1253 vero
916 1190 1170 1252 adhibes
1212 1192 1335 1252 ioci
1366 1208 1556 1253 causa
1586 1190 1939 1265 magistrum
1975 1192 2270 1267 suffragio

204 1284 312 1334 tuo
343 1282 404 1335 et
431 1284 848 1349 compotorum
876 1283 1116 1335 tuorum
1142 1274 1464 1345 rhetorem,
1497 1275 1596 1335 cui
1630 1273 1995 1335 concessisti
2021 1284 2088 1337 ut
2119 1276 2179 1334 in
2209 1282 2271 1335 te

201 1373 369 1431 quae
401 1358 581 1419 vellet
607 1358 855 1431 diceret,
884 1358 1113 1419 salsum
1138 1359 1382 1419 omnino
1407 1357 1731 1431 hominem,
1765 1358 1879 1419 sed
1903 1357 2153 1421 materia
2184 1360 2270 1418 sa·

198 1440 341 1500 cilis
374 1439 553 1502 estin
583 1450 639 1502 te
662 1449 723 1502 et
750 1440 811 1500 in
840 1449 981 1502 tuos
1012 1440 1170 1502 dicta
1194 1442 1418 1503 dicere.
1451 1441 1611 1503 Vide
1633 1451 1834 1503 autem
1860 1442 2005 1519 quid
2038 1442 2274 1503 intersit

197 1521 361 1584 inter
383 1532 442 1585 te
459 1530 521 1584 et
544 1540 727 1584 avum
753 1534 941 1586 tuum.
978 1524 1087 1584 ille
1114 1524 1343 1586 sensim
1371 1525 1615 1587 dicebat
1637 1526 1806 1601 quod
1834 1541 2062 1586 causae
2086 1525 2270 1600 prod-

198 1617 402 1666 esset:
443 1617 508 1667 tu
554 1608 779 1667 cursim
824 1608 979 1671 dicis
1020 1607 1238 1677 aliena.
1325 1607 1426 1669 43.
1470 1612 1551 1668 At
1595 1616 1821 1683 quanta
1859 1624 2097 1667 merces
2125 1608 2269 1667 rhe-

202 1688 321 1769 tori
344 1689 483 1747 data
514 1698 639 1748 est!
696 1690 940 1761 Audite,
973 1689 1193 1757 audite,
1224 1700 1428 1763 patres
1453 1690 1804 1763 conscripti,
1836 1698 1895 1749 et
1915 1691 2272 1764 cognoscite

202 1774 294 1829 rei
325 1768 604 1844 publicae
632 1772 899 1831 vulnera.
949 1771 1083 1831 Duo
1110 1772 1274 1829 milia
1295 1770 1568 1846 iugerum
1597 1770 1798 1846 campi
1824 1770 2100 1832 Leontini
2127 1771 2270 1831 Sex.

204 1852 418 1913 Clodio
446 1852 673 1913 rhetori
700 1852 1035 1929 adsignasti
1062 1862 1123 1914 et
1152 1852 1397 1929 quidem
1439 1852 1754 1926 immunia,
1801 1861 1866 1914 ut
1906 1854 2122 1929 populi
2149 1854 2269 1914 Ro-

204 1935 369 1995 mani
396 1943 561 1997 tanta
601 1936 885 1996 mercede
932 1934 1077 1995 nihil
1120 1952 1341 2011 sapere
1383 1936 1673 1997 disceres,
1735 1936 1889 1995 Num
1919 1937 2098 1996 etiam
2130 1937 2267 2009 hoc,

204 2018 390 2079 homo
435 2018 873 2091 audacissime,
914 2033 989 2077 ex
1034 2018 1314 2079 Caesaris
1359 2018 1850 2080 commentariis?
1905 2020 2032 2080 Sed
2071 2018 2270 2079 dicam

199 2099 326 2163 alio
380 2103 519 2161 loco
565 2110 626 2161 et
667 2102 743 2161 de
781 2102 1079 2163 Leontino
1122 2117 1272 2177 agro
1319 2111 1380 2163 et
1424 2103 1503 2162 de
1539 2104 1870 2177 Campano,
1940 2120 2098 2177 quos
2155 2104 2270 2164 iste

206 2199 392 2256 agros
435 2193 681 2259 ereptos
720 2184 811 2247 rei
841 2186 1120 2259 publicae
1148 2184 1521 2259 turpissimis
1565 2188 2042 2261 possessoribus
2072 2185 2268 2261 inqui-

203 2266 390 2327 navit.
440 2267 567 2326 lam
596 2265 773 2341 enim,
816 2268 1102 2345 quoniam
1126 2267 1476 2329 criminibus
1507 2268 1640 2329 eius
1669 2270 1817 2329 satis
1845 2269 2161 2344 respondi,
2192 2270 2268 2327 dat

202 2348 345 2423 ipso
375 2351 764 2411 emendatore
785 2361 847 2411 et
876 2359 1220 2413 correctore
1251 2359 1461 2413 nostro
1493 2353 1790 2426 quaedam
1819 2352 2080 2415 dicenda
2097 2360 2267 2425 sunt.

202 2432 329 2493 Nec
363 2432 522 2492 enim
557 2434 759 2494 omnia
792 2434 1131 2508 effundam,
1174 2443 1271 2509 ut,
1313 2434 1366 2495 si
1411 2437 1660 2510 saepius
1700 2436 2134 2498 decertandum
2171 2436 2266 2506 sit,

202 2524 273 2577 ut
300 2518 444 2589 erit,
488 2534 732 2593 semper
770 2534 969 2580 novus
1005 2518 1270 2579 veniam:
1309 2535 1492 2593 quam
1523 2520 1867 2580 facultatem
1895 2519 2041 2579 mihi
2073 2518 2266 2578 multi·

200 2600 352 2669 tudo
383 2598 560 2663 istius
592 2600 871 2663 vitiorum
910 2611 1425 2677 peccatorumque
1457 2602 1721 2677 largitur.

326 2682 535 2744 XVIII.
580 2682 682 2745 44.
714 2687 905 2747 Visne
934 2685 1113 2762 igitur
1133 2694 1191 2749 te
1217 2684 1619 2761 inspiciamus
1649 2701 1686 2741 a
1717 2689 1952 2757 puero?
2002 2680 2120 2749 Sic,
2137 2680 2267 2755 opi-

198 2782 347 2827 πονε
381 2783 419 2825 a
453 2766 751 2842 principio
782 2768 1107 2829 ordiamur.
1184 2769 1466 2829 Tenesne
1497 2764 1789 2825 memoria
1819 2770 2260 2839 praetextatum

196 2858 265 2911 'te
306 2849 675 2910 decoxisse?
710 2850 930 2921 PatriS,
972 2849 1245 2924 inquies,
1285 2850 1403 2911 ista
1437 2850 1618 2924 culpa
1646 2856 1756 2908 est.
1818 2848 2119 2908 Concedo.
2169 2848 2268 2907 Et-

202 2932 327 2993 nim
361 2941 456 2994 est
490 2931 731 3007 pietatis
763 2934 943 3007 plena
988 2932 1286 2994 defensio.
1349 2931 1506 2993 lllud
1539 2940 1739 2993 tamen
1771 2931 2064 2993 audaciae
2106 2942 2265 3001 tuae,

201 3018 374 3091 quod
417 3014 635 3077 sedisti
678 3015 737 3076 in
781 3014 1268 3091 quattuordecim
1319 3014 1664 3088 ordinibus,
1712 3034 1894 3091 quum
1925 3024 2094 3077 esset
2133 3016 2269 3087 lege

202 3098 433 3160 Roscia
463 3098 897 3161 decoctoribus
928 3107 1131 3160 certus
1162 3100 1336 3160 locus
1357 3101 1796 3175 [constitutus],
1815 3098 2094 3175 quamvis
2129 3096 2266 3171 quis

204 3182 483 3243 fortunae
515 3181 689 3252 vitio,
721 3199 843 3243 non
877 3198 991 3243 suo
1025 3182 1394 3244 decoxisset.
1447 3182 1774 3259 Sumpsisti
1803 3181 2053 3251 virilem,
2085 3194 2266 3254 quam

206 3267 403 3324 statim
436 3266 789 3327 muliebrem
812 3276 1015 3341 togam
1042 3266 1383 3327 reddidisti.
1457 3266 1655 3327 Primo
1686 3266 1936 3339 vulgare
1966 3271 2264 3323 scortum=

205 3356 371 3407 certa
399 3346 608 3423 flagitii
639 3365 904 3420 merces,
941 3365 1054 3409 nec
1083 3366 1410 3424 eaparvm
1441 3350 1556 3410 sed
1575 3350 1691 3409 cito
1717 3346 1894 3407 Curio
1926 3345 2268 3419 intervenit,

196 3427 311 3505 'qui
339 3436 398 3491 te
432 3446 468 3489 a
490 3432 828 3493 meretricio
866 3441 1126 3509 quaestu
1167 3430 1424 3492 abduxit
1463 3436 1524 3491 et
1565 3436 1872 3505 tamquam
1917 3431 2132 3491 stolam
2159 3430 2264 3489 de·
