2459 3817
276 127 405 193 222
782 128 862 187 IN
889 128 956 186 L.
986 125 1409 187 CATILINAM
1438 124 1722 188 ORATIO
1751 126 1827 187 Π.

271 280 706 357 profuderunt,
745 279 1019 339 fortunas
1063 293 1211 339 suas
1256 275 1708 351 obligaverunt=
1751 294 1853 338 res
1887 292 2001 337 eos
2047 274 2169 337 iam
2217 276 2345 354 pri-

272 366 439 437 dem,
482 362 642 423 fides
684 377 882 436 nuper
920 360 1189 421 deficere
1221 360 1455 437 coepit=
1509 362 1728 423 eadem
1767 370 1968 421 tamen
2001 359 2134 434 illa,
2182 378 2345 438 quae

270 453 399 507 erat
426 444 488 505 in
516 442 906 517 abundantia,
935 442 1123 504 libido
1156 451 1491 518 permanet.
1553 444 1730 519 Quod
1760 443 1815 504 si
1848 443 1913 504 in
1939 442 2086 504 vino
2117 451 2180 505 et
2207 446 2339 506 alea

260 527 758 588 comessationes
782 529 986 588 solum
1006 535 1070 589 et
1092 535 1298 587 scorta
1329 536 1708 603 quaererent,
1739 536 1952 589 essent
1978 524 2065 587 illi
2093 526 2340 603 quidem

269 609 673 687 desperandi,
717 611 830 671 sed
860 618 1058 671 tamen
1088 618 1300 671 essent
1329 610 1592 671 serendi=
1643 610 1764 672 hoc
1805 626 1955 672 vero
1997 608 2138 684 quis
2179 612 2343 671 ferre

270 693 489 770 possit,
518 692 744 755 inertes
766 692 1045 755 homines
1074 691 1422 755 fortissimis
1446 692 1592 754 viris
1617 690 1912 770 insidiari,
1943 692 2342 755 stultissimos

268 775 792 854 prudentissimis,
843 776 1127 838 ebriosos
1179 776 1434 851 sobriis,
1484 777 1856 838 dormientes
1905 773 2344 851 vigilantibus?

271 860 379 937 qui
418 858 563 921 mihi
590 861 963 923 accubantes
990 858 1050 921 in
1082 860 1416 935 conviviiS,
1461 859 1770 936 complexi
1809 858 2097 921 mulieres
2142 860 2340 937 impu-

268 944 461 1017 dicas,
499 944 645 1004 vino
676 942 965 1019 languidi,
1003 942 1259 1005 conferti
1289 943 1448 1018 cibo,
1491 943 1672 1005 sertis
1701 942 1981 1017 redimiti,
2010 944 2338 1019 unguentis

270 1028 471 1101 obliti,
517 1026 809 1089 debilitati
850 1025 1109 1103 stupris,
1158 1035 1436 1088 eructant
1475 1027 1864 1089 sermonibus
1907 1025 2037 1089 suis
2085 1028 2336 1088 caedem

266 1113 569 1176 bonorum
604 1120 791 1187 atque
818 1109 989 1173 urbis
1018 1108 1320 1171 incendia.
1395 1109 1494 1175 11.
1541 1109 1773 1184 Quibus
1802 1126 1918 1185 ego
1951 1110 2194 1171 confido
2225 1109 2338 1171 im-

268 1195 542 1271 pendere
571 1195 759 1257 ratum
786 1194 1042 1291 aliquod
1068 1203 1129 1290 et
1158 1210 1424 1269 poenam
1467 1193 1589 1255 iam
1634 1195 1740 1255 diu
1785 1192 2186 1269 improbitati,
2230 1210 2336 1255 ne-

270 1370 434 1421 certe
473 1359 991 1438 appropinquare.
1072 1360 1240 1433 Quos
1288 1362 1342 1421 si
1387 1378 1562 1421 meus
1603 1362 1989 1435 consulatuS,
2047 1360 2338 1437 quoniam

268 1459 489 1504 sanare
512 1459 635 1503 non
657 1450 879 1518 potest,
916 1444 1245 1511 sustulerit,
1275 1460 1402 1505 non
1428 1444 1616 1525 breve
1639 1444 1850 1507 nescio
1879 1443 2046 1520 quod
2072 1453 2335 1521 tempuS,

268 1528 384 1587 sed
415 1528 600 1589 multa
640 1528 887 1587 saecula
915 1526 1272 1602 propagarit
1308 1528 1400 1587 rei
1440 1526 1741 1603 publicae.
1821 1528 1998 1589 Nulla
2039 1537 2135 1589 est
2175 1527 2337 1589 enim

268 1610 432 1672 natio
478 1625 661 1687 quam
700 1609 1241 1686 pertimescamus,
1291 1613 1495 1674 nullus
1536 1627 1648 1672 rex
1690 1611 1797 1689 qui
1835 1613 2060 1673 bellum
2101 1614 2334 1688 populo

266 1696 543 1756 Romano
596 1695 800 1756 facere
842 1696 1058 1771 possit.
1138 1693 1354 1756 Omnia
1397 1702 1540 1756 sunt
1587 1704 1839 1757 externa
1881 1695 2066 1757 unius
2114 1696 2335 1759 virtute

266 1788 429 1841 terra
455 1776 731 1857 marique
765 1787 1013 1855 pacata=
1063 1778 1469 1841 domesticum
1501 1779 1724 1841 bellum
1767 1789 1998 1855 manet,
2041 1779 2206 1842 intus
2246 1779 2332 1839 in·

268 1862 461 1924 sidiae
497 1872 665 1937 sunt,
708 1862 872 1926 intus
913 1863 1215 1927 inclusum
1245 1862 1585 1939 periculum
1620 1872 1746 1933 est,
1786 1863 1950 1925 intus
1990 1872 2086 1925 est
2117 1864 2336 1926 hostis,

269 1948 417 2007 Cum
440 1947 681 2008 luxuria
704 1948 902 2022 nobis,
936 1963 1074 2009 cum
1102 1946 1386 2023 amentia,
1415 1964 1553 2009 cum
1581 1948 1817 2009 scelere
1841 1948 2194 2009 certandum
2218 1960 2331 2010 est.

266 2028 421 2089 Huic
450 2046 566 2105 ego
598 2047 697 2090 me
728 2032 885 2092 bello
918 2032 1138 2093 ducem
1167 2032 1478 2108 profiteor,
1513 2029 1803 2105 Quiritesz
1835 2030 2109 2108 suscipio
2138 2030 2332 2092 inimi-

268 2111 441 2174 citias
469 2112 779 2175 hominum
807 2113 1215 2190 perditorum:
1271 2131 1430 2190 quae
1459 2113 1663 2177 sanari
1693 2122 2009 2190 poterunt,
2044 2131 2330 2190 quacum-

268 2212 391 2273 que
429 2197 663 2257 ratione
706 2198 973 2259 sanabo=
1030 2215 1187 2275 quae
1228 2198 1570 2259 resecanda
1609 2205 1814 2272 erunt,
1858 2215 1979 2259 non
2017 2197 2216 2276 patiar
2253 2198 2333 2259 ad

265 2278 597 2357 perniciem
638 2279 902 2343 civitatis
944 2298 1209 2343 manere.
1285 2280 1548 2341 Proinde
1590 2291 1696 2342 aut
1742 2291 1964 2343 exeant
2012 2292 2118 2344 aut
2161 2281 2331 2359 quie-

265 2372 444 2425 scant
481 2371 615 2439 aut,
662 2364 716 2425 si
758 2374 817 2426 et
855 2362 917 2424 in
950 2366 1102 2426 urbe
1141 2366 1292 2426 etin
1335 2366 1550 2426 eadem
1590 2376 1792 2427 mente
1820 2374 2206 2442 permanent,
2257 2381 2331 2427 ea

267 2463 426 2521 quae
454 2454 763 2508 merentur
788 2457 1170 2523 exspectent.

430 2531 535 2589 vl.
566 2530 667 2592 12.
708 2534 792 2593 At
820 2530 1001 2593 etiam
1036 2541 1176 2593 sunt
1204 2531 1310 2608 qui
1339 2532 1573 2607 dicant,
1617 2532 1906 2609 Quirites,
1942 2552 1982 2595 a
2007 2550 2104 2594 me
2132 2532 2192 2592 in
2223 2548 2329 2591 ex-

264 2611 465 2677 siHum
505 2612 763 2675 eiectum
804 2631 947 2677 esse
978 2615 1310 2677 Catilinam.
1390 2618 1567 2693 Quod
1608 2633 1723 2693 ego
1755 2617 1811 2678 si
1848 2619 2038 2680 verbo
2069 2615 2330 2692 adsequi

260 2713 543 2773 possem,
588 2697 742 2759 istos
780 2696 956 2773 ipsos
999 2699 1312 2772 eiicerem,
1367 2698 1472 2777 qui
1512 2701 1667 2761 haec
1698 2701 2048 2777 loquuntur.
2132 2700 2328 2761 Homo

263 2779 425 2840 enim
467 2778 755 2843 videlicet
793 2781 1039 2845 timidus
1084 2793 1189 2846 aut
1228 2786 1408 2845 etiam
1447 2786 1879 2860 permodestus
1923 2801 2139 2846 vocem
2185 2800 2329 2845 con-

262 2861 416 2924 sulis
448 2865 605 2924 serre
634 2882 758 2926 non
788 2866 1011 2942 potuit:
1048 2865 1227 2929 simul
1259 2876 1446 2944 atque
1473 2869 1563 2930 ire
1584 2867 1646 2928 in
1671 2868 1956 2930 exsilium
1981 2868 2192 2928 iussus
2215 2875 2330 2939 est,

258 2945 484 3023 paruit.
573 2948 726 3023 Quin
772 2947 1065 3009 hesterno
1111 2948 1239 3019 die,
1289 2966 1476 3024 quum
1523 2950 1733 3013 domui
1776 2967 1953 3012 meae
1993 2964 2198 3027 paene
2235 2948 2326 3009 in-

258 3032 558 3093 terfectus
604 3047 838 3103 essem,
887 3039 1170 3093 senatum
1213 3032 1274 3092 in
1313 3035 1530 3094 aedem
1574 3035 1742 3097 lovis
1773 3034 2036 3097 Statoris
2080 3037 2327 3107 vocavi,

260 3131 393 3175 rem
438 3131 683 3177 omnem
724 3117 805 3177 ad
847 3124 1059 3191 patres
1106 3117 1496 3194 conscriptos
1544 3118 1764 3179 detuli:
1812 3136 1936 3196 quo
1983 3135 2172 3196 quum
2218 3119 2326 3178 Ca-

257 3198 424 3259 tilina
480 3200 787 3272 venisset,
844 3199 983 3274 quis
1039 3215 1178 3259 eum
1235 3210 1491 3263 senator
1546 3204 1923 3277 appellavit?
1983 3203 2121 3277 quis
2168 3203 2324 3263 salu·

258 3282 449 3344 tavit?
494 3285 633 3361 quis
678 3281 946 3357 denique
986 3281 1071 3343 ita
1114 3283 1360 3357 aspexit
1403 3293 1472 3345 ut
1499 3286 1805 3360 perditum
1853 3286 2053 3348 civem
2098 3304 2173 3347 ac
2203 3302 2324 3347 non

258 3366 467 3441 potius
512 3376 579 3427 ut
622 3364 1211 3443 importunissimum
1259 3365 1548 3429 hostem?
1605 3370 1747 3445 quin
1777 3369 1964 3431 ‘etiam
2011 3370 2325 3447 principes
