<?xml version="1.0" encoding="UTF-8"?>
<!DOCTYPE html PUBLIC "-//W3C//DTD XHTML 1.0 Transitional//EN"
    "http://www.w3.org/TR/xhtml1/DTD/xhtml1-transitional.dtd">
<html xmlns="http://www.w3.org/1999/xhtml" xml:lang="en" lang="en">
 <head>
  <title>
</title>
<meta http-equiv="Content-Type" content="text/html;charset=utf-8" />
  <meta name='ocr-system' content='tesseract 3.04.00' />
  <meta name='ocr-capabilities' content='ocr_page ocr_carea ocr_par ocr_line ocrx_word'/>
</head>
<body>
  <div class='ocr_page' id='page_1' title='image "./mtulliiciceroni00klotgoog_0256.png"; bbox 0 0 2459 3817; ppageno 0'>
   <div class='ocr_carea' id='block_1_1' title="bbox 878 146 2253 216">
    <p class='ocr_par' dir='ltr' id='par_1_1' title="bbox 878 146 2253 216">
     <span class='ocr_line' id='line_1_1' title="bbox 878 146 2253 216; baseline 0.005 -7"><span class='ocrx_word' id='word_1_1' title='bbox 878 146 1047 210; x_wconf 82' lang='lat' dir='ltr'><strong>cAP.</strong></span> <span class='ocrx_word' id='word_1_2' title='bbox 1082 155 1167 211; x_wconf 91' lang='lat'><strong>11.</strong></span> <span class='ocrx_word' id='word_1_3' title='bbox 1211 154 1267 216; x_wconf 68' lang='lat'><strong>5.</strong></span> <span class='ocrx_word' id='word_1_4' title='bbox 1296 155 1383 212; x_wconf 72' lang='lat'><strong>23.</strong></span> <span class='ocrx_word' id='word_1_5' title='bbox 1411 155 1503 212; x_wconf 71' lang='lat'><strong>24.</strong></span> <span class='ocrx_word' id='word_1_6' title='bbox 2116 149 2253 216; x_wconf 69' lang='grc'><strong>249</strong></span> 
     </span>
    </p>
   </div>
   <div class='ocr_carea' id='block_1_2' title="bbox 160 295 2240 1540">
    <p class='ocr_par' dir='ltr' id='par_1_2' title="bbox 160 295 2240 1540">
     <span class='ocr_line' id='line_1_2' title="bbox 168 295 2237 376; baseline 0.001 -14"><span class='ocrx_word' id='word_1_7' title='bbox 168 296 510 366; x_wconf 74' lang='lat' dir='ltr'><strong>custodiam</strong></span> <span class='ocrx_word' id='word_1_8' title='bbox 535 297 884 376; x_wconf 82' lang='lat' dir='ltr'><strong>repudiata,</strong></span> <span class='ocrx_word' id='word_1_9' title='bbox 928 314 1046 376; x_wconf 89' lang='lat' dir='ltr'><strong>pro</strong></span> <span class='ocrx_word' id='word_1_10' title='bbox 1077 296 1375 360; x_wconf 73' lang='lat' dir='ltr'><strong>clientelis</strong></span> <span class='ocrx_word' id='word_1_11' title='bbox 1405 295 1817 376; x_wconf 70' lang='lat' dir='ltr'><strong>hospitiisque</strong></span> <span class='ocrx_word' id='word_1_12' title='bbox 1850 298 2237 376; x_wconf 84' lang='lat' dir='ltr'><strong>provinciali·</strong></span> 
     </span>
     <span class='ocr_line' id='line_1_3' title="bbox 163 380 2239 460; baseline 0 -15"><span class='ocrx_word' id='word_1_13' title='bbox 163 384 320 458; x_wconf 79' lang='lat' dir='ltr'><strong>buS,</strong></span> <span class='ocrx_word' id='word_1_14' title='bbox 362 393 522 460; x_wconf 84' lang='lat' dir='ltr'><strong>quae</strong></span> <span class='ocrx_word' id='word_1_15' title='bbox 559 391 762 444; x_wconf 84' lang='lat' dir='ltr'><strong>tamen</strong></span> <span class='ocrx_word' id='word_1_16' title='bbox 808 380 1060 443; x_wconf 87' lang='lat' dir='ltr'><strong>urbanis</strong></span> <span class='ocrx_word' id='word_1_17' title='bbox 1103 382 1330 459; x_wconf 86' lang='lat' dir='ltr'><strong>opibus</strong></span> <span class='ocrx_word' id='word_1_18' title='bbox 1365 397 1492 444; x_wconf 87' lang='lat' dir='ltr'><strong>uon</strong></span> <span class='ocrx_word' id='word_1_19' title='bbox 1531 381 1767 444; x_wconf 89' lang='lat' dir='ltr'><strong>minore</strong></span> <span class='ocrx_word' id='word_1_20' title='bbox 1810 382 2021 446; x_wconf 84' lang='lat' dir='ltr'><strong>labore</strong></span> <span class='ocrx_word' id='word_1_21' title='bbox 2064 391 2239 448; x_wconf 89' lang='lat' dir='ltr'><strong>tueor</strong></span> 
     </span>
     <span class='ocr_line' id='line_1_4' title="bbox 167 463 2239 544; baseline 0.002 -18"><span class='ocrx_word' id='word_1_22' title='bbox 167 482 350 543; x_wconf 83' lang='lat' dir='ltr'><strong>quam</strong></span> <span class='ocrx_word' id='word_1_23' title='bbox 392 482 716 541; x_wconf 85' lang='lat' dir='ltr'><strong>comparo,</strong></span> <span class='ocrx_word' id='word_1_24' title='bbox 756 481 868 542; x_wconf 91' lang='lat' dir='ltr'><strong>pro</strong></span> <span class='ocrx_word' id='word_1_25' title='bbox 899 463 997 526; x_wconf 89' lang='lat' dir='ltr'><strong>his</strong></span> <span class='ocrx_word' id='word_1_26' title='bbox 1025 463 1220 541; x_wconf 69' lang='lat' dir='ltr'><strong>‘igitur</strong></span> <span class='ocrx_word' id='word_1_27' title='bbox 1258 463 1541 528; x_wconf 88' lang='lat' dir='ltr'><strong>omnibus</strong></span> <span class='ocrx_word' id='word_1_28' title='bbox 1567 467 1757 527; x_wconf 87' lang='lat' dir='ltr'><strong>rebus</strong></span> <span class='ocrx_word' id='word_1_29' title='bbox 1778 475 1839 528; x_wconf 84' lang='lat' dir='ltr'><strong>et</strong></span> <span class='ocrx_word' id='word_1_30' title='bbox 1858 483 1974 544; x_wconf 88' lang='lat' dir='ltr'><strong>pro</strong></span> <span class='ocrx_word' id='word_1_31' title='bbox 2000 467 2151 529; x_wconf 88' lang='lat' dir='ltr'><strong>meis</strong></span> <span class='ocrx_word' id='word_1_32' title='bbox 2175 467 2239 531; x_wconf 91' lang='lat' dir='ltr'><strong>in</strong></span> 
     </span>
     <span class='ocr_line' id='line_1_5' title="bbox 163 546 2240 626; baseline 0.002 -16"><span class='ocrx_word' id='word_1_33' title='bbox 163 566 282 611; x_wconf 87' lang='lat' dir='ltr'><strong>vos</strong></span> <span class='ocrx_word' id='word_1_34' title='bbox 318 547 728 625; x_wconf 75' lang='lat' dir='ltr'><strong>singularibus</strong></span> <span class='ocrx_word' id='word_1_35' title='bbox 769 546 990 612; x_wconf 86' lang='lat' dir='ltr'><strong>studiis</strong></span> <span class='ocrx_word' id='word_1_36' title='bbox 1031 563 1274 624; x_wconf 87' lang='lat' dir='ltr'><strong>proque</strong></span> <span class='ocrx_word' id='word_1_37' title='bbox 1313 547 1461 624; x_wconf 88' lang='lat' dir='ltr'><strong>hac,</strong></span> <span class='ocrx_word' id='word_1_38' title='bbox 1508 565 1689 624; x_wconf 87' lang='lat' dir='ltr'><strong>quam</strong></span> <span class='ocrx_word' id='word_1_39' title='bbox 1722 552 2109 626; x_wconf 82' lang='lat' dir='ltr'><strong>perspicitis,</strong></span> <span class='ocrx_word' id='word_1_40' title='bbox 2156 551 2240 614; x_wconf 86' lang='lat' dir='ltr'><strong>ad</strong></span> 
     </span>
     <span class='ocr_line' id='line_1_6' title="bbox 165 629 2235 709; baseline 0.002 -15"><span class='ocrx_word' id='word_1_41' title='bbox 165 633 655 694; x_wconf 84' lang='lat' dir='ltr'><strong>conservandam</strong></span> <span class='ocrx_word' id='word_1_42' title='bbox 672 647 802 693; x_wconf 87' lang='lat' dir='ltr'><strong>rem</strong></span> <span class='ocrx_word' id='word_1_43' title='bbox 825 629 1136 709; x_wconf 80' lang='lat' dir='ltr'><strong>publicam</strong></span> <span class='ocrx_word' id='word_1_44' title='bbox 1153 630 1464 707; x_wconf 79' lang='lat' dir='ltr'><strong>diligentia</strong></span> <span class='ocrx_word' id='word_1_45' title='bbox 1485 630 1633 694; x_wconf 89' lang='lat' dir='ltr'><strong>nihil</strong></span> <span class='ocrx_word' id='word_1_46' title='bbox 1652 648 1689 692; x_wconf 87' lang='lat' dir='ltr'><strong>a</strong></span> <span class='ocrx_word' id='word_1_47' title='bbox 1711 631 1889 694; x_wconf 84' lang='lat' dir='ltr'><strong>vobis</strong></span> <span class='ocrx_word' id='word_1_48' title='bbox 1913 632 2033 696; x_wconf 87' lang='lat' dir='ltr'><strong>nisi</strong></span> <span class='ocrx_word' id='word_1_49' title='bbox 2053 633 2235 698; x_wconf 86' lang='lat' dir='ltr'><strong>huius</strong></span> 
     </span>
     <span class='ocr_line' id='line_1_7' title="bbox 162 711 2238 796; baseline 0.001 -18"><span class='ocrx_word' id='word_1_50' title='bbox 162 713 458 792; x_wconf 76' lang='lat' dir='ltr'><strong>temporis</strong></span> <span class='ocrx_word' id='word_1_51' title='bbox 488 714 801 792; x_wconf 88' lang='lat' dir='ltr'><strong>totiusque</strong></span> <span class='ocrx_word' id='word_1_52' title='bbox 831 711 952 776; x_wconf 86' lang='lat' dir='ltr'><strong>mei</strong></span> <span class='ocrx_word' id='word_1_53' title='bbox 980 716 1338 778; x_wconf 86' lang='lat' dir='ltr'><strong>consulatus</strong></span> <span class='ocrx_word' id='word_1_54' title='bbox 1369 714 1724 778; x_wconf 83' lang='lat' dir='ltr'><strong>memoriam</strong></span> <span class='ocrx_word' id='word_1_55' title='bbox 1750 717 2030 792; x_wconf 70' lang='lat' dir='ltr'><strong>postuloz</strong></span> <span class='ocrx_word' id='word_1_56' title='bbox 2077 735 2238 796; x_wconf 87' lang='lat' dir='ltr'><strong>quae</strong></span> 
     </span>
     <span class='ocr_line' id='line_1_8' title="bbox 165 796 2235 876; baseline 0.001 -16"><span class='ocrx_word' id='word_1_57' title='bbox 165 799 311 862; x_wconf 77' lang='lat' dir='ltr'><strong>dum</strong></span> <span class='ocrx_word' id='word_1_58' title='bbox 341 799 454 860; x_wconf 87' lang='lat' dir='ltr'><strong>erit</strong></span> <span class='ocrx_word' id='word_1_59' title='bbox 479 797 704 860; x_wconf 81' lang='lat' dir='ltr'><strong>vestris</strong></span> <span class='ocrx_word' id='word_1_60' title='bbox 731 798 859 859; x_wconf 79' lang='lat' dir='ltr'><strong>fixa</strong></span> <span class='ocrx_word' id='word_1_61' title='bbox 883 796 1222 872; x_wconf 75' lang='lat' dir='ltr'><strong>mentibuS,</strong></span> <span class='ocrx_word' id='word_1_62' title='bbox 1264 797 1569 860; x_wconf 89' lang='lat' dir='ltr'><strong>tutissimo</strong></span> <span class='ocrx_word' id='word_1_63' title='bbox 1610 814 1711 858; x_wconf 89' lang='lat' dir='ltr'><strong>me</strong></span> <span class='ocrx_word' id='word_1_64' title='bbox 1749 813 1923 860; x_wconf 88' lang='lat' dir='ltr'><strong>muro</strong></span> <span class='ocrx_word' id='word_1_65' title='bbox 1956 810 2235 876; x_wconf 87' lang='lat' dir='ltr'><strong>saeptum</strong></span> 
     </span>
     <span class='ocr_line' id='line_1_9' title="bbox 164 878 2236 957; baseline 0 -13"><span class='ocrx_word' id='word_1_66' title='bbox 164 897 309 944; x_wconf 86' lang='lat' dir='ltr'><strong>esse</strong></span> <span class='ocrx_word' id='word_1_67' title='bbox 337 882 694 956; x_wconf 74' lang='lat' dir='ltr'><strong>arbitrabor.</strong></span> <span class='ocrx_word' id='word_1_68' title='bbox 752 881 930 957; x_wconf 81' lang='lat' dir='ltr'><strong>Quod</strong></span> <span class='ocrx_word' id='word_1_69' title='bbox 961 881 1016 942; x_wconf 85' lang='lat' dir='ltr'><strong>si</strong></span> <span class='ocrx_word' id='word_1_70' title='bbox 1045 896 1245 942; x_wconf 88' lang='lat' dir='ltr'><strong>meam</strong></span> <span class='ocrx_word' id='word_1_71' title='bbox 1284 897 1461 957; x_wconf 87' lang='lat' dir='ltr'><strong>spem</strong></span> <span class='ocrx_word' id='word_1_72' title='bbox 1488 881 1585 942; x_wconf 85' lang='lat' dir='ltr'><strong>vis</strong></span> <span class='ocrx_word' id='word_1_73' title='bbox 1613 878 2031 954; x_wconf 86' lang='lat' dir='ltr'><strong>improborum</strong></span> <span class='ocrx_word' id='word_1_74' title='bbox 2066 885 2236 946; x_wconf 79' lang='lat' dir='ltr'><strong>ferel-</strong></span> 
     </span>
     <span class='ocr_line' id='line_1_10' title="bbox 161 962 2234 1042; baseline 0.001 -16"><span class='ocrx_word' id='word_1_75' title='bbox 161 965 304 1028; x_wconf 85' lang='lat' dir='ltr'><strong>lerit</strong></span> <span class='ocrx_word' id='word_1_76' title='bbox 318 973 505 1041; x_wconf 84' lang='lat' dir='ltr'><strong>atque</strong></span> <span class='ocrx_word' id='word_1_77' title='bbox 525 964 928 1040; x_wconf 84' lang='lat' dir='ltr'><strong>superaverit,</strong></span> <span class='ocrx_word' id='word_1_78' title='bbox 952 965 1315 1026; x_wconf 86' lang='lat' dir='ltr'><strong>commendo</strong></span> <span class='ocrx_word' id='word_1_79' title='bbox 1336 962 1517 1026; x_wconf 89' lang='lat' dir='ltr'><strong>vobis</strong></span> <span class='ocrx_word' id='word_1_80' title='bbox 1529 975 1745 1028; x_wconf 79' lang='lat' dir='ltr'><strong>meum.</strong></span> <span class='ocrx_word' id='word_1_81' title='bbox 1754 983 2015 1042; x_wconf 89' lang='lat' dir='ltr'><strong>parvum</strong></span> <span class='ocrx_word' id='word_1_82' title='bbox 2026 965 2234 1041; x_wconf 80' lang='lat' dir='ltr'><strong>filium,</strong></span> 
     </span>
     <span class='ocr_line' id='line_1_11' title="bbox 165 1045 2235 1124; baseline 0.002 -14"><span class='ocrx_word' id='word_1_83' title='bbox 165 1048 265 1111; x_wconf 88' lang='lat' dir='ltr'><strong>cui</strong></span> <span class='ocrx_word' id='word_1_84' title='bbox 287 1049 567 1124; x_wconf 80' lang='lat' dir='ltr'><strong>protecto</strong></span> <span class='ocrx_word' id='word_1_85' title='bbox 593 1045 745 1108; x_wconf 86' lang='lat' dir='ltr'><strong>satis</strong></span> <span class='ocrx_word' id='word_1_86' title='bbox 767 1046 884 1108; x_wconf 83' lang='lat' dir='ltr'><strong>erit</strong></span> <span class='ocrx_word' id='word_1_87' title='bbox 903 1045 1198 1124; x_wconf 84' lang='lat' dir='ltr'><strong>praesidii</strong></span> <span class='ocrx_word' id='word_1_88' title='bbox 1219 1063 1349 1109; x_wconf 85' lang='lat' dir='ltr'><strong>non</strong></span> <span class='ocrx_word' id='word_1_89' title='bbox 1374 1047 1574 1109; x_wconf 90' lang='lat' dir='ltr'><strong>solum</strong></span> <span class='ocrx_word' id='word_1_90' title='bbox 1602 1048 1683 1108; x_wconf 87' lang='lat' dir='ltr'><strong>ad</strong></span> <span class='ocrx_word' id='word_1_91' title='bbox 1711 1050 1995 1122; x_wconf 80' lang='lat' dir='ltr'><strong>salutem,</strong></span> <span class='ocrx_word' id='word_1_92' title='bbox 2022 1065 2235 1114; x_wconf 87' lang='lat' dir='ltr'><strong>verum</strong></span> 
     </span>
     <span class='ocr_line' id='line_1_12' title="bbox 164 1126 2233 1209; baseline 0.001 -17"><span class='ocrx_word' id='word_1_93' title='bbox 164 1131 345 1194; x_wconf 83' lang='lat' dir='ltr'><strong>etiam</strong></span> <span class='ocrx_word' id='word_1_94' title='bbox 375 1131 458 1192; x_wconf 86' lang='lat' dir='ltr'><strong>ad</strong></span> <span class='ocrx_word' id='word_1_95' title='bbox 485 1129 873 1204; x_wconf 72' lang='lat' dir='ltr'><strong>dignitatem,</strong></span> <span class='ocrx_word' id='word_1_96' title='bbox 902 1127 956 1189; x_wconf 89' lang='lat' dir='ltr'><strong>si</strong></span> <span class='ocrx_word' id='word_1_97' title='bbox 987 1128 1156 1204; x_wconf 85' lang='lat' dir='ltr'><strong>eius,</strong></span> <span class='ocrx_word' id='word_1_98' title='bbox 1191 1128 1298 1206; x_wconf 91' lang='lat' dir='ltr'><strong>qui</strong></span> <span class='ocrx_word' id='word_1_99' title='bbox 1324 1126 1480 1190; x_wconf 87' lang='lat' dir='ltr'><strong>haec</strong></span> <span class='ocrx_word' id='word_1_100' title='bbox 1514 1126 1719 1191; x_wconf 84' lang='lat' dir='ltr'><strong>omnia</strong></span> <span class='ocrx_word' id='word_1_101' title='bbox 1751 1145 1866 1192; x_wconf 89' lang='lat' dir='ltr'><strong>suo</strong></span> <span class='ocrx_word' id='word_1_102' title='bbox 1898 1129 2092 1193; x_wconf 88' lang='lat' dir='ltr'><strong>solius</strong></span> <span class='ocrx_word' id='word_1_103' title='bbox 2129 1149 2233 1209; x_wconf 89' lang='lat' dir='ltr'><strong>pe-</strong></span> 
     </span>
     <span class='ocr_line' id='line_1_13' title="bbox 162 1209 2229 1289; baseline 0.001 -15"><span class='ocrx_word' id='word_1_104' title='bbox 162 1215 359 1276; x_wconf 84' lang='lat' dir='ltr'><strong>riculo</strong></span> <span class='ocrx_word' id='word_1_105' title='bbox 389 1211 798 1287; x_wconf 85' lang='lat' dir='ltr'><strong>conservarit,</strong></span> <span class='ocrx_word' id='word_1_106' title='bbox 831 1211 1002 1274; x_wconf 88' lang='lat' dir='ltr'><strong>illum</strong></span> <span class='ocrx_word' id='word_1_107' title='bbox 1031 1211 1222 1273; x_wconf 84' lang='lat' dir='ltr'><strong>filium</strong></span> <span class='ocrx_word' id='word_1_108' title='bbox 1257 1228 1401 1274; x_wconf 86' lang='lat' dir='ltr'><strong>esse</strong></span> <span class='ocrx_word' id='word_1_109' title='bbox 1430 1209 1843 1274; x_wconf 83' lang='lat' dir='ltr'><strong>memineritis.</strong></span> <span class='ocrx_word' id='word_1_110' title='bbox 1926 1213 2029 1276; x_wconf 81' lang='lat'><strong>24.</strong></span> <span class='ocrx_word' id='word_1_111' title='bbox 2076 1215 2229 1289; x_wconf 81' lang='lat' dir='ltr'><strong>Qua·</strong></span> 
     </span>
     <span class='ocr_line' id='line_1_14' title="bbox 160 1292 2234 1374; baseline 0.002 -16"><span class='ocrx_word' id='word_1_112' title='bbox 160 1304 420 1374; x_wconf 82' lang='lat' dir='ltr'><strong>propter</strong></span> <span class='ocrx_word' id='word_1_113' title='bbox 440 1295 520 1356; x_wconf 84' lang='lat' dir='ltr'><strong>de</strong></span> <span class='ocrx_word' id='word_1_114' title='bbox 541 1311 776 1356; x_wconf 84' lang='lat' dir='ltr'><strong>summa</strong></span> <span class='ocrx_word' id='word_1_115' title='bbox 805 1295 1002 1357; x_wconf 84' lang='lat' dir='ltr'><strong>salute</strong></span> <span class='ocrx_word' id='word_1_116' title='bbox 1023 1303 1228 1356; x_wconf 82' lang='lat' dir='ltr'><strong>vestra</strong></span> <span class='ocrx_word' id='word_1_117' title='bbox 1248 1296 1584 1371; x_wconf 81' lang='lat' dir='ltr'><strong>populique</strong></span> <span class='ocrx_word' id='word_1_118' title='bbox 1602 1292 1881 1370; x_wconf 85' lang='lat' dir='ltr'><strong>Romani,</strong></span> <span class='ocrx_word' id='word_1_119' title='bbox 1906 1297 1985 1359; x_wconf 88' lang='lat' dir='ltr'><strong>de</strong></span> <span class='ocrx_word' id='word_1_120' title='bbox 2009 1297 2234 1362; x_wconf 84' lang='lat' dir='ltr'><strong>vestris</strong></span> 
     </span>
     <span class='ocr_line' id='line_1_15' title="bbox 167 1376 2234 1461; baseline 0.002 -20"><span class='ocrx_word' id='word_1_121' title='bbox 167 1379 532 1455; x_wconf 82' lang='lat' dir='ltr'><strong>coniugibus</strong></span> <span class='ocrx_word' id='word_1_122' title='bbox 560 1395 638 1440; x_wconf 87' lang='lat' dir='ltr'><strong>ac</strong></span> <span class='ocrx_word' id='word_1_123' title='bbox 657 1376 884 1452; x_wconf 85' lang='lat' dir='ltr'><strong>liberis,</strong></span> <span class='ocrx_word' id='word_1_124' title='bbox 915 1379 995 1440; x_wconf 86' lang='lat' dir='ltr'><strong>de</strong></span> <span class='ocrx_word' id='word_1_125' title='bbox 1021 1377 1146 1440; x_wconf 88' lang='lat' dir='ltr'><strong>aris</strong></span> <span class='ocrx_word' id='word_1_126' title='bbox 1168 1394 1244 1440; x_wconf 88' lang='lat' dir='ltr'><strong>ac</strong></span> <span class='ocrx_word' id='word_1_127' title='bbox 1272 1376 1449 1452; x_wconf 72' lang='lat' dir='ltr'><strong>rocIS,</strong></span> <span class='ocrx_word' id='word_1_128' title='bbox 1480 1381 1558 1441; x_wconf 87' lang='lat' dir='ltr'><strong>de</strong></span> <span class='ocrx_word' id='word_1_129' title='bbox 1581 1377 1739 1440; x_wconf 78' lang='lat' dir='ltr'><strong>ranis</strong></span> <span class='ocrx_word' id='word_1_130' title='bbox 1760 1386 1946 1455; x_wconf 87' lang='lat' dir='ltr'><strong>atque</strong></span> <span class='ocrx_word' id='word_1_131' title='bbox 1969 1382 2234 1461; x_wconf 84' lang='lat' dir='ltr'><strong>templis,</strong></span> 
     </span>
     <span class='ocr_line' id='line_1_16' title="bbox 163 1460 2233 1540; baseline 0.003 -15"><span class='ocrx_word' id='word_1_132' title='bbox 163 1463 244 1525; x_wconf 83' lang='lat' dir='ltr'><strong>de</strong></span> <span class='ocrx_word' id='word_1_133' title='bbox 275 1462 460 1526; x_wconf 83' lang='lat' dir='ltr'><strong>totius</strong></span> <span class='ocrx_word' id='word_1_134' title='bbox 487 1460 658 1524; x_wconf 86' lang='lat' dir='ltr'><strong>urbis</strong></span> <span class='ocrx_word' id='word_1_135' title='bbox 690 1461 868 1524; x_wconf 78' lang='lat' dir='ltr'><strong>tectis</strong></span> <span class='ocrx_word' id='word_1_136' title='bbox 895 1477 970 1522; x_wconf 86' lang='lat' dir='ltr'><strong>ac</strong></span> <span class='ocrx_word' id='word_1_137' title='bbox 999 1461 1285 1536; x_wconf 80' lang='lat' dir='ltr'><strong>sedibuS‚</strong></span> <span class='ocrx_word' id='word_1_138' title='bbox 1314 1461 1393 1523; x_wconf 88' lang='lat' dir='ltr'><strong>de</strong></span> <span class='ocrx_word' id='word_1_139' title='bbox 1419 1460 1674 1540; x_wconf 89' lang='lat' dir='ltr'><strong>imperio</strong></span> <span class='ocrx_word' id='word_1_140' title='bbox 1706 1478 1781 1523; x_wconf 89' lang='lat' dir='ltr'><strong>ac</strong></span> <span class='ocrx_word' id='word_1_141' title='bbox 1809 1461 2115 1540; x_wconf 87' lang='lat' dir='ltr'><strong>libertate,</strong></span> <span class='ocrx_word' id='word_1_142' title='bbox 2152 1463 2233 1530; x_wconf 86' lang='lat' dir='ltr'><strong>de</strong></span> 
     </span>
    </p>
   </div>
   <div class='ocr_carea' id='block_1_3' title="bbox 69 1544 2233 1626">
    <p class='ocr_par' dir='ltr' id='par_1_3' title="bbox 69 1544 2233 1626">
     <span class='ocr_line' id='line_1_17' title="bbox 69 1544 2233 1626; baseline 0 -13"><span class='ocrx_word' id='word_1_143' title='bbox 69 1603 79 1613; x_wconf 93' lang='lat'>.</span> <span class='ocrx_word' id='word_1_144' title='bbox 164 1548 364 1610; x_wconf 79' lang='lat' dir='ltr'><strong>salute</strong></span> <span class='ocrx_word' id='word_1_145' title='bbox 391 1545 628 1621; x_wconf 71' lang='lat' dir='ltr'><strong>ltaliae,</strong></span> <span class='ocrx_word' id='word_1_146' title='bbox 655 1546 736 1607; x_wconf 93' lang='lat' dir='ltr'><strong>de</strong></span> <span class='ocrx_word' id='word_1_147' title='bbox 766 1545 1058 1608; x_wconf 84' lang='lat' dir='ltr'><strong>universa</strong></span> <span class='ocrx_word' id='word_1_148' title='bbox 1084 1562 1152 1607; x_wconf 88' lang='lat' dir='ltr'><strong>re</strong></span> <span class='ocrx_word' id='word_1_149' title='bbox 1180 1545 1427 1622; x_wconf 87' lang='lat' dir='ltr'><strong>publica</strong></span> <span class='ocrx_word' id='word_1_150' title='bbox 1454 1545 1765 1608; x_wconf 83' lang='lat' dir='ltr'><strong>decernite</strong></span> <span class='ocrx_word' id='word_1_151' title='bbox 1793 1544 2132 1626; x_wconf 82' lang='lat' dir='ltr'><strong>diligenter,</strong></span> <span class='ocrx_word' id='word_1_152' title='bbox 2164 1559 2233 1613; x_wconf 86' lang='lat' dir='ltr'><strong>ut</strong></span> 
     </span>
    </p>
   </div>
   <div class='ocr_carea' id='block_1_4' title="bbox 159 1627 2231 1790">
    <p class='ocr_par' dir='ltr' id='par_1_4' title="bbox 159 1627 2231 1790">
     <span class='ocr_line' id='line_1_18' title="bbox 162 1627 2231 1706; baseline 0.001 -14"><span class='ocrx_word' id='word_1_153' title='bbox 162 1627 542 1704; x_wconf 74' lang='lat' dir='ltr'><strong>instituistis,</strong></span> <span class='ocrx_word' id='word_1_154' title='bbox 574 1645 651 1692; x_wconf 87' lang='lat' dir='ltr'><strong>ac</strong></span> <span class='ocrx_word' id='word_1_155' title='bbox 682 1628 931 1692; x_wconf 79' lang='lat' dir='ltr'><strong>fortiter.</strong></span> <span class='ocrx_word' id='word_1_156' title='bbox 990 1627 1244 1691; x_wconf 85' lang='lat' dir='ltr'><strong>Habetis</strong></span> <span class='ocrx_word' id='word_1_157' title='bbox 1274 1645 1413 1690; x_wconf 87' lang='lat' dir='ltr'><strong>eum</strong></span> <span class='ocrx_word' id='word_1_158' title='bbox 1442 1631 1759 1691; x_wconf 88' lang='lat' dir='ltr'><strong>consulem</strong></span> <span class='ocrx_word' id='word_1_159' title='bbox 1788 1628 1895 1704; x_wconf 91' lang='lat' dir='ltr'><strong>qui</strong></span> <span class='ocrx_word' id='word_1_160' title='bbox 1923 1639 1983 1693; x_wconf 86' lang='lat' dir='ltr'><strong>et</strong></span> <span class='ocrx_word' id='word_1_161' title='bbox 2010 1647 2231 1706; x_wconf 85' lang='lat' dir='ltr'><strong>parere</strong></span> 
     </span>
     <span class='ocr_line' id='line_1_19' title="bbox 159 1708 2229 1790; baseline 0.001 -17"><span class='ocrx_word' id='word_1_162' title='bbox 159 1712 384 1776; x_wconf 83' lang='lat' dir='ltr'><strong>vestris</strong></span> <span class='ocrx_word' id='word_1_163' title='bbox 413 1713 678 1775; x_wconf 81' lang='lat' dir='ltr'><strong>decretis</strong></span> <span class='ocrx_word' id='word_1_164' title='bbox 705 1729 828 1775; x_wconf 80' lang='lat' dir='ltr'><strong>non</strong></span> <span class='ocrx_word' id='word_1_165' title='bbox 859 1709 1092 1773; x_wconf 84' lang='lat' dir='ltr'><strong>dubitet</strong></span> <span class='ocrx_word' id='word_1_166' title='bbox 1119 1721 1181 1773; x_wconf 90' lang='lat' dir='ltr'><strong>et</strong></span> <span class='ocrx_word' id='word_1_167' title='bbox 1208 1728 1301 1786; x_wconf 88' lang='lat' dir='ltr'><strong>ea,</strong></span> <span class='ocrx_word' id='word_1_168' title='bbox 1336 1726 1497 1788; x_wconf 85' lang='lat' dir='ltr'><strong>quae</strong></span> <span class='ocrx_word' id='word_1_169' title='bbox 1525 1708 1872 1786; x_wconf 78' lang='lat' dir='ltr'><strong>statueritiS,</strong></span> <span class='ocrx_word' id='word_1_170' title='bbox 1906 1714 2115 1790; x_wconf 86' lang='lat' dir='ltr'><strong>quoad</strong></span> <span class='ocrx_word' id='word_1_171' title='bbox 2142 1715 2229 1776; x_wconf 88' lang='lat' dir='ltr'><strong>vi·</strong></span> 
     </span>
    </p>
   </div>
   <div class='ocr_carea' id='block_1_5' title="bbox 161 1789 1815 1874">
    <p class='ocr_par' dir='ltr' id='par_1_5' title="bbox 161 1789 1815 1874">
     <span class='ocr_line' id='line_1_20' title="bbox 161 1789 1815 1874; baseline -0.004 -14"><span class='ocrx_word' id='word_1_172' title='bbox 161 1807 296 1874; x_wconf 78' lang='lat' dir='ltr'><strong>vet,</strong></span> <span class='ocrx_word' id='word_1_173' title='bbox 330 1795 662 1861; x_wconf 74' lang='lat' dir='ltr'><strong>defendere</strong></span> <span class='ocrx_word' id='word_1_174' title='bbox 689 1803 750 1860; x_wconf 90' lang='lat' dir='ltr'><strong>et</strong></span> <span class='ocrx_word' id='word_1_175' title='bbox 776 1809 890 1872; x_wconf 83' lang='lat' dir='ltr'><strong>per</strong></span> <span class='ocrx_word' id='word_1_176' title='bbox 918 1809 988 1855; x_wconf 84' lang='lat' dir='ltr'><strong>se</strong></span> <span class='ocrx_word' id='word_1_177' title='bbox 1014 1793 1218 1871; x_wconf 88' lang='lat' dir='ltr'><strong>ipsum</strong></span> <span class='ocrx_word' id='word_1_178' title='bbox 1249 1801 1563 1870; x_wconf 87' lang='lat' dir='ltr'><strong>praestare</strong></span> <span class='ocrx_word' id='word_1_179' title='bbox 1594 1789 1815 1871; x_wconf 82' lang='lat' dir='ltr'><strong>possit.</strong></span> 
     </span>
    </p>
   </div>
   <div class='ocr_carea' id='block_1_6' title="bbox 985 2027 1424 2048">
    <p class='ocr_par' dir='ltr' id='par_1_6' title="bbox 985 2027 1424 2048">
     <span class='ocr_line' id='line_1_21' title="bbox 985 2027 1424 2048; baseline 0 1769"><span class='ocrx_word' id='word_1_180' title='bbox 985 2027 1424 2048; x_wconf 95' lang='lat' dir='ltr'><strong> </strong></span> 
     </span>
    </p>
   </div>
   <div class='ocr_carea' id='block_1_7' title="bbox 387 2225 2001 2471">
    <p class='ocr_par' dir='ltr' id='par_1_7' title="bbox 387 2225 2001 2471">
     <span class='ocr_line' id='line_1_22' title="bbox 746 2225 1643 2311; baseline 0 0"><span class='ocrx_word' id='word_1_181' title='bbox 746 2227 833 2311; x_wconf 74' lang='grc' dir='ltr'><strong>Μ.</strong></span> <span class='ocrx_word' id='word_1_182' title='bbox 895 2227 1168 2311; x_wconf 79' lang='lat' dir='ltr'>TULLII</span> <span class='ocrx_word' id='word_1_183' title='bbox 1217 2225 1643 2311; x_wconf 75' lang='lat' dir='ltr'>CICERONIS</span> 
     </span>
     <span class='ocr_line' id='line_1_23' title="bbox 387 2365 2001 2471; baseline 0.002 -4"><span class='ocrx_word' id='word_1_184' title='bbox 387 2365 628 2467; x_wconf 76' lang='lat' dir='ltr'><strong>PRO</strong></span> <span class='ocrx_word' id='word_1_185' title='bbox 699 2369 790 2471; x_wconf 76' lang='lat' dir='ltr'><strong>L.</strong></span> <span class='ocrx_word' id='word_1_186' title='bbox 859 2368 1393 2470; x_wconf 78' lang='lat' dir='ltr'><strong>MURENA</strong></span> <span class='ocrx_word' id='word_1_187' title='bbox 1463 2369 2001 2470; x_wconf 78' lang='lat' dir='ltr'><strong>ORATIO·</strong></span> 
     </span>
    </p>
   </div>
   <div class='ocr_carea' id='block_1_8' title="bbox 1016 2567 1353 2579">
    <p class='ocr_par' dir='ltr' id='par_1_8' title="bbox 1016 2567 1353 2579">
     <span class='ocr_line' id='line_1_24' title="bbox 1016 2567 1353 2579; baseline 0 1238"><span class='ocrx_word' id='word_1_188' title='bbox 1016 2567 1353 2579; x_wconf 95' lang='lat' dir='ltr'><strong> </strong></span> 
     </span>
    </p>
   </div>
   <div class='ocr_carea' id='block_1_9' title="bbox 779 2671 1597 2736">
    <p class='ocr_par' dir='ltr' id='par_1_9' title="bbox 779 2671 1597 2736">
     <span class='ocr_line' id='line_1_25' title="bbox 779 2671 1597 2736; baseline 0 -2"><span class='ocrx_word' id='word_1_189' title='bbox 779 2671 1597 2736; x_wconf 75' lang='lat' dir='ltr'><strong>ARGUMENTUM.</strong></span> 
     </span>
    </p>
   </div>
   <div class='ocr_carea' id='block_1_10' title="bbox 152 2781 2227 3467">
    <p class='ocr_par' dir='ltr' id='par_1_10' title="bbox 152 2781 2227 3467">
     <span class='ocr_line' id='line_1_26' title="bbox 297 2781 2225 2851; baseline -0.001 -15"><span class='ocrx_word' id='word_1_190' title='bbox 297 2781 522 2836; x_wconf 76' lang='lat' dir='ltr'><strong>comitiis</strong></span> <span class='ocrx_word' id='word_1_191' title='bbox 558 2786 904 2838; x_wconf 80' lang='lat' dir='ltr'><strong>consularibus</strong></span> <span class='ocrx_word' id='word_1_192' title='bbox 918 2824 934 2849; x_wconf 87' lang='lat'>,</span> <span class='ocrx_word' id='word_1_193' title='bbox 971 2802 1103 2851; x_wconf 83' lang='lat' dir='ltr'><strong>quae</strong></span> <span class='ocrx_word' id='word_1_194' title='bbox 1136 2787 1205 2843; x_wconf 76' lang='lat' dir='ltr'><strong>M.</strong></span> <span class='ocrx_word' id='word_1_195' title='bbox 1244 2786 1420 2838; x_wconf 84' lang='lat' dir='ltr'><strong>Cicero</strong></span> <span class='ocrx_word' id='word_1_196' title='bbox 1454 2800 1588 2836; x_wconf 84' lang='lat' dir='ltr'><strong>anno</strong></span> <span class='ocrx_word' id='word_1_197' title='bbox 1622 2799 1675 2851; x_wconf 88' lang='lat' dir='ltr'><strong>p.</strong></span> <span class='ocrx_word' id='word_1_198' title='bbox 1714 2799 1766 2836; x_wconf 88' lang='lat' dir='ltr'><strong>u.</strong></span> <span class='ocrx_word' id='word_1_199' title='bbox 1809 2800 1856 2836; x_wconf 88' lang='lat' dir='ltr'><strong>c.</strong></span> <span class='ocrx_word' id='word_1_200' title='bbox 1892 2781 1985 2838; x_wconf 77' lang='lat'><strong>691</strong></span> <span class='ocrx_word' id='word_1_201' title='bbox 2026 2782 2225 2846; x_wconf 80' lang='lat' dir='ltr'><strong>habuit,</strong></span> 
     </span>
     <span class='ocr_line' id='line_1_27' title="bbox 153 2851 2227 2920; baseline 0 -18"><span class='ocrx_word' id='word_1_202' title='bbox 153 2851 220 2908; x_wconf 85' lang='lat' dir='ltr'><strong>D.</strong></span> <span class='ocrx_word' id='word_1_203' title='bbox 253 2853 425 2904; x_wconf 82' lang='lat' dir='ltr'><strong>Iunius</strong></span> <span class='ocrx_word' id='word_1_204' title='bbox 451 2851 654 2905; x_wconf 74' lang='lat' dir='ltr'><strong>Silanus</strong></span> <span class='ocrx_word' id='word_1_205' title='bbox 687 2864 738 2905; x_wconf 87' lang='lat' dir='ltr'><strong>et</strong></span> <span class='ocrx_word' id='word_1_206' title='bbox 769 2851 829 2910; x_wconf 84' lang='lat' dir='ltr'><strong>L.</strong></span> <span class='ocrx_word' id='word_1_207' title='bbox 861 2853 1090 2905; x_wconf 82' lang='lat' dir='ltr'><strong>Licinius</strong></span> <span class='ocrx_word' id='word_1_208' title='bbox 1117 2855 1331 2906; x_wconf 73' lang='lat' dir='ltr'><strong>Murena</strong></span> <span class='ocrx_word' id='word_1_209' title='bbox 1365 2855 1490 2905; x_wconf 76' lang='lat' dir='ltr'><strong>faeti</strong></span> <span class='ocrx_word' id='word_1_210' title='bbox 1522 2861 1685 2915; x_wconf 78' lang='lat' dir='ltr'><strong>erant,</strong></span> <span class='ocrx_word' id='word_1_211' title='bbox 1721 2854 1979 2920; x_wconf 77' lang='lat' dir='ltr'><strong>repulsam</strong></span> <span class='ocrx_word' id='word_1_212' title='bbox 2008 2855 2227 2907; x_wconf 78' lang='lat' dir='ltr'><strong>tulerant</strong></span> 
     </span>
     <span class='ocr_line' id='line_1_28' title="bbox 154 2921 2226 2990; baseline -0 -18"><span class='ocrx_word' id='word_1_213' title='bbox 154 2921 223 2976; x_wconf 78' lang='lat' dir='ltr'><strong>L.</strong></span> <span class='ocrx_word' id='word_1_214' title='bbox 261 2921 473 2990; x_wconf 70' lang='lat' dir='ltr'><strong>Sergius</strong></span> <span class='ocrx_word' id='word_1_215' title='bbox 520 2922 732 2974; x_wconf 75' lang='lat' dir='ltr'><strong>Catilina</strong></span> <span class='ocrx_word' id='word_1_216' title='bbox 778 2931 829 2973; x_wconf 90' lang='lat' dir='ltr'><strong>et</strong></span> <span class='ocrx_word' id='word_1_217' title='bbox 875 2924 1084 2976; x_wconf 80' lang='lat' dir='ltr'><strong>Servius</strong></span> <span class='ocrx_word' id='word_1_218' title='bbox 1127 2922 1409 2990; x_wconf 81' lang='lat' dir='ltr'><strong>Sulpicius,</strong></span> <span class='ocrx_word' id='word_1_219' title='bbox 1462 2937 1678 2988; x_wconf 78' lang='lat' dir='ltr'><strong>quorum</strong></span> <span class='ocrx_word' id='word_1_220' title='bbox 1710 2921 1929 2975; x_wconf 75' lang='lat' dir='ltr'><strong>Catilina</strong></span> <span class='ocrx_word' id='word_1_221' title='bbox 1970 2925 2027 2975; x_wconf 78' lang='lat' dir='ltr'><strong>vi</strong></span> <span class='ocrx_word' id='word_1_222' title='bbox 2072 2933 2226 2986; x_wconf 79' lang='lat' dir='ltr'><strong>atque</strong></span> 
     </span>
     <span class='ocr_line' id='line_1_29' title="bbox 157 2989 2225 3056; baseline -0.001 -16"><span class='ocrx_word' id='word_1_223' title='bbox 157 2991 314 3042; x_wconf 81' lang='lat' dir='ltr'><strong>eaede</strong></span> <span class='ocrx_word' id='word_1_224' title='bbox 356 2991 632 3042; x_wconf 78' lang='lat' dir='ltr'><strong>vindictam</strong></span> <span class='ocrx_word' id='word_1_225' title='bbox 676 2991 741 3043; x_wconf 87' lang='lat' dir='ltr'><strong>de</strong></span> <span class='ocrx_word' id='word_1_226' title='bbox 785 2993 950 3056; x_wconf 83' lang='lat' dir='ltr'><strong>patria</strong></span> <span class='ocrx_word' id='word_1_227' title='bbox 999 3005 1199 3042; x_wconf 85' lang='lat' dir='ltr'><strong>sumere</strong></span> <span class='ocrx_word' id='word_1_228' title='bbox 1246 2993 1449 3053; x_wconf 75' lang='lat' dir='ltr'><strong>statuit,</strong></span> <span class='ocrx_word' id='word_1_229' title='bbox 1504 2989 1761 3056; x_wconf 72' lang='lat' dir='ltr'><strong>Sulpicius</strong></span> <span class='ocrx_word' id='word_1_230' title='bbox 1809 2993 1920 3044; x_wconf 84' lang='lat' dir='ltr'><strong>inre</strong></span> <span class='ocrx_word' id='word_1_231' title='bbox 1966 2991 2225 3043; x_wconf 83' lang='lat' dir='ltr'><strong>consultus</strong></span> 
     </span>
     <span class='ocr_line' id='line_1_30' title="bbox 157 3056 2227 3126; baseline -0 -20"><span class='ocrx_word' id='word_1_232' title='bbox 157 3059 265 3108; x_wconf 83' lang='lat' dir='ltr'><strong>iure</strong></span> <span class='ocrx_word' id='word_1_233' title='bbox 292 3061 470 3124; x_wconf 80' lang='lat' dir='ltr'><strong>potius·</strong></span> <span class='ocrx_word' id='word_1_234' title='bbox 499 3073 559 3110; x_wconf 79' lang='lat' dir='ltr'><strong>ao</strong></span> <span class='ocrx_word' id='word_1_235' title='bbox 596 3059 797 3126; x_wconf 75' lang='lat' dir='ltr'><strong>legibus</strong></span> <span class='ocrx_word' id='word_1_236' title='bbox 835 3061 1247 3126; x_wconf 78' lang='lat' dir='ltr'><strong>competitorem,</strong></span> <span class='ocrx_word' id='word_1_237' title='bbox 1300 3061 1385 3123; x_wconf 73' lang='lat' dir='ltr'><strong>qui</strong></span> <span class='ocrx_word' id='word_1_238' title='bbox 1423 3061 1631 3122; x_wconf 73' lang='lat' dir='ltr'><strong>vicerat,</strong></span> <span class='ocrx_word' id='word_1_239' title='bbox 1667 3060 1845 3111; x_wconf 79' lang='lat' dir='ltr'><strong>uleisei</strong></span> <span class='ocrx_word' id='word_1_240' title='bbox 1883 3059 2060 3112; x_wconf 79' lang='lat' dir='ltr'><strong>voluit.</strong></span> <span class='ocrx_word' id='word_1_241' title='bbox 2130 3056 2227 3108; x_wconf 87' lang='lat' dir='ltr'><strong>Ille</strong></span> 
     </span>
     <span class='ocr_line' id='line_1_31' title="bbox 155 3126 2226 3194; baseline 0 -19"><span class='ocrx_word' id='word_1_242' title='bbox 155 3126 314 3192; x_wconf 71' lang='lat' dir='ltr'><strong>igitur</strong></span> <span class='ocrx_word' id='word_1_243' title='bbox 349 3129 404 3178; x_wconf 83' lang='lat' dir='ltr'><strong>in</strong></span> <span class='ocrx_word' id='word_1_244' title='bbox 438 3127 716 3193; x_wconf 78' lang='lat' dir='ltr'><strong>perniciem</strong></span> <span class='ocrx_word' id='word_1_245' title='bbox 756 3139 903 3180; x_wconf 76' lang='lat' dir='ltr'><strong>susm</strong></span> <span class='ocrx_word' id='word_1_246' title='bbox 943 3130 1070 3188; x_wconf 86' lang='lat' dir='ltr'><strong>ruit,</strong></span> <span class='ocrx_word' id='word_1_247' title='bbox 1121 3127 1377 3194; x_wconf 79' lang='lat' dir='ltr'><strong>Sulpicius</strong></span> <span class='ocrx_word' id='word_1_248' title='bbox 1411 3127 1469 3180; x_wconf 70' lang='lat'><strong>12..</strong></span> <span class='ocrx_word' id='word_1_249' title='bbox 1504 3128 1769 3180; x_wconf 72' lang='lat' dir='ltr'><strong>Murenam</strong></span> <span class='ocrx_word' id='word_1_250' title='bbox 1813 3129 1879 3180; x_wconf 84' lang='lat' dir='ltr'><strong>de</strong></span> <span class='ocrx_word' id='word_1_251' title='bbox 1916 3129 2107 3180; x_wconf 79' lang='lat' dir='ltr'><strong>ambitu</strong></span> <span class='ocrx_word' id='word_1_252' title='bbox 2138 3140 2226 3176; x_wconf 80' lang='lat' dir='ltr'><strong>sc-</strong></span> 
     </span>
     <span class='ocr_line' id='line_1_32' title="bbox 154 3193 2225 3262; baseline -0.001 -17"><span class='ocrx_word' id='word_1_253' title='bbox 154 3197 353 3246; x_wconf 79' lang='lat' dir='ltr'><strong>eusavit</strong></span> <span class='ocrx_word' id='word_1_254' title='bbox 387 3197 816 3262; x_wconf 60' lang='lat' dir='ltr'><strong>subscriptoribus</strong></span> <span class='ocrx_word' id='word_1_255' title='bbox 849 3196 923 3249; x_wconf 71' lang='grc' dir='ltr'><strong>Μ.</strong></span> <span class='ocrx_word' id='word_1_256' title='bbox 954 3197 1160 3258; x_wconf 80' lang='lat' dir='ltr'><strong>Catone,</strong></span> <span class='ocrx_word' id='word_1_257' title='bbox 1197 3199 1289 3250; x_wconf 80' lang='lat' dir='ltr'><strong>Cn.</strong></span> <span class='ocrx_word' id='word_1_258' title='bbox 1320 3198 1595 3258; x_wconf 81' lang='lat' dir='ltr'><strong>Postumio,</strong></span> <span class='ocrx_word' id='word_1_259' title='bbox 1629 3195 1806 3249; x_wconf 83' lang='lat' dir='ltr'><strong>Servio</strong></span> <span class='ocrx_word' id='word_1_260' title='bbox 1842 3196 1931 3248; x_wconf 84' lang='lat' dir='ltr'><strong>Sul</strong></span> <span class='ocrx_word' id='word_1_261' title='bbox 1970 3197 2070 3244; x_wconf 89' lang='lat' dir='ltr'><strong>icio</strong></span> <span class='ocrx_word' id='word_1_262' title='bbox 2101 3193 2225 3245; x_wconf 79' lang='lat' dir='ltr'><strong>ado-</strong></span> 
     </span>
     <span class='ocr_line' id='line_1_33' title="bbox 153 3261 2225 3331; baseline -0 -19"><span class='ocrx_word' id='word_1_263' title='bbox 153 3263 394 3321; x_wconf 78' lang='lat' dir='ltr'><strong>lescente.</strong></span> <span class='ocrx_word' id='word_1_264' title='bbox 464 3265 596 3316; x_wconf 79' lang='lat' dir='ltr'><strong>Aeta</strong></span> <span class='ocrx_word' id='word_1_265' title='bbox 639 3280 798 3316; x_wconf 76' lang='lat' dir='ltr'><strong>eausa</strong></span> <span class='ocrx_word' id='word_1_266' title='bbox 843 3274 924 3318; x_wconf 80' lang='lat' dir='ltr'><strong>est</strong></span> <span class='ocrx_word' id='word_1_267' title='bbox 957 3282 1132 3318; x_wconf 84' lang='lat' dir='ltr'><strong>mense</strong></span> <span class='ocrx_word' id='word_1_268' title='bbox 1165 3265 1440 3318; x_wconf 82' lang='lat' dir='ltr'><strong>Novembri</strong></span> <span class='ocrx_word' id='word_1_269' title='bbox 1486 3267 1608 3317; x_wconf 77' lang='lat' dir='ltr'><strong>anui</strong></span> <span class='ocrx_word' id='word_1_270' title='bbox 1654 3280 1709 3331; x_wconf 86' lang='lat' dir='ltr'><strong>p.</strong></span> <span class='ocrx_word' id='word_1_271' title='bbox 1745 3281 1799 3316; x_wconf 86' lang='lat' dir='ltr'><strong>u.</strong></span> <span class='ocrx_word' id='word_1_272' title='bbox 1836 3280 1880 3314; x_wconf 86' lang='lat' dir='ltr'><strong>e.</strong></span> <span class='ocrx_word' id='word_1_273' title='bbox 1952 3261 2225 3324; x_wconf 78' lang='lat' dir='ltr'><strong>91,qnum</strong></span> 
     </span>
     <span class='ocr_line' id='line_1_34' title="bbox 155 3329 2222 3400; baseline -0 -19"><span class='ocrx_word' id='word_1_274' title='bbox 155 3329 370 3382; x_wconf 80' lang='lat' dir='ltr'><strong>Catilina</strong></span> <span class='ocrx_word' id='word_1_275' title='bbox 395 3329 586 3384; x_wconf 87' lang='lat' dir='ltr'><strong>bellum</strong></span> <span class='ocrx_word' id='word_1_276' title='bbox 615 3334 716 3384; x_wconf 83' lang='lat' dir='ltr'><strong>iam</strong></span> <span class='ocrx_word' id='word_1_277' title='bbox 747 3341 964 3400; x_wconf 75' lang='lat' dir='ltr'><strong>gereret.</strong></span> <span class='ocrx_word' id='word_1_278' title='bbox 1037 3334 1278 3385; x_wconf 81' lang='lat' dir='ltr'><strong>Defendit</strong></span> <span class='ocrx_word' id='word_1_279' title='bbox 1300 3333 1560 3384; x_wconf 83' lang='lat' dir='ltr'><strong>Murenam</strong></span> <span class='ocrx_word' id='word_1_280' title='bbox 1589 3345 1692 3383; x_wconf 79' lang='lat' dir='ltr'><strong>una</strong></span> <span class='ocrx_word' id='word_1_281' title='bbox 1721 3345 1837 3381; x_wconf 84' lang='lat' dir='ltr'><strong>eum</strong></span> <span class='ocrx_word' id='word_1_282' title='bbox 1868 3331 1927 3392; x_wconf 86' lang='lat' dir='ltr'><strong>Q.</strong></span> <span class='ocrx_word' id='word_1_283' title='bbox 1958 3329 2222 3380; x_wconf 76' lang='lat' dir='ltr'><strong>Hortensio</strong></span> 
     </span>
     <span class='ocr_line' id='line_1_35' title="bbox 152 3397 2219 3467; baseline 0 -19"><span class='ocrx_word' id='word_1_284' title='bbox 152 3407 206 3449; x_wconf 89' lang='lat' dir='ltr'><strong>et</strong></span> <span class='ocrx_word' id='word_1_285' title='bbox 236 3399 308 3450; x_wconf 74' lang='lat' dir='ltr'><strong>M.</strong></span> <span class='ocrx_word' id='word_1_286' title='bbox 349 3399 528 3467; x_wconf 76' lang='lat' dir='ltr'><strong>Crasso</strong></span> <span class='ocrx_word' id='word_1_287' title='bbox 563 3401 632 3452; x_wconf 75' lang='lat' dir='ltr'><strong>lul.</strong></span> <span class='ocrx_word' id='word_1_288' title='bbox 671 3401 871 3462; x_wconf 84' lang='lat' dir='ltr'><strong>Cicero,</strong></span> <span class='ocrx_word' id='word_1_289' title='bbox 914 3403 1005 3466; x_wconf 81' lang='lat' dir='ltr'><strong>qui</strong></span> <span class='ocrx_word' id='word_1_290' title='bbox 1041 3401 1328 3454; x_wconf 77' lang='lat' dir='ltr'><strong>admirabili</strong></span> <span class='ocrx_word' id='word_1_291' title='bbox 1361 3401 1645 3452; x_wconf 68' lang='lat' dir='ltr'><strong>urbanitate</strong></span> <span class='ocrx_word' id='word_1_292' title='bbox 1682 3407 1905 3462; x_wconf 76' lang='lat' dir='ltr'><strong>extremo</strong></span> <span class='ocrx_word' id='word_1_293' title='bbox 1942 3397 2059 3448; x_wconf 83' lang='lat' dir='ltr'><strong>loco</strong></span> <span class='ocrx_word' id='word_1_294' title='bbox 2095 3399 2219 3448; x_wconf 75' lang='lat' dir='ltr'><strong>dixit</strong></span> 
     </span>
    </p>
   </div>
  </div>
 </body>
</html>
