2459 3817
162 133 284 200 198
563 138 666 197 DE
696 136 1010 197 IMPERIO
1043 137 1495 198 cN.·POMPE11
1526 137 1829 200 ORATIO.

156 299 278 354 tam
303 284 410 348 vix
450 304 529 350 ex
563 298 798 350 summa
835 286 1110 350 ubertate
1149 302 1434 363 agrorum
1475 287 1757 348 diuturna
1800 303 1937 364 pax·
1968 289 2219 350 efficere

156 369 478 449 potuisset.
535 367 638 431 45.
683 371 810 430 Iam
841 378 1098 444 accepta
1127 368 1189 429 in
1219 371 1413 433 Ponto
1444 369 1783 432 calamitate
1814 387 1893 430 ex
1927 387 2001 432 eo
2032 387 2217 446 proe-

156 456 258 528 lto,
291 453 370 517 de
399 469 521 527 quo
553 470 668 514 vos
697 452 902 528 paullo
933 460 1074 513 ante
1101 452 1327 514 invitus
1350 455 1653 528 admonui,
1686 469 1875 530 quum
1896 453 2050 514 socii
2079 471 2217 530 per-

157 535 529 608 timuissent,
567 534 835 598 hostium
865 551 1020 610 opes
1048 534 1356 612 animique
1384 535 1754 611 crevissent,
1797 536 1946 598 satis
1974 537 2218 599 firmum

157 617 532 696 praesidium
563 617 878 694 provincia
911 635 1036 678 non
1067 617 1346 692 liaberet,
1388 619 1751 680 amisissetis
1786 619 2028 694 Asiam,
2074 620 2216 694 Qui-

155 703 334 773 riteS,
387 701 505 763 nisi
544 703 626 762 ad
663 701 867 776 ipsum
909 701 1236 762 discrimen
1274 702 1415 764 eius
1454 701 1747 778 temporis
1790 701 2078 763 divinitus
2110 703 2215 763 Cn.

155 783 509 860 Pompeium
537 785 620 844 ad
649 800 756 844 eas
783 782 1072 858 regiones
1099 786 1337 846 formna
1371 785 1582 860 populi
1606 785 1865 846 Romani
1893 785 2215 847 attulisset.

155 867 351 930 Huius
379 869 680 931 adventus
709 877 770 930 et
787 867 1192 928 Mithridatem
1219 868 1465 930 insolita
1496 865 1931 929 inflammatum
1961 868 2218 930 victoria

159 949 452 1014 continuit
481 959 542 1014 et
568 951 886 1026 Tigranem
913 949 1149 1026 magnis
1181 951 1377 1026 copiis
1409 950 1779 1011 minitantem
1808 951 1995 1012 Asiae
2026 959 2214 1012 retar-

159 1033 342 1094 davit.
431 1035 514 1096 Et
555 1032 881 1110 quisquam
924 1032 1216 1095 dubitabit
1254 1033 1403 1110 quid
1446 1033 1665 1095 virtute
1705 1035 2093 1109 perrecturus
2137 1034 2218 1096 sit

159 1115 264 1190 qui
309 1125 536 1178 tantum
577 1117 932 1178 auctoritate
981 1117 1345 1192 perfecerit?
1384 1125 1490 1177 aut
1531 1129 1714 1192 quam
1750 1118 1927 1177 facile
1956 1115 2213 1193 imperio

157 1209 342 1274 atque
377 1199 651 1260 exercitu
679 1199 886 1261 socios
911 1207 972 1260 et
1003 1200 1322 1274 vectigalia
1350 1207 1823 1262 conservaturus
1848 1201 1927 1260 sit
1949 1199 2052 1275 qui
2074 1199 2214 1274 ipso

158 1281 402 1342 nomine
443 1299 516 1342 ac
558 1299 803 1344 rumore
846 1282 1227 1344 defenderit?
1300 1284 1459 1344 XVI.
1492 1281 1596 1344 46.
1636 1286 1773 1358 Age
1805 1296 1951 1342 vero
1982 1282 2084 1342 illa
2111 1299 2215 1342 res

159 1373 448 1438 quantam
488 1366 756 1425 declarat
795 1363 1072 1424 eiusdem
1110 1364 1372 1426 hominis
1406 1365 1575 1439 apud
1603 1365 1814 1426 hostes
1850 1365 2061 1440 populi
2091 1365 2211 1424 Ro-

157 1446 321 1508 mani
354 1445 788 1519 auctoritatem,
821 1445 988 1521 quod
1020 1463 1100 1506 ex
1131 1447 1285 1508 locis
1313 1456 1433 1508 tam
1469 1447 1819 1523 long-inquis
1854 1456 2095 1523 tamque
2125 1446 2214 1506 di-

159 1527 360 1590 versis
409 1536 530 1588 tam
576 1527 749 1589 brevi
791 1537 1066 1602 tempore
1111 1546 1325 1591 omnes
1364 1530 1506 1590 huie
1548 1547 1621 1592 se
1662 1531 1767 1590 uni
1814 1530 2217 1591 dediderunt?

161 1612 329 1686 quod
358 1609 728 1672 Cretensium
759 1611 960 1686 legati,
997 1627 1182 1686 quum
1215 1612 1277 1672 in
1310 1629 1521 1674 eorum
1550 1615 1749 1674 insula
1780 1612 2214 1689 noster-impe-

157 1703 324 1756 rator
348 1693 782 1769 exercitusque
813 1703 996 1767 esset,
1029 1696 1110 1754 ad
1139 1696 1243 1764 Cnt
1274 1695 1626 1772 Pompeium
1656 1695 1717 1755 in
1751 1696 1994 1757 ultimas
2016 1710 2216 1770 prope

157 1786 349 1840 terras
384 1785 680 1843 venerunt
707 1776 886 1852 eique
916 1779 987 1838 se
1023 1794 1240 1840 ornnes
1268 1779 1643 1849 Cretensium
1674 1778 1951 1840 civitates
1986 1779 2215 1838 dedere

161 1862 318 1921 velle
347 1861 669 1922 dixerunt?
722 1860 918 1934 Quid?
959 1859 1121 1920 idem
1153 1861 1271 1922 iste
1299 1861 1678 1923 Mithridates
1707 1877 1911 1924 nonne
1939 1861 2020 1922 ad
2048 1875 2212 1920 eum-

161 1945 299 2004 dem
325 1944 428 2002 Cn.
450 1943 806 2019 Pompeium
833 1945 1096 2018 legatum
1130 1961 1329 2020 usque
1356 1944 1417 2004 in
1446 1943 1801 2020 Hispaniam
1828 1943 2030 2006 misit?
2054 1959 2214 2015 eum,

162 2042 343 2100 quem
380 2025 704 2101 Pompeius
745 2027 1008 2100 legatum
1047 2043 1297 2102 semper
1334 2027 1653 2102 iudicavit,
1694 2027 1770 2102 ii,
1818 2027 2040 2104 quibus
2086 2034 2217 2087 erat

159 2109 593 2183 permolestum
639 2109 720 2168 ad
767 2123 907 2168 eum
948 2109 1333 2183 potissimum
1362 2125 1505 2172 esse
1532 2110 1817 2184 missum,
1868 2111 2210 2186 speculato-

157 2208 288 2252 rem
319 2207 512 2267 ,quam
553 2192 814 2266 legatum
855 2189 1110 2252 iudicari
1139 2191 1507 2254 'maluerunt
1576 2193 1839 2256 Potestis
1876 2192 2056 2268 igitur
2094 2191 2215 2252 iam

161 2274 530 2336 constituere
545 2321 560 2349 ,
595 2272 853 2347 Quirites
869 2319 884 2347 ,
915 2274 1074 2335 hanc
1101 2275 1519 2338 auctoritatem
1546 2277 1751 2338 multis
1780 2284 2001 2352 postea
2026 2276 2213 2335 rebus

159 2357 350 2430 gestis
372 2356 734 2433 magnisque
754 2357 976 2418 vestris
999 2356 1242 2419 iudiciis
1266 2358 1712 2434 amplificatam,
1737 2367 2031 2434 quantum
2048 2356 2214 2432 apud

159 2439 300 2500 illos
335 2455 546 2515 reges,
589 2447 882 2518 quantum
920 2442 1088 2516 apud
1127 2450 1371 2504 exteras
1404 2441 1685 2503 nationes
1726 2443 2040 2504 valituram
2071 2455 2213 2500 esse
2246 2451 2253 2460 ·

161 2521 538 2584 existimetis.

326 2601 428 2666 47.
468 2604 792 2678 Reliquum
819 2613 915 2666 est
943 2613 1012 2666 ut
1038 2607 1114 2666 de
1138 2605 1438 2681 felicitate,
1476 2623 1659 2684 quam
1690 2615 2005 2684 praestare
2034 2607 2113 2665 de
2145 2621 2215 2666 se

161 2687 301 2762 ipso
329 2704 510 2750 nemo
537 2695 762 2764 potest,
792 2687 1140 2750 meminisse
1168 2698 1229 2751 et
1258 2705 1734 2752 commemorare
1757 2691 1837 2750 de
1856 2691 2045 2750 altero
2067 2696 2215 2764 pos·

161 2786 406 2845 sumus,
449 2769 608 2832 sicut
646 2786 910 2846 aequum
939 2781 1036 2833 est
1066 2772 1347 2834 homines
1374 2775 1454 2836 de
1480 2780 1785 2849 potestate
1814 2774 2096 2845 deorum,
2142 2770 2205 2830 ti-

158 2851 321 2912 mide
363 2861 424 2914 et
462 2870 661 2929 pauca
701 2853 996 2917 dieamus.
1081 2856 1212 2933 Ego
1252 2856 1414 2918 enim
1442 2857 1535 2918 sie
1562 2855 1877 2918 existimet
1928 2854 2209 2925 Maximo,

157 2936 480 3010 Marcelle,
509 2935 812 3012 Scipioni,
846 2937 1070 3013 Mario,
1125 2947 1190 3001 et
1232 2939 1453 3002 ceteris
1476 2937 1719 3015 magnis
1746 2936 2214 3014 imperatoribus

159 3035 282 3080 non
311 3021 511 3082 solum
539 3028 790 3096 propter
816 3021 1114 3098 virtutem,
1143 3023 1258 3084 sed
1284 3023 1463 3082 etiam
1485 3030 1738 3098 propter
1756 3023 2061 3082 fortunam
2080 3033 2212 3078 sae-

156 3101 298 3178 pius
326 3103 581 3178 imperia
605 3105 896 3166 mandata
921 3113 1106 3180 atque
1132 3105 1441 3166 exercitus
1469 3121 1611 3166 esse
1638 3102 2026 3166 commissos.
2080 3098 2219 3160 Fuit

157 3184 316 3246 enim
348 3187 625 3262 prefecto
661 3185 1026 3262 quibusdam
1065 3203 1321 3249 summis
1362 3185 1510 3248 viris
1555 3187 1857 3263 quaedam
1889 3186 1970 3246 ad
2002 3181 2223 3258 ampli-

158 3267 428 3331 tudinem
461 3276 520 3334 ct
555 3270 636 3329 ad
669 3269 922 3345 gloriam
957 3279 1021 3330 et
1055 3271 1135 3330 ad
1165 3286 1269 3330 res
1307 3286 1561 3344 magnas
1593 3270 1753 3330 bene
1782 3269 2083 3345 gerendas
2126 3264 2218 3324 di·

157 3347 382 3410 vinitus
410 3352 698 3414 adiuncta
727 3353 986 3413 fortuna.
1061 3352 1152 3412 De
1179 3349 1360 3412 huius
1388 3360 1589 3414 autem
1616 3348 1878 3414 hominis
1908 3348 2217 3417 felicitate,
