<?xml version="1.0" encoding="UTF-8"?>
<!DOCTYPE html PUBLIC "-//W3C//DTD XHTML 1.0 Transitional//EN"
    "http://www.w3.org/TR/xhtml1/DTD/xhtml1-transitional.dtd">
<html xmlns="http://www.w3.org/1999/xhtml" xml:lang="en" lang="en">
 <head>
  <title>
</title>
<meta http-equiv="Content-Type" content="text/html;charset=utf-8" />
  <meta name='ocr-system' content='tesseract 3.04.00' />
  <meta name='ocr-capabilities' content='ocr_page ocr_carea ocr_par ocr_line ocrx_word'/>
</head>
<body>
  <div class='ocr_page' id='page_1' title='image "./mtulliiciceroni00klotgoog_0183.png"; bbox 0 0 2459 3817; ppageno 0'>
   <div class='ocr_carea' id='block_1_1' title="bbox 242 204 1849 270">
    <p class='ocr_par' dir='ltr' id='par_1_1' title="bbox 242 204 1849 270">
     <span class='ocr_line' id='line_1_1' title="bbox 242 204 1849 270; baseline -0.005 0"><span class='ocrx_word' id='word_1_1' title='bbox 242 205 367 270; x_wconf 77' lang='lat'>1⁷2</span> <span class='ocrx_word' id='word_1_2' title='bbox 709 206 789 265; x_wconf 80' lang='lat' dir='ltr'>m</span> <span class='ocrx_word' id='word_1_3' title='bbox 832 205 898 266; x_wconf 84' lang='lat' dir='ltr'>C.</span> <span class='ocrx_word' id='word_1_4' title='bbox 941 205 1269 265; x_wconf 87' lang='lat' dir='ltr'>VERREM</span> <span class='ocrx_word' id='word_1_5' title='bbox 1297 205 1465 265; x_wconf 86' lang='lat' dir='ltr'>ACT.</span> <span class='ocrx_word' id='word_1_6' title='bbox 1495 204 1568 263; x_wconf 90' lang='lat'>11.</span> <span class='ocrx_word' id='word_1_7' title='bbox 1597 204 1738 265; x_wconf 86' lang='lat' dir='ltr'><strong>LIB.</strong></span> <span class='ocrx_word' id='word_1_8' title='bbox 1768 204 1849 262; x_wconf 75' lang='lat' dir='ltr'>V.</span> 
     </span>
    </p>
   </div>
   <div class='ocr_carea' id='block_1_2' title="bbox 182 352 2345 3511">
    <p class='ocr_par' dir='ltr' id='par_1_2' title="bbox 244 352 2325 1017">
     <span class='ocr_line' id='line_1_2' title="bbox 244 352 2324 428; baseline -0.001 -11"><span class='ocrx_word' id='word_1_9' title='bbox 244 373 369 417; x_wconf 84' lang='lat' dir='ltr'>rem</span> <span class='ocrx_word' id='word_1_10' title='bbox 406 357 519 417; x_wconf 78' lang='lat' dir='ltr'>frit</span> <span class='ocrx_word' id='word_1_11' title='bbox 549 356 705 417; x_wconf 87' lang='lat' dir='ltr'>haec</span> <span class='ocrx_word' id='word_1_12' title='bbox 734 355 1085 416; x_wconf 89' lang='lat' dir='ltr'>suburbana</span> <span class='ocrx_word' id='word_1_13' title='bbox 1118 372 1190 415; x_wconf 86' lang='lat' dir='ltr'>ac</span> <span class='ocrx_word' id='word_1_14' title='bbox 1230 352 1432 415; x_wconf 88' lang='lat' dir='ltr'>fidelis</span> <span class='ocrx_word' id='word_1_15' title='bbox 1470 353 1694 424; x_wconf 82' lang='lat' dir='ltr'>Sicilia,</span> <span class='ocrx_word' id='word_1_16' title='bbox 1728 355 1910 428; x_wconf 90' lang='lat' dir='ltr'>plena</span> <span class='ocrx_word' id='word_1_17' title='bbox 1949 352 2324 426; x_wconf 83' lang='lat' dir='ltr'>optimorum</span> 
     </span>
     <span class='ocr_line' id='line_1_3' title="bbox 246 435 2325 513; baseline -0.001 -14"><span class='ocrx_word' id='word_1_18' title='bbox 246 438 559 500; x_wconf 87' lang='lat' dir='ltr'>sociorum</span> <span class='ocrx_word' id='word_1_19' title='bbox 586 437 1284 513; x_wconf 83' lang='lat' dir='ltr'>honestissimorumque</span> <span class='ocrx_word' id='word_1_20' title='bbox 1315 436 1567 509; x_wconf 85' lang='lat' dir='ltr'>civium,</span> <span class='ocrx_word' id='word_1_21' title='bbox 1615 452 1774 511; x_wconf 86' lang='lat' dir='ltr'>quae</span> <span class='ocrx_word' id='word_1_22' title='bbox 1795 435 1972 495; x_wconf 85' lang='lat' dir='ltr'>cives</span> <span class='ocrx_word' id='word_1_23' title='bbox 2005 436 2325 497; x_wconf 83' lang='lat' dir='ltr'>Romanos-</span> 
     </span>
     <span class='ocr_line' id='line_1_4' title="bbox 247 518 2316 596; baseline -0.001 -13"><span class='ocrx_word' id='word_1_24' title='bbox 247 538 463 583; x_wconf 87' lang='lat' dir='ltr'>omnes</span> <span class='ocrx_word' id='word_1_25' title='bbox 498 520 627 582; x_wconf 90' lang='lat' dir='ltr'>suis</span> <span class='ocrx_word' id='word_1_26' title='bbox 656 521 796 596; x_wconf 87' lang='lat' dir='ltr'>ipsa</span> <span class='ocrx_word' id='word_1_27' title='bbox 830 520 1084 581; x_wconf 89' lang='lat' dir='ltr'>sedibus</span> <span class='ocrx_word' id='word_1_28' title='bbox 1112 518 1512 581; x_wconf 81' lang='lat' dir='ltr'>libentissime</span> <span class='ocrx_word' id='word_1_29' title='bbox 1543 535 1787 594; x_wconf 79' lang='lat' dir='ltr'>semper</span> <span class='ocrx_word' id='word_1_30' title='bbox 1812 518 2070 594; x_wconf 85' lang='lat' dir='ltr'>accepit,</span> <span class='ocrx_word' id='word_1_31' title='bbox 2096 528 2182 594; x_wconf 89' lang='lat' dir='ltr'>ut,</span> <span class='ocrx_word' id='word_1_32' title='bbox 2211 538 2316 595; x_wconf 85' lang='lat' dir='ltr'>qm</span> 
     </span>
     <span class='ocr_line' id='line_1_5' title="bbox 246 601 2314 680; baseline -0 -15"><span class='ocrx_word' id='word_1_33' title='bbox 246 618 448 677; x_wconf 88' lang='lat' dir='ltr'>usque</span> <span class='ocrx_word' id='word_1_34' title='bbox 471 619 550 664; x_wconf 84' lang='lat' dir='ltr'>ex</span> <span class='ocrx_word' id='word_1_35' title='bbox 578 604 784 664; x_wconf 86' lang='lat' dir='ltr'>ultima</span> <span class='ocrx_word' id='word_1_36' title='bbox 812 602 994 680; x_wconf 79' lang='lat' dir='ltr'>Syria</span> <span class='ocrx_word' id='word_1_37' title='bbox 1038 612 1222 679; x_wconf 85' lang='lat' dir='ltr'>atque</span> <span class='ocrx_word' id='word_1_38' title='bbox 1251 605 1538 679; x_wconf 81' lang='lat' dir='ltr'>Aegypto</span> <span class='ocrx_word' id='word_1_39' title='bbox 1579 601 1965 677; x_wconf 86' lang='lat' dir='ltr'>navigarent,</span> <span class='ocrx_word' id='word_1_40' title='bbox 2005 602 2109 677; x_wconf 88' lang='lat' dir='ltr'>qui</span> <span class='ocrx_word' id='word_1_41' title='bbox 2149 604 2314 678; x_wconf 87' lang='lat' dir='ltr'>apud</span> 
     </span>
     <span class='ocr_line' id='line_1_6' title="bbox 247 684 2325 761; baseline 0 -14"><span class='ocrx_word' id='word_1_42' title='bbox 247 686 545 747; x_wconf 79' lang='lat' dir='ltr'>barbaros</span> <span class='ocrx_word' id='word_1_43' title='bbox 580 693 833 761; x_wconf 89' lang='lat' dir='ltr'>propter</span> <span class='ocrx_word' id='word_1_44' title='bbox 852 695 1033 761; x_wconf 88' lang='lat' dir='ltr'>togae</span> <span class='ocrx_word' id='word_1_45' title='bbox 1061 702 1280 747; x_wconf 89' lang='lat' dir='ltr'>nomen</span> <span class='ocrx_word' id='word_1_46' title='bbox 1311 684 1371 744; x_wconf 91' lang='lat' dir='ltr'>in</span> <span class='ocrx_word' id='word_1_47' title='bbox 1397 686 1628 747; x_wconf 87' lang='lat' dir='ltr'>honore</span> <span class='ocrx_word' id='word_1_48' title='bbox 1661 684 1868 759; x_wconf 86' lang='lat' dir='ltr'>aliquo</span> <span class='ocrx_word' id='word_1_49' title='bbox 1899 684 2176 758; x_wconf 77' lang='lat' dir='ltr'>fuissent,</span> <span class='ocrx_word' id='word_1_50' title='bbox 2209 685 2325 761; x_wconf 78' lang='lat' dir='ltr'>qui</span> 
     </span>
     <span class='ocr_line' id='line_1_7' title="bbox 250 766 2316 844; baseline -0 -15"><span class='ocrx_word' id='word_1_51' title='bbox 250 786 333 829; x_wconf 86' lang='lat' dir='ltr'>ex</span> <span class='ocrx_word' id='word_1_52' title='bbox 366 770 747 843; x_wconf 89' lang='lat' dir='ltr'>praedonum</span> <span class='ocrx_word' id='word_1_53' title='bbox 786 768 1058 841; x_wconf 77' lang='lat' dir='ltr'>insidiiS,</span> <span class='ocrx_word' id='word_1_54' title='bbox 1102 768 1207 844; x_wconf 92' lang='lat' dir='ltr'>qui</span> <span class='ocrx_word' id='word_1_55' title='bbox 1256 786 1334 829; x_wconf 90' lang='lat' dir='ltr'>ex</span> <span class='ocrx_word' id='word_1_56' title='bbox 1373 777 1799 844; x_wconf 78' lang='lat' dir='ltr'>tempestatum</span> <span class='ocrx_word' id='word_1_57' title='bbox 1840 766 2130 843; x_wconf 88' lang='lat' dir='ltr'>periculis</span> <span class='ocrx_word' id='word_1_58' title='bbox 2171 785 2316 843; x_wconf 91' lang='lat' dir='ltr'>pro-</span> 
     </span>
     <span class='ocr_line' id='line_1_8' title="bbox 250 847 2324 927; baseline -0.001 -14"><span class='ocrx_word' id='word_1_59' title='bbox 250 847 580 926; x_wconf 78' lang='lat' dir='ltr'>fugissent,</span> <span class='ocrx_word' id='word_1_60' title='bbox 628 851 691 911; x_wconf 89' lang='lat' dir='ltr'>in</span> <span class='ocrx_word' id='word_1_61' title='bbox 720 850 929 912; x_wconf 81' lang='lat' dir='ltr'>Sicilia</span> <span class='ocrx_word' id='word_1_62' title='bbox 970 852 1170 911; x_wconf 90' lang='lat' dir='ltr'>securi</span> <span class='ocrx_word' id='word_1_63' title='bbox 1203 851 1542 926; x_wconf 82' lang='lat' dir='ltr'>ferirentur,</span> <span class='ocrx_word' id='word_1_64' title='bbox 1595 869 1782 927; x_wconf 89' lang='lat' dir='ltr'>quum</span> <span class='ocrx_word' id='word_1_65' title='bbox 1817 868 1888 913; x_wconf 89' lang='lat' dir='ltr'>se</span> <span class='ocrx_word' id='word_1_66' title='bbox 1920 850 2040 911; x_wconf 88' lang='lat' dir='ltr'>iam</span> <span class='ocrx_word' id='word_1_67' title='bbox 2070 852 2324 911; x_wconf 79' lang='lat' dir='ltr'>domum</span> 
     </span>
     <span class='ocr_line' id='line_1_9' title="bbox 249 933 1013 1017; baseline -0.001 -24"><span class='ocrx_word' id='word_1_68' title='bbox 249 934 499 1017; x_wconf 85' lang='lat' dir='ltr'>venisse</span> <span class='ocrx_word' id='word_1_69' title='bbox 539 933 1013 995; x_wconf 69' lang='lat' dir='ltr'>arbitrarentur?</span> 
     </span>
    </p>

    <p class='ocr_par' dir='ltr' id='par_1_3' title="bbox 182 1015 2345 3511">
     <span class='ocr_line' id='line_1_10' title="bbox 415 1015 2314 1093; baseline 0.001 -16"><span class='ocrx_word' id='word_1_70' title='bbox 415 1018 564 1077; x_wconf 90' lang='lat' dir='ltr'><strong>LXI.</strong></span> <span class='ocrx_word' id='word_1_71' title='bbox 630 1015 771 1081; x_wconf 87' lang='grc'><strong>158.</strong></span> <span class='ocrx_word' id='word_1_72' title='bbox 834 1018 983 1077; x_wconf 87' lang='lat' dir='ltr'>Nam</span> <span class='ocrx_word' id='word_1_73' title='bbox 1014 1016 1161 1092; x_wconf 90' lang='lat' dir='ltr'>quid</span> <span class='ocrx_word' id='word_1_74' title='bbox 1190 1034 1306 1093; x_wconf 87' lang='lat' dir='ltr'>ego</span> <span class='ocrx_word' id='word_1_75' title='bbox 1336 1019 1416 1079; x_wconf 85' lang='lat' dir='ltr'>de</span> <span class='ocrx_word' id='word_1_76' title='bbox 1446 1018 1511 1078; x_wconf 91' lang='lat' dir='ltr'>P.</span> <span class='ocrx_word' id='word_1_77' title='bbox 1551 1017 1776 1093; x_wconf 82' lang='lat' dir='ltr'>Gavio,</span> <span class='ocrx_word' id='word_1_78' title='bbox 1809 1018 2093 1079; x_wconf 84' lang='lat' dir='ltr'>Consano</span> <span class='ocrx_word' id='word_1_79' title='bbox 2121 1017 2314 1079; x_wconf 86' lang='lat' dir='ltr'>muni-</span> 
     </span>
     <span class='ocr_line' id='line_1_11' title="bbox 252 1098 2308 1177; baseline -0.001 -15"><span class='ocrx_word' id='word_1_80' title='bbox 252 1100 421 1176; x_wconf 82' lang='lat' dir='ltr'>cipe,</span> <span class='ocrx_word' id='word_1_81' title='bbox 473 1098 701 1175; x_wconf 86' lang='lat' dir='ltr'>dicam,</span> <span class='ocrx_word' id='word_1_82' title='bbox 736 1099 1015 1161; x_wconf 67' lang='lat' dir='ltr'>iudices?</span> <span class='ocrx_word' id='word_1_83' title='bbox 1056 1110 1162 1162; x_wconf 88' lang='lat' dir='ltr'>aut</span> <span class='ocrx_word' id='word_1_84' title='bbox 1189 1118 1312 1177; x_wconf 87' lang='lat' dir='ltr'>qua</span> <span class='ocrx_word' id='word_1_85' title='bbox 1340 1102 1398 1161; x_wconf 92' lang='lat' dir='ltr'>vi</span> <span class='ocrx_word' id='word_1_86' title='bbox 1428 1100 1631 1174; x_wconf 79' lang='lat' dir='ltr'>vociS‚</span> <span class='ocrx_word' id='word_1_87' title='bbox 1679 1119 1802 1176; x_wconf 90' lang='lat' dir='ltr'>qua</span> <span class='ocrx_word' id='word_1_88' title='bbox 1845 1101 2138 1175; x_wconf 86' lang='lat' dir='ltr'>gravitate</span> <span class='ocrx_word' id='word_1_89' title='bbox 2176 1118 2308 1161; x_wconf 72' lang='lat' dir='ltr'>ver«</span> 
     </span>
     <span class='ocr_line' id='line_1_12' title="bbox 246 1183 2314 1257; baseline -0 -12"><span class='ocrx_word' id='word_1_90' title='bbox 246 1184 496 1257; x_wconf 88' lang='lat' dir='ltr'>borum,</span> <span class='ocrx_word' id='word_1_91' title='bbox 531 1200 652 1257; x_wconf 92' lang='lat' dir='ltr'>quo</span> <span class='ocrx_word' id='word_1_92' title='bbox 684 1184 898 1244; x_wconf 91' lang='lat' dir='ltr'>dolore</span> <span class='ocrx_word' id='word_1_93' title='bbox 928 1184 1111 1244; x_wconf 85' lang='lat' dir='ltr'>animi</span> <span class='ocrx_word' id='word_1_94' title='bbox 1139 1183 1380 1245; x_wconf 67' lang='lat' dir='ltr'>dicam?</span> <span class='ocrx_word' id='word_1_95' title='bbox 1420 1183 1657 1244; x_wconf 90' lang='lat' dir='ltr'>tametsi</span> <span class='ocrx_word' id='word_1_96' title='bbox 1691 1185 1866 1245; x_wconf 91' lang='lat' dir='ltr'>dolor</span> <span class='ocrx_word' id='word_1_97' title='bbox 1905 1200 2002 1244; x_wconf 90' lang='lat' dir='ltr'>me</span> <span class='ocrx_word' id='word_1_98' title='bbox 2044 1200 2166 1244; x_wconf 91' lang='lat' dir='ltr'>non</span> <span class='ocrx_word' id='word_1_99' title='bbox 2209 1186 2314 1244; x_wconf 90' lang='lat' dir='ltr'>de-</span> 
     </span>
     <span class='ocr_line' id='line_1_13' title="bbox 250 1265 2329 1342; baseline -0 -15"><span class='ocrx_word' id='word_1_100' title='bbox 250 1267 404 1327; x_wconf 85' lang='lat' dir='ltr'>ficit=</span> <span class='ocrx_word' id='word_1_101' title='bbox 440 1274 507 1327; x_wconf 88' lang='lat' dir='ltr'>ut</span> <span class='ocrx_word' id='word_1_102' title='bbox 534 1274 777 1327; x_wconf 89' lang='lat' dir='ltr'>caetera</span> <span class='ocrx_word' id='word_1_103' title='bbox 810 1265 955 1327; x_wconf 89' lang='lat' dir='ltr'>mihi</span> <span class='ocrx_word' id='word_1_104' title='bbox 982 1266 1043 1326; x_wconf 92' lang='lat' dir='ltr'>in</span> <span class='ocrx_word' id='word_1_105' title='bbox 1076 1266 1337 1328; x_wconf 84' lang='lat' dir='ltr'>dicendo</span> <span class='ocrx_word' id='word_1_106' title='bbox 1370 1267 1554 1341; x_wconf 85' lang='lat' dir='ltr'>digna</span> <span class='ocrx_word' id='word_1_107' title='bbox 1579 1283 1678 1339; x_wconf 92' lang='lat' dir='ltr'>re,</span> <span class='ocrx_word' id='word_1_108' title='bbox 1720 1266 1904 1342; x_wconf 87' lang='lat' dir='ltr'>digna</span> <span class='ocrx_word' id='word_1_109' title='bbox 1931 1268 2145 1328; x_wconf 91' lang='lat' dir='ltr'>dolore</span> <span class='ocrx_word' id='word_1_110' title='bbox 2175 1284 2329 1327; x_wconf 75' lang='lat' dir='ltr'>meo</span> 
     </span>
     <span class='ocr_line' id='line_1_14' title="bbox 251 1348 2314 1425; baseline -0.001 -14"><span class='ocrx_word' id='word_1_111' title='bbox 251 1356 610 1425; x_wconf 82' lang='lat' dir='ltr'>suppetant,</span> <span class='ocrx_word' id='word_1_112' title='bbox 654 1348 848 1424; x_wconf 87' lang='lat' dir='ltr'>magis</span> <span class='ocrx_word' id='word_1_113' title='bbox 879 1349 1277 1411; x_wconf 85' lang='lat' dir='ltr'>laborandum</span> <span class='ocrx_word' id='word_1_114' title='bbox 1305 1358 1418 1411; x_wconf 88' lang='lat' dir='ltr'>est.</span> <span class='ocrx_word' id='word_1_115' title='bbox 1485 1350 1661 1423; x_wconf 80' lang='lat' dir='ltr'>Quod</span> <span class='ocrx_word' id='word_1_116' title='bbox 1702 1350 1930 1411; x_wconf 85' lang='lat' dir='ltr'>crimen</span> <span class='ocrx_word' id='word_1_117' title='bbox 1971 1350 2104 1411; x_wconf 90' lang='lat' dir='ltr'>eius</span> <span class='ocrx_word' id='word_1_118' title='bbox 2148 1350 2314 1410; x_wconf 87' lang='lat' dir='ltr'>modi</span> 
     </span>
     <span class='ocr_line' id='line_1_15' title="bbox 249 1430 2326 1506; baseline 0 -13"><span class='ocrx_word' id='word_1_119' title='bbox 249 1442 376 1505; x_wconf 89' lang='lat' dir='ltr'>est,</span> <span class='ocrx_word' id='word_1_120' title='bbox 410 1440 504 1504; x_wconf 87' lang='lat' dir='ltr'>ut,</span> <span class='ocrx_word' id='word_1_121' title='bbox 558 1447 743 1506; x_wconf 89' lang='lat' dir='ltr'>quum</span> <span class='ocrx_word' id='word_1_122' title='bbox 773 1430 1033 1506; x_wconf 89' lang='lat' dir='ltr'>primum</span> <span class='ocrx_word' id='word_1_123' title='bbox 1064 1432 1144 1492; x_wconf 84' lang='lat' dir='ltr'>ad</span> <span class='ocrx_word' id='word_1_124' title='bbox 1170 1448 1268 1492; x_wconf 90' lang='lat' dir='ltr'>me</span> <span class='ocrx_word' id='word_1_125' title='bbox 1301 1433 1564 1493; x_wconf 90' lang='lat' dir='ltr'>delatum</span> <span class='ocrx_word' id='word_1_126' title='bbox 1595 1441 1707 1506; x_wconf 89' lang='lat' dir='ltr'>est,</span> <span class='ocrx_word' id='word_1_127' title='bbox 1757 1450 2012 1493; x_wconf 89' lang='lat' dir='ltr'>usurum</span> <span class='ocrx_word' id='word_1_128' title='bbox 2064 1449 2162 1493; x_wconf 91' lang='lat' dir='ltr'>me</span> <span class='ocrx_word' id='word_1_129' title='bbox 2209 1434 2326 1493; x_wconf 81' lang='lat' dir='ltr'>illo</span> 
     </span>
     <span class='ocr_line' id='line_1_16' title="bbox 253 1513 2314 1591; baseline 0 -16"><span class='ocrx_word' id='word_1_130' title='bbox 253 1531 376 1575; x_wconf 91' lang='lat' dir='ltr'>non</span> <span class='ocrx_word' id='word_1_131' title='bbox 425 1520 731 1589; x_wconf 79' lang='lat' dir='ltr'>putarem=</span> <span class='ocrx_word' id='word_1_132' title='bbox 796 1513 1037 1575; x_wconf 87' lang='lat' dir='ltr'>tametsi</span> <span class='ocrx_word' id='word_1_133' title='bbox 1082 1514 1242 1574; x_wconf 86' lang='lat' dir='ltr'>enim</span> <span class='ocrx_word' id='word_1_134' title='bbox 1286 1514 1670 1577; x_wconf 87' lang='lat' dir='ltr'>verissimum</span> <span class='ocrx_word' id='word_1_135' title='bbox 1717 1532 1860 1577; x_wconf 91' lang='lat' dir='ltr'>esse</span> <span class='ocrx_word' id='word_1_136' title='bbox 1887 1515 2314 1591; x_wconf 83' lang='lat' dir='ltr'>intelligebam,</span> 
     </span>
     <span class='ocr_line' id='line_1_17' title="bbox 248 1595 2324 1661; baseline 0 -2"><span class='ocrx_word' id='word_1_137' title='bbox 248 1605 452 1659; x_wconf 81' lang='lat' dir='ltr'>tamen</span> <span class='ocrx_word' id='word_1_138' title='bbox 476 1595 767 1657; x_wconf 87' lang='lat' dir='ltr'>credibile</span> <span class='ocrx_word' id='word_1_139' title='bbox 791 1598 923 1657; x_wconf 77' lang='lat' dir='ltr'>fore</span> <span class='ocrx_word' id='word_1_140' title='bbox 945 1614 1067 1657; x_wconf 91' lang='lat' dir='ltr'>non</span> <span class='ocrx_word' id='word_1_141' title='bbox 1094 1598 1445 1658; x_wconf 86' lang='lat' dir='ltr'>arbitrabar.</span> <span class='ocrx_word' id='word_1_142' title='bbox 1480 1599 1738 1660; x_wconf 88' lang='lat' dir='ltr'>Coactus</span> <span class='ocrx_word' id='word_1_143' title='bbox 1760 1598 2024 1659; x_wconf 86' lang='lat' dir='ltr'>lacrimis</span> <span class='ocrx_word' id='word_1_144' title='bbox 2049 1598 2324 1661; x_wconf 85' lang='lat' dir='ltr'>omnium</span> 
     </span>
     <span class='ocr_line' id='line_1_18' title="bbox 182 1680 2314 1762; baseline 0 -21"><span class='ocrx_word' id='word_1_145' title='bbox 182 1701 207 1709; x_wconf 50' lang='lat' dir='ltr'>r</span> <span class='ocrx_word' id='word_1_146' title='bbox 251 1681 474 1742; x_wconf 88' lang='lat' dir='ltr'>civium</span> <span class='ocrx_word' id='word_1_147' title='bbox 502 1682 935 1757; x_wconf 87' lang='lat' dir='ltr'>Romanorum,</span> <span class='ocrx_word' id='word_1_148' title='bbox 966 1680 1071 1755; x_wconf 89' lang='lat' dir='ltr'>qui</span> <span class='ocrx_word' id='word_1_149' title='bbox 1096 1680 1159 1740; x_wconf 90' lang='lat' dir='ltr'>in</span> <span class='ocrx_word' id='word_1_150' title='bbox 1184 1680 1392 1740; x_wconf 85' lang='lat' dir='ltr'>Sicilia</span> <span class='ocrx_word' id='word_1_151' title='bbox 1419 1683 1818 1762; x_wconf 81' lang='lat' dir='ltr'>negotiantur,</span> <span class='ocrx_word' id='word_1_152' title='bbox 1868 1683 2168 1744; x_wconf 86' lang='lat' dir='ltr'>adductus</span> <span class='ocrx_word' id='word_1_153' title='bbox 2190 1685 2314 1741; x_wconf 89' lang='lat' dir='ltr'>Va·</span> 
     </span>
     <span class='ocr_line' id='line_1_19' title="bbox 250 1762 2316 1840; baseline -0 -16"><span class='ocrx_word' id='word_1_154' title='bbox 250 1764 647 1837; x_wconf 88' lang='lat' dir='ltr'>lentinorum,</span> <span class='ocrx_word' id='word_1_155' title='bbox 700 1763 1011 1824; x_wconf 88' lang='lat' dir='ltr'>hominum</span> <span class='ocrx_word' id='word_1_156' title='bbox 1061 1762 1635 1825; x_wconf 90' lang='lat' dir='ltr'>honestissimorum</span> <span class='ocrx_word' id='word_1_157' title='bbox 1677 1764 2068 1840; x_wconf 89' lang='lat' dir='ltr'>omniumque</span> <span class='ocrx_word' id='word_1_158' title='bbox 2129 1765 2316 1840; x_wconf 88' lang='lat' dir='ltr'>Regi-</span> 
     </span>
     <span class='ocr_line' id='line_1_20' title="bbox 249 1845 2318 1923; baseline 0 -16"><span class='ocrx_word' id='word_1_159' title='bbox 249 1864 468 1909; x_wconf 92' lang='lat' dir='ltr'>norum</span> <span class='ocrx_word' id='word_1_160' title='bbox 514 1845 881 1910; x_wconf 88' lang='lat' dir='ltr'>testimoniis</span> <span class='ocrx_word' id='word_1_161' title='bbox 921 1848 1372 1922; x_wconf 80' lang='lat' dir='ltr'>multorumque</span> <span class='ocrx_word' id='word_1_162' title='bbox 1411 1849 1681 1922; x_wconf 89' lang='lat' dir='ltr'>equitum</span> <span class='ocrx_word' id='word_1_163' title='bbox 1719 1850 2161 1921; x_wconf 87' lang='lat' dir='ltr'>Romanorum,</span> <span class='ocrx_word' id='word_1_164' title='bbox 2213 1847 2318 1923; x_wconf 85' lang='lat' dir='ltr'>qui</span> 
     </span>
     <span class='ocr_line' id='line_1_21' title="bbox 250 1928 2315 2008; baseline 0 -17"><span class='ocrx_word' id='word_1_165' title='bbox 250 1946 400 1991; x_wconf 86' lang='lat' dir='ltr'>casu</span> <span class='ocrx_word' id='word_1_166' title='bbox 435 1939 560 1993; x_wconf 89' lang='lat' dir='ltr'>tum</span> <span class='ocrx_word' id='word_1_167' title='bbox 592 1931 918 1992; x_wconf 82' lang='lat' dir='ltr'>Messanae</span> <span class='ocrx_word' id='word_1_168' title='bbox 948 1932 1222 2004; x_wconf 83' lang='lat' dir='ltr'>ruerunt,</span> <span class='ocrx_word' id='word_1_169' title='bbox 1279 1928 1422 1991; x_wconf 89' lang='lat' dir='ltr'>dedi</span> <span class='ocrx_word' id='word_1_170' title='bbox 1472 1940 1695 1993; x_wconf 88' lang='lat' dir='ltr'>tantum</span> <span class='ocrx_word' id='word_1_171' title='bbox 1731 1933 1936 2008; x_wconf 88' lang='lat' dir='ltr'>priore</span> <span class='ocrx_word' id='word_1_172' title='bbox 1962 1932 2201 1994; x_wconf 87' lang='lat' dir='ltr'>actione</span> <span class='ocrx_word' id='word_1_173' title='bbox 2230 1939 2315 1991; x_wconf 87' lang='lat' dir='ltr'>te-</span> 
     </span>
     <span class='ocr_line' id='line_1_22' title="bbox 251 2012 2328 2089; baseline 0 -17"><span class='ocrx_word' id='word_1_174' title='bbox 251 2014 460 2085; x_wconf 83' lang='lat' dir='ltr'>stium,</span> <span class='ocrx_word' id='word_1_175' title='bbox 509 2030 613 2074; x_wconf 90' lang='lat' dir='ltr'>res</span> <span class='ocrx_word' id='word_1_176' title='bbox 660 2022 727 2074; x_wconf 87' lang='lat' dir='ltr'>ut</span> <span class='ocrx_word' id='word_1_177' title='bbox 772 2012 998 2074; x_wconf 87' lang='lat' dir='ltr'>nemini</span> <span class='ocrx_word' id='word_1_178' title='bbox 1047 2013 1233 2074; x_wconf 88' lang='lat' dir='ltr'>dubia</span> <span class='ocrx_word' id='word_1_179' title='bbox 1279 2030 1424 2076; x_wconf 88' lang='lat' dir='ltr'>esse</span> <span class='ocrx_word' id='word_1_180' title='bbox 1470 2023 1700 2089; x_wconf 86' lang='lat' dir='ltr'>posset.</span> <span class='ocrx_word' id='word_1_181' title='bbox 1761 2012 1900 2076; x_wconf 85' lang='lat'>159.</span> <span class='ocrx_word' id='word_1_182' title='bbox 1964 2015 2123 2088; x_wconf 79' lang='lat' dir='ltr'>Quid</span> <span class='ocrx_word' id='word_1_183' title='bbox 2159 2029 2328 2075; x_wconf 85' lang='lat' dir='ltr'>nune</span> 
     </span>
     <span class='ocr_line' id='line_1_23' title="bbox 250 2094 2318 2172; baseline 0.001 -17"><span class='ocrx_word' id='word_1_184' title='bbox 250 2103 472 2169; x_wconf 70' lang='lat' dir='ltr'>agam?</span> <span class='ocrx_word' id='word_1_185' title='bbox 526 2096 719 2170; x_wconf 75' lang='lat' dir='ltr'>Quum</span> <span class='ocrx_word' id='word_1_186' title='bbox 750 2094 868 2154; x_wconf 89' lang='lat' dir='ltr'>iam</span> <span class='ocrx_word' id='word_1_187' title='bbox 898 2105 987 2156; x_wconf 86' lang='lat' dir='ltr'>tot</span> <span class='ocrx_word' id='word_1_188' title='bbox 1014 2098 1200 2157; x_wconf 86' lang='lat' dir='ltr'>horas</span> <span class='ocrx_word' id='word_1_189' title='bbox 1231 2096 1310 2157; x_wconf 89' lang='lat' dir='ltr'>dc</span> <span class='ocrx_word' id='word_1_190' title='bbox 1339 2112 1462 2156; x_wconf 92' lang='lat' dir='ltr'>uno</span> <span class='ocrx_word' id='word_1_191' title='bbox 1493 2114 1718 2172; x_wconf 83' lang='lat' dir='ltr'>genere</span> <span class='ocrx_word' id='word_1_192' title='bbox 1760 2113 1834 2157; x_wconf 90' lang='lat' dir='ltr'>ac</span> <span class='ocrx_word' id='word_1_193' title='bbox 1873 2097 1952 2157; x_wconf 90' lang='lat' dir='ltr'>de</span> <span class='ocrx_word' id='word_1_194' title='bbox 1991 2096 2170 2159; x_wconf 87' lang='lat' dir='ltr'>istius</span> <span class='ocrx_word' id='word_1_195' title='bbox 2213 2114 2318 2157; x_wconf 89' lang='lat' dir='ltr'>ne·</span> 
     </span>
     <span class='ocr_line' id='line_1_24' title="bbox 254 2178 2318 2255; baseline 0.001 -18"><span class='ocrx_word' id='word_1_196' title='bbox 254 2178 405 2238; x_wconf 77' lang='lat' dir='ltr'>faria</span> <span class='ocrx_word' id='word_1_197' title='bbox 434 2178 789 2239; x_wconf 85' lang='lat' dir='ltr'>crudelitate</span> <span class='ocrx_word' id='word_1_198' title='bbox 820 2178 1049 2251; x_wconf 86' lang='lat' dir='ltr'>dicam,</span> <span class='ocrx_word' id='word_1_199' title='bbox 1096 2196 1284 2254; x_wconf 89' lang='lat' dir='ltr'>quum</span> <span class='ocrx_word' id='word_1_200' title='bbox 1315 2196 1511 2255; x_wconf 87' lang='lat' dir='ltr'>prope</span> <span class='ocrx_word' id='word_1_201' title='bbox 1544 2196 1782 2241; x_wconf 91' lang='lat' dir='ltr'>omnem</span> <span class='ocrx_word' id='word_1_202' title='bbox 1825 2179 1946 2241; x_wconf 88' lang='lat' dir='ltr'>vim</span> <span class='ocrx_word' id='word_1_203' title='bbox 1988 2181 2318 2242; x_wconf 88' lang='lat' dir='ltr'>verborum</span> 
     </span>
     <span class='ocr_line' id='line_1_25' title="bbox 252 2260 2318 2337; baseline -0.001 -14"><span class='ocrx_word' id='word_1_204' title='bbox 252 2261 387 2323; x_wconf 90' lang='lat' dir='ltr'>eius</span> <span class='ocrx_word' id='word_1_205' title='bbox 419 2260 616 2337; x_wconf 83' lang='lat' dir='ltr'>modi,</span> <span class='ocrx_word' id='word_1_206' title='bbox 645 2275 806 2336; x_wconf 89' lang='lat' dir='ltr'>quae</span> <span class='ocrx_word' id='word_1_207' title='bbox 842 2263 1075 2323; x_wconf 87' lang='lat' dir='ltr'>scelere</span> <span class='ocrx_word' id='word_1_208' title='bbox 1106 2260 1286 2323; x_wconf 86' lang='lat' dir='ltr'>istius</span> <span class='ocrx_word' id='word_1_209' title='bbox 1315 2262 1499 2337; x_wconf 87' lang='lat' dir='ltr'>digna</span> <span class='ocrx_word' id='word_1_210' title='bbox 1526 2261 1664 2337; x_wconf 90' lang='lat' dir='ltr'>sint,</span> <span class='ocrx_word' id='word_1_211' title='bbox 1695 2262 1831 2323; x_wconf 89' lang='lat' dir='ltr'>aliis</span> <span class='ocrx_word' id='word_1_212' title='bbox 1859 2264 1920 2323; x_wconf 94' lang='lat' dir='ltr'>in</span> <span class='ocrx_word' id='word_1_213' title='bbox 1952 2262 2142 2325; x_wconf 89' lang='lat' dir='ltr'>rebus</span> <span class='ocrx_word' id='word_1_214' title='bbox 2171 2278 2318 2324; x_wconf 90' lang='lat' dir='ltr'>con-</span> 
     </span>
     <span class='ocr_line' id='line_1_26' title="bbox 254 2344 2318 2420; baseline 0 -15"><span class='ocrx_word' id='word_1_215' title='bbox 254 2344 654 2420; x_wconf 83' lang='lat' dir='ltr'>sumpserim,</span> <span class='ocrx_word' id='word_1_216' title='bbox 705 2359 908 2417; x_wconf 90' lang='lat' dir='ltr'>neque</span> <span class='ocrx_word' id='word_1_217' title='bbox 946 2344 1066 2405; x_wconf 91' lang='lat' dir='ltr'>hoc</span> <span class='ocrx_word' id='word_1_218' title='bbox 1112 2344 1510 2420; x_wconf 88' lang='lat' dir='ltr'>providerim,</span> <span class='ocrx_word' id='word_1_219' title='bbox 1563 2354 1629 2407; x_wconf 86' lang='lat' dir='ltr'>ut</span> <span class='ocrx_word' id='word_1_220' title='bbox 1667 2345 1962 2407; x_wconf 86' lang='lat' dir='ltr'>varietate</span> <span class='ocrx_word' id='word_1_221' title='bbox 2001 2345 2318 2405; x_wconf 89' lang='lat' dir='ltr'>criminum</span> 
     </span>
     <span class='ocr_line' id='line_1_27' title="bbox 252 2428 2320 2503; baseline -0 -18"><span class='ocrx_word' id='word_1_222' title='bbox 252 2444 368 2488; x_wconf 85' lang='lat' dir='ltr'>vos</span> <span class='ocrx_word' id='word_1_223' title='bbox 418 2435 680 2489; x_wconf 86' lang='lat' dir='ltr'>attentos</span> <span class='ocrx_word' id='word_1_224' title='bbox 730 2434 1028 2487; x_wconf 84' lang='lat' dir='ltr'>tenerem=</span> <span class='ocrx_word' id='word_1_225' title='bbox 1083 2445 1267 2503; x_wconf 92' lang='lat' dir='ltr'>quem</span> <span class='ocrx_word' id='word_1_226' title='bbox 1296 2430 1375 2488; x_wconf 85' lang='lat' dir='ltr'>ad</span> <span class='ocrx_word' id='word_1_227' title='bbox 1405 2429 1650 2489; x_wconf 89' lang='lat' dir='ltr'>modum</span> <span class='ocrx_word' id='word_1_228' title='bbox 1684 2430 1762 2489; x_wconf 92' lang='lat' dir='ltr'>de</span> <span class='ocrx_word' id='word_1_229' title='bbox 1789 2437 1954 2490; x_wconf 86' lang='lat' dir='ltr'>tanta</span> <span class='ocrx_word' id='word_1_230' title='bbox 1980 2445 2046 2489; x_wconf 92' lang='lat' dir='ltr'>re</span> <span class='ocrx_word' id='word_1_231' title='bbox 2079 2428 2320 2489; x_wconf 66' lang='lat' dir='ltr'>dicam?</span> 
     </span>
     <span class='ocr_line' id='line_1_28' title="bbox 252 2509 2317 2586; baseline -0 -15"><span class='ocrx_word' id='word_1_232' title='bbox 252 2509 513 2584; x_wconf 81' lang='lat' dir='ltr'>opinor,</span> <span class='ocrx_word' id='word_1_233' title='bbox 542 2526 701 2569; x_wconf 89' lang='lat' dir='ltr'>unus</span> <span class='ocrx_word' id='word_1_234' title='bbox 734 2511 957 2571; x_wconf 88' lang='lat' dir='ltr'>modus</span> <span class='ocrx_word' id='word_1_235' title='bbox 992 2519 1174 2585; x_wconf 89' lang='lat' dir='ltr'>atque</span> <span class='ocrx_word' id='word_1_236' title='bbox 1204 2528 1328 2571; x_wconf 88' lang='lat' dir='ltr'>una</span> <span class='ocrx_word' id='word_1_237' title='bbox 1357 2511 1512 2572; x_wconf 89' lang='lat' dir='ltr'>ratio</span> <span class='ocrx_word' id='word_1_238' title='bbox 1543 2519 1654 2573; x_wconf 87' lang='lat' dir='ltr'>est.</span> <span class='ocrx_word' id='word_1_239' title='bbox 1696 2514 1848 2573; x_wconf 91' lang='lat' dir='ltr'>Rem</span> <span class='ocrx_word' id='word_1_240' title='bbox 1876 2512 1938 2572; x_wconf 90' lang='lat' dir='ltr'>in</span> <span class='ocrx_word' id='word_1_241' title='bbox 1973 2510 2176 2571; x_wconf 90' lang='lat' dir='ltr'>medio</span> <span class='ocrx_word' id='word_1_242' title='bbox 2205 2526 2317 2586; x_wconf 90' lang='lat' dir='ltr'>po·</span> 
     </span>
     <span class='ocr_line' id='line_1_29' title="bbox 248 2593 2323 2671; baseline 0 -19"><span class='ocrx_word' id='word_1_243' title='bbox 248 2608 423 2652; x_wconf 76' lang='lat' dir='ltr'>nam=</span> <span class='ocrx_word' id='word_1_244' title='bbox 460 2608 619 2667; x_wconf 90' lang='lat' dir='ltr'>quae</span> <span class='ocrx_word' id='word_1_245' title='bbox 646 2600 876 2653; x_wconf 84' lang='lat' dir='ltr'>tanturn</span> <span class='ocrx_word' id='word_1_246' title='bbox 907 2593 1089 2654; x_wconf 86' lang='lat' dir='ltr'>habet</span> <span class='ocrx_word' id='word_1_247' title='bbox 1111 2594 1250 2669; x_wconf 87' lang='lat' dir='ltr'>ipsa</span> <span class='ocrx_word' id='word_1_248' title='bbox 1277 2594 1608 2668; x_wconf 86' lang='lat' dir='ltr'>gravitatis,</span> <span class='ocrx_word' id='word_1_249' title='bbox 1639 2605 1705 2657; x_wconf 82' lang='lat' dir='ltr'>ut</span> <span class='ocrx_word' id='word_1_250' title='bbox 1737 2612 1939 2671; x_wconf 86' lang='lat' dir='ltr'>neque</span> <span class='ocrx_word' id='word_1_251' title='bbox 1973 2611 2128 2668; x_wconf 84' lang='lat' dir='ltr'>mea,</span> <span class='ocrx_word' id='word_1_252' title='bbox 2158 2608 2323 2667; x_wconf 84' lang='lat' dir='ltr'>quae·</span> 
     </span>
     <span class='ocr_line' id='line_1_30' title="bbox 250 2675 2320 2750; baseline 0 -15"><span class='ocrx_word' id='word_1_253' title='bbox 250 2677 417 2735; x_wconf 83' lang='lat' dir='ltr'>nulla</span> <span class='ocrx_word' id='word_1_254' title='bbox 448 2684 561 2742; x_wconf 88' lang='lat' dir='ltr'>est,</span> <span class='ocrx_word' id='word_1_255' title='bbox 592 2690 796 2750; x_wconf 89' lang='lat' dir='ltr'>neque</span> <span class='ocrx_word' id='word_1_256' title='bbox 826 2675 1187 2749; x_wconf 85' lang='lat' dir='ltr'>cuiusquam</span> <span class='ocrx_word' id='word_1_257' title='bbox 1216 2679 1293 2738; x_wconf 90' lang='lat' dir='ltr'>ad</span> <span class='ocrx_word' id='word_1_258' title='bbox 1325 2676 1793 2739; x_wconf 87' lang='lat' dir='ltr'>inflammandos</span> <span class='ocrx_word' id='word_1_259' title='bbox 1819 2685 2058 2739; x_wconf 86' lang='lat' dir='ltr'>vestros</span> <span class='ocrx_word' id='word_1_260' title='bbox 2080 2675 2320 2737; x_wconf 87' lang='lat' dir='ltr'>animos</span> 
     </span>
     <span class='ocr_line' id='line_1_31' title="bbox 254 2764 2330 2842; baseline -0.003 -15"><span class='ocrx_word' id='word_1_261' title='bbox 254 2766 610 2840; x_wconf 86' lang='lat' dir='ltr'>eloquentia</span> <span class='ocrx_word' id='word_1_262' title='bbox 629 2767 999 2842; x_wconf 85' lang='lat' dir='ltr'>requiratur.</span> <span class='ocrx_word' id='word_1_263' title='bbox 1040 2767 1177 2826; x_wconf 89' lang='grc'><strong>160.</strong></span> <span class='ocrx_word' id='word_1_264' title='bbox 1206 2767 1436 2827; x_wconf 81' lang='lat' dir='ltr'>Gavius</span> <span class='ocrx_word' id='word_1_265' title='bbox 1461 2766 1578 2836; x_wconf 87' lang='lat' dir='ltr'>hic,</span> <span class='ocrx_word' id='word_1_266' title='bbox 1595 2782 1776 2840; x_wconf 88' lang='lat' dir='ltr'>quem</span> <span class='ocrx_word' id='word_1_267' title='bbox 1804 2764 1963 2835; x_wconf 83' lang='lat' dir='ltr'>dice,</span> <span class='ocrx_word' id='word_1_268' title='bbox 1982 2764 2330 2830; x_wconf 83' lang='lat' dir='ltr'>Consanus,</span> 
     </span>
     <span class='ocr_line' id='line_1_32' title="bbox 256 2844 2330 2923; baseline -0.003 -14"><span class='ocrx_word' id='word_1_269' title='bbox 256 2866 445 2923; x_wconf 87' lang='lat' dir='ltr'>quum</span> <span class='ocrx_word' id='word_1_270' title='bbox 465 2849 526 2909; x_wconf 89' lang='lat' dir='ltr'>in</span> <span class='ocrx_word' id='word_1_271' title='bbox 550 2850 654 2910; x_wconf 91' lang='lat' dir='ltr'>illo</span> <span class='ocrx_word' id='word_1_272' title='bbox 668 2866 925 2912; x_wconf 88' lang='lat' dir='ltr'>numero</span> <span class='ocrx_word' id='word_1_273' title='bbox 944 2850 1169 2911; x_wconf 84' lang='lat' dir='ltr'>civium</span> <span class='ocrx_word' id='word_1_274' title='bbox 1183 2852 1600 2912; x_wconf 87' lang='lat' dir='ltr'>Romanorum</span> <span class='ocrx_word' id='word_1_275' title='bbox 1622 2844 1704 2908; x_wconf 74' lang='lat' dir='ltr'>ab‘</span> <span class='ocrx_word' id='word_1_276' title='bbox 1723 2848 1843 2908; x_wconf 90' lang='lat' dir='ltr'>isto</span> <span class='ocrx_word' id='word_1_277' title='bbox 1869 2846 1930 2906; x_wconf 90' lang='lat' dir='ltr'>in</span> <span class='ocrx_word' id='word_1_278' title='bbox 1954 2847 2158 2906; x_wconf 87' lang='lat' dir='ltr'>vincla</span> <span class='ocrx_word' id='word_1_279' title='bbox 2185 2858 2330 2903; x_wconf 87' lang='lat' dir='ltr'>con·</span> 
     </span>
     <span class='ocr_line' id='line_1_33' title="bbox 253 2926 2332 3009; baseline -0.001 -18"><span class='ocrx_word' id='word_1_280' title='bbox 253 2930 452 2992; x_wconf 86' lang='lat' dir='ltr'>iectus</span> <span class='ocrx_word' id='word_1_281' title='bbox 484 2940 656 2993; x_wconf 90' lang='lat' dir='ltr'>esset</span> <span class='ocrx_word' id='word_1_282' title='bbox 684 2941 747 2995; x_wconf 92' lang='lat' dir='ltr'>et</span> <span class='ocrx_word' id='word_1_283' title='bbox 772 2934 986 2996; x_wconf 90' lang='lat' dir='ltr'>nescio</span> <span class='ocrx_word' id='word_1_284' title='bbox 1020 2950 1144 3009; x_wconf 89' lang='lat' dir='ltr'>qua</span> <span class='ocrx_word' id='word_1_285' title='bbox 1164 2934 1405 2995; x_wconf 89' lang='lat' dir='ltr'>ratione</span> <span class='ocrx_word' id='word_1_286' title='bbox 1437 2934 1595 2992; x_wconf 86' lang='lat' dir='ltr'>clam</span> <span class='ocrx_word' id='word_1_287' title='bbox 1625 2948 1663 2991; x_wconf 92' lang='lat' dir='ltr'>e</span> <span class='ocrx_word' id='word_1_288' title='bbox 1682 2929 1992 2991; x_wconf 88' lang='lat' dir='ltr'>lautumiis</span> <span class='ocrx_word' id='word_1_289' title='bbox 2020 2926 2332 3005; x_wconf 76' lang='lat' dir='ltr'>profugis·</span> 
     </span>
     <span class='ocr_line' id='line_1_34' title="bbox 256 3012 2330 3092; baseline -0.003 -17"><span class='ocrx_word' id='word_1_290' title='bbox 256 3026 354 3075; x_wconf 89' lang='lat' dir='ltr'>set</span> <span class='ocrx_word' id='word_1_291' title='bbox 365 3016 841 3092; x_wconf 83' lang='lat' dir='ltr'>Messanamque</span> <span class='ocrx_word' id='word_1_292' title='bbox 863 3016 1168 3078; x_wconf 88' lang='lat' dir='ltr'>venisset:</span> <span class='ocrx_word' id='word_1_293' title='bbox 1194 3018 1301 3091; x_wconf 90' lang='lat' dir='ltr'>qui</span> <span class='ocrx_word' id='word_1_294' title='bbox 1321 3027 1446 3079; x_wconf 88' lang='lat' dir='ltr'>tam</span> <span class='ocrx_word' id='word_1_295' title='bbox 1462 3030 1661 3091; x_wconf 87' lang='lat' dir='ltr'>prope</span> <span class='ocrx_word' id='word_1_296' title='bbox 1685 3012 1804 3074; x_wconf 88' lang='lat' dir='ltr'>iam</span> <span class='ocrx_word' id='word_1_297' title='bbox 1825 3012 2059 3075; x_wconf 87' lang='lat' dir='ltr'>Italiam</span> <span class='ocrx_word' id='word_1_298' title='bbox 2083 3020 2146 3072; x_wconf 92' lang='lat' dir='ltr'>et</span> <span class='ocrx_word' id='word_1_299' title='bbox 2165 3025 2330 3070; x_wconf 83' lang='lat' dir='ltr'>moe·</span> 
     </span>
     <span class='ocr_line' id='line_1_35' title="bbox 253 3094 2330 3175; baseline -0.003 -17"><span class='ocrx_word' id='word_1_300' title='bbox 253 3100 355 3159; x_wconf 88' lang='lat' dir='ltr'>nia</span> <span class='ocrx_word' id='word_1_301' title='bbox 430 3099 797 3175; x_wconf 84' lang='lat' dir='ltr'>Reginorum</span> <span class='ocrx_word' id='word_1_302' title='bbox 840 3101 1065 3161; x_wconf 87' lang='lat' dir='ltr'>civium</span> <span class='ocrx_word' id='word_1_303' title='bbox 1091 3101 1511 3161; x_wconf 89' lang='lat' dir='ltr'>Romanorum</span> <span class='ocrx_word' id='word_1_304' title='bbox 1540 3098 1778 3158; x_wconf 90' lang='lat' dir='ltr'>videret</span> <span class='ocrx_word' id='word_1_305' title='bbox 1817 3104 1880 3157; x_wconf 91' lang='lat' dir='ltr'>et</span> <span class='ocrx_word' id='word_1_306' title='bbox 1921 3112 2000 3155; x_wconf 86' lang='lat' dir='ltr'>ex</span> <span class='ocrx_word' id='word_1_307' title='bbox 2027 3094 2133 3155; x_wconf 89' lang='lat' dir='ltr'>illo</span> <span class='ocrx_word' id='word_1_308' title='bbox 2163 3100 2330 3153; x_wconf 90' lang='lat' dir='ltr'>metu</span> 
     </span>
     <span class='ocr_line' id='line_1_36' title="bbox 254 3180 2330 3258; baseline -0.003 -16"><span class='ocrx_word' id='word_1_309' title='bbox 254 3185 470 3243; x_wconf 87' lang='lat' dir='ltr'>mortis</span> <span class='ocrx_word' id='word_1_310' title='bbox 495 3197 571 3243; x_wconf 85' lang='lat' dir='ltr'>ae</span> <span class='ocrx_word' id='word_1_311' title='bbox 596 3184 866 3245; x_wconf 85' lang='lat' dir='ltr'>tenebris</span> <span class='ocrx_word' id='word_1_312' title='bbox 894 3183 1074 3258; x_wconf 84' lang='lat' dir='ltr'>quasi</span> <span class='ocrx_word' id='word_1_313' title='bbox 1097 3185 1235 3244; x_wconf 87' lang='lat' dir='ltr'>luce</span> <span class='ocrx_word' id='word_1_314' title='bbox 1259 3183 1554 3243; x_wconf 84' lang='lat' dir='ltr'>libertatis</span> <span class='ocrx_word' id='word_1_315' title='bbox 1582 3187 1644 3241; x_wconf 92' lang='lat' dir='ltr'>et</span> <span class='ocrx_word' id='word_1_316' title='bbox 1667 3182 1863 3241; x_wconf 87' lang='lat' dir='ltr'>odore</span> <span class='ocrx_word' id='word_1_317' title='bbox 1889 3180 2099 3252; x_wconf 88' lang='lat' dir='ltr'>aliquo</span> <span class='ocrx_word' id='word_1_318' title='bbox 2126 3180 2330 3252; x_wconf 85' lang='lat' dir='ltr'>legum</span> 
     </span>
     <span class='ocr_line' id='line_1_37' title="bbox 252 3260 2328 3341; baseline -0.003 -17"><span class='ocrx_word' id='word_1_319' title='bbox 252 3273 573 3329; x_wconf 83' lang='lat' dir='ltr'>recreatus</span> <span class='ocrx_word' id='word_1_320' title='bbox 600 3267 947 3338; x_wconf 85' lang='lat' dir='ltr'>revixisset,</span> <span class='ocrx_word' id='word_1_321' title='bbox 964 3265 1479 3341; x_wconf 87' lang='lat' dir='ltr'>loquiMessanae</span> <span class='ocrx_word' id='word_1_322' title='bbox 1507 3271 1570 3326; x_wconf 93' lang='lat' dir='ltr'>et</span> <span class='ocrx_word' id='word_1_323' title='bbox 1596 3265 1769 3339; x_wconf 89' lang='lat' dir='ltr'>queri</span> <span class='ocrx_word' id='word_1_324' title='bbox 1797 3262 2021 3337; x_wconf 88' lang='lat' dir='ltr'>coepit,</span> <span class='ocrx_word' id='word_1_325' title='bbox 2035 3276 2106 3321; x_wconf 90' lang='lat' dir='ltr'>se</span> <span class='ocrx_word' id='word_1_326' title='bbox 2133 3260 2328 3320; x_wconf 88' lang='lat' dir='ltr'>civem</span> 
     </span>
     <span class='ocr_line' id='line_1_38' title="bbox 253 3343 2330 3437; baseline -0.004 -29"><span class='ocrx_word' id='word_1_327' title='bbox 253 3348 601 3412; x_wconf 84' lang='lat' dir='ltr'>Romanum</span> <span class='ocrx_word' id='word_1_328' title='bbox 630 3349 695 3410; x_wconf 90' lang='lat' dir='ltr'>in</span> <span class='ocrx_word' id='word_1_329' title='bbox 721 3350 929 3411; x_wconf 86' lang='lat' dir='ltr'>vincla</span> <span class='ocrx_word' id='word_1_330' title='bbox 957 3365 1101 3410; x_wconf 87' lang='lat' dir='ltr'>esse</span> <span class='ocrx_word' id='word_1_331' title='bbox 1130 3349 1510 3420; x_wconf 87' lang='lat' dir='ltr'>coniectum,</span> <span class='ocrx_word' id='word_1_332' title='bbox 1541 3346 1662 3409; x_wconf 88' lang='lat' dir='ltr'>sibi</span> <span class='ocrx_word' id='word_1_333' title='bbox 1691 3356 1863 3407; x_wconf 87' lang='lat' dir='ltr'>recta</span> <span class='ocrx_word' id='word_1_334' title='bbox 1893 3345 2012 3405; x_wconf 91' lang='lat' dir='ltr'>iter</span> <span class='ocrx_word' id='word_1_335' title='bbox 2029 3359 2184 3412; x_wconf 69' lang='lat' dir='ltr'>‚esse</span> <span class='ocrx_word' id='word_1_336' title='bbox 2211 3343 2330 3437; x_wconf 66' lang='grc' dir='ltr'>βο-</span> 
     </span>
     <span class='ocr_line' id='line_1_39' title="bbox 257 3426 2345 3511; baseline -0.004 -20"><span class='ocrx_word' id='word_1_337' title='bbox 257 3445 437 3506; x_wconf 85' lang='lat' dir='ltr'>mam,</span> <span class='ocrx_word' id='word_1_338' title='bbox 450 3433 632 3493; x_wconf 88' lang='lat' dir='ltr'>Verri</span> <span class='ocrx_word' id='word_1_339' title='bbox 645 3448 717 3495; x_wconf 90' lang='lat' dir='ltr'>se</span> <span class='ocrx_word' id='word_1_340' title='bbox 728 3438 981 3511; x_wconf 87' lang='lat' dir='ltr'>praesto</span> <span class='ocrx_word' id='word_1_341' title='bbox 997 3433 1350 3495; x_wconf 85' lang='lat' dir='ltr'>advenienti</span> <span class='ocrx_word' id='word_1_342' title='bbox 1363 3435 1656 3493; x_wconf 83' lang='lat' dir='ltr'>mturum.</span> <span class='ocrx_word' id='word_1_343' title='bbox 1695 3431 1872 3491; x_wconf 83' lang='lat' dir='ltr'>Lxu.</span> <span class='ocrx_word' id='word_1_344' title='bbox 1886 3428 2023 3490; x_wconf 89' lang='lat' dir='ltr'>Non</span> <span class='ocrx_word' id='word_1_345' title='bbox 2036 3426 2266 3502; x_wconf 72' lang='lat' dir='ltr'>intellig</span> <span class='ocrx_word' id='word_1_346' title='bbox 2274 3438 2345 3483; x_wconf 79' lang='lat' dir='ltr'>e·—</span> 
     </span>
    </p>
   </div>
   <div class='ocr_carea' id='block_1_3' title="bbox 2431 77 2449 503">
    <p class='ocr_par' dir='ltr' id='par_1_4' title="bbox 2431 12 2449 503">
     <span class='ocr_line' id='line_1_40' title="bbox 2431 77 2448 383; baseline 0 -341"><span class='ocrx_word' id='word_1_347' title='bbox 2431 77 2448 383; x_wconf 36' lang='grc' dir='ltr'><strong>ἲ</strong></span> 
     </span>
     <span class='ocr_line' id='line_1_41' title="bbox 2446 415 2449 503; baseline 0 0"><span class='ocrx_word' id='word_1_348' title='bbox 2446 415 2449 503; x_wconf 68' lang='lat' dir='ltr'>l</span> 
     </span>
    </p>
   </div>
  </div>
 </body>
</html>
