2459 3817
530 199 696 259 CAP.
726 207 989 262 21—23.
1031 203 1087 267 s.
1114 207 1368 262 53—-59-
1849 194 1971 260 139

0 347 113 408 hac
142 355 307 408 tanta
336 357 409 410 et·
436 356 556 409 tam
600 349 760 424 turpi
810 348 1218 420 inconstantia
1263 349 1565 424 suspicari
1612 366 1966 426 possumus,

0 429 177 504 liceS,
210 447 391 506 quam
420 429 513 506 id,
546 433 713 507 quod
749 447 1010 494 necesse
1040 440 1153 505 est,
1186 440 1293 492 aut
1319 431 1419 493 isti
1449 449 1487 491 a
1517 431 1750 493 Netinis
1779 449 1966 508 pecu—

0 529 69 572 tm
114 529 299 590 quum
340 523 654 589 posceret,
692 531 819 575 non
848 517 1081 588 datam,
1112 515 1303 576 antid
1333 523 1736 587 esseactum,
1780 523 1847 578 ut
1877 516 1968 577 in

0 595 269 672 ligerem.
290 597 630 658 Mamertini
670 597 829 659 bene
866 615 941 660 se
968 599 1134 674 apud
1166 598 1348 660 istum
1377 605 1498 660 tam
1539 601 1724 659 multa
1779 600 1972 672 pretia

12 695 269 740 munera
294 679 665 753 collocasse,
702 697 889 770 quum
906 681 1079 796 idem
1114 681 1255 742 alii
1239 681 1388 742 turis
1417 697 1496 742 ex
1524 681 1741 742 eadem
1777 685 1968 742 causa

0 779 31 821 n
62 761 447 824 obtinerent?
1215 797 1221 804 ·

72 843 175 908 57.
206 845 320 906 Hic
349 845 495 907 mihi
528 845 707 906 etiam
741 787 989 909 audebit
1034 845 1401 909 mentionem
1433 849 1636 908 facere
1665 847 1966 908 Mam‘erti·

0 944 21 988 3
48 928 417 991 laudationis
432 975 448 1004 ‚
478 928 540 990 in
581 946 705 1005 qua
727 947 910 1006 quam
932 931 1118 991 multa
1146 929 1270 990 sint
1291 931 1545 992 vulnera
1585 929 1726 1005 quis
1745 939 1842 991 est
1860 945 1964 990 ve-

0 1027 123 1084 um,
150 1011 415 1085 iudices,
448 1011 597 1088 quin
626 1013 961 1088 intelligat?
1002 1013 1318 1086 Primum,
1350 1021 1418 1074 ut
1445 1011 1505 1072 in
1539 1011 1814 1084 iudiciiS,
1859 1011 1964 1088 qui

0 1096 119 1155 3em
148 1095 503 1156 laudatores·
524 1097 671 1156 dare
702 1113 827 1157 non
862 1104 1091 1172 potest,
1136 1093 1460 1158 honestius
1503 1105 1600 1156 est
1639 1094 1696 1156 ei
1739 1095 1965 1154 nullum

0 1193 54 1238 re
94 1176 279 1252 quam
325 1177 492 1238 istum
538 1179 715 1253 quasi
752 1177 1078 1254 legitimum
1130 1195 1445 1240 numerum
1498 1176 1965 1239 consuetudinis

0 1276 29 1318 n
58 1261 329 1334 explere.
390 1261 504 1322 Tot
532 1259 595 1320 in
623 1261 835 1321 Sicilia
858 1260 1139 1323 civitates
1169 1271 1329 1335 sunt,
1368 1261 1592 1338 quibus
1626 1271 1693 1323 tu
1724 1277 1838 1336 per
1867 1260 1965 1322 tri·

0 1341 151 1402 nium
192 1342 542 1418 praefuisti:
597 1353 857 1418 arguunt
898 1353 1206 1417 caeterae,
1263 1359 1499 1421 paucae
1537 1353 1599 1407 et
1637 1359 1866 1420 parvae
1908 1351 1970 1405 et

6 1433 67 1486 tu
94 1423 422 1499 repressae
446 1423 810 1486 silent2'una
846 1427 1067 1488 laudat.
1134 1429 1271 1489 Hoc
1302 1428 1448 1503 quid
1479 1435 1575 1490 est
1603 1427 1722 1488 nisi
1750 1425 1965 1488 intelli-

0 1524 48 1569 fe
79 1508 227 1584 quid
256 1508 478 1570 habeat
504 1508 777 1572 utilitatis
812 1525 958 1570 vera
984 1511 1286 1582 laudatio,
1321 1511 1448 1572 sed
1481 1519 1679 1573 tamen
1710 1510 1792 1572 ita
1823 1527 1966 1586 pro-

0 1591 145 1652 aciae·
174 1590 541 1667 praefuisse,
568 1601 636 1655 ut
660 1593 777 1654 hac
804 1593 1059 1654 utilitate
1092 1593 1452 1656 necessario
1484 1596 1562 1656 sit
1591 1595 1968 1654 carendum?

0 1718 3 1730 .
32 1673 285 1747 Deinde,
324 1676 493 1750 quod
522 1675 641 1736 alio
673 1677 809 1736 loco
840 1684 1020 1737 antea
1049 1675 1205 1751 dixi,
1239 1689 1398 1753 quae·
1431 1683 1528 1738 est
1567 1679 1684 1738 ista
1721 1678 1966 1737 tandem

0 1756 190 1829 datio,
223 1757 397 1817 cuius
447 1756 817 1817 laudationis
848 1757 1036 1832 iegati
1063 1766 1125 1819 et
1153 1759 1466 1835 principes
1503 1764 1566 1817 et
1595 1755 1840 1832 publice
1859 1757 1966 1818 tibi

0 1855 119 1903 rem
150 1838 533 1900 aedificatam
569 1847 630 1899 et
656 1837 936 1914 privatim
984 1856 1055 1900 se
1087 1841 1264 1914 ipsos
1299 1839 1414 1899 abs
1446 1847 1506 1898 te
1529 1841 1828 1915 spoliatos
1859 1855 1964 1900 ex-

0 1929 259 1996 uosque·
280 1937 423 1982 esse
448 1921 778 1982 dixerunt?
830 1921 1145 1982 Postremo
1196 1920 1345 1996 quid
1389 1919 1554 1981 aliud
1577 1921 1689 1984 isti
1717 1921 1968 1990 iaciunt,

0 2021 92 2066 um
122 2013 183 2065 te
216 2002 333 2064 soli
362 2019 442 2063 ex
471 2002 677 2063 Sicilia
726 2004 1005 2080 laudant,
1052 2003 1173 2064 nisi
1212 2003 1560 2065 testimonio
1601 2003 1781 2069 nobis
1823 2014 1967 2068 sunt

0 2087 111 2146 nia·
130 2093 193 2146 te
218 2085 337 2146 sibi
362 2100 509 2147 esse
537 2087 841 2162 largitum,
868 2103 1028 2162 quae
1049 2097 1113 2148 tu
1144 2091 1224 2150 de
1253 2107 1322 2150 re
1345 2087 1834 2166 publicanostra
1858 2091 1962 2150 de·

0 2169 206 2230 xeris?
260 2169 429 2244 Quae
475 2169 717 2231 colonia
762 2179 858 2233 est
899 2169 1162 2232 initalia
1204 2179 1327 2232 tam
1367 2168 1532 2232 bono
1581 2171 1742 2242 iure,
1793 2173 1962 2246 quod

0 2270 20 2312 ι
64 2251 331 2314 immune
370 2251 763 2352 municipium
809 2255 975 2331 quod
1020 2271 1136 2331 per
1170 2255 1366 2316 hosce
1402 2271 1602 2316 annos
1645 2264 1765 2316 tam
1795 2269 1960 2315 com-

0 2337 83 2398 da
122 2335 443 2398 vacatione
484 2337 752 2398 omnium
794 2351 998 2400 rerum
1040 2337 1119 2399 sit
1156 2353 1339 2399 usum
1385 2355 1566 2413 quam
1606 2337 1958 2398 Mamertino

2 2417 117 2480 itas
146 2437 265 2496 per
278 2419 645 2482 triennium?
694 2418 842 2495 Soli,
872 2437 953 2483 ex
975 2423 1227 2482 loedere
1251 2423 1420 2520 quod
1443 2422 1804 2494 debuerunt,
1830 2437 1962 2482 non

0 2502 227 2563 ierunt=
254 2502 371 2564 soii
392 2501 513 2564 isto
536 2513 819 2578 praetore
845 2504 1111 2566 omnium
1134 2517 1336 2566 rerum
1365 2505 1666 2565 immunes
1691 2503 1961 2566 luel-unta

2 2583 21 2644 i
52 2587 115 2645 in
162 2583 339 2648 istius
366 2585 624 2662 imperio
650 2603 723 2646 ea
748 2581 1111 2658 condicione
1148 2587 1464 2661 vixerunt,
1501 2596 1565 2648 ut
1587 2588 1826 2694 populo
1841 2587 1960 2649 Ro-

2 2685 83 2731 no
108 2669 256 2729 nihil
288 2671 535 2743 darent,-
564 2670 744 2731 Verri
780 2670 924 2732 nihil
958 2679 1268 2747 negarent.
1363 2689 1370 2698 ⁸
1433 2691 1440 2698 ·
1492 2687 1498 2696 ·
1765 2707 1770 2714 ·

65 2751 433 2814 xx111.·.59
490 2755 771 2826 Verum,¹
796 2761 866 2816 ut
910 2755 987 2815 ad
1033 2755 1324 2826 classem,
1373 2765 1500 2830 quo'
1541 2768 1618 2813 ex
1651 2757 1790 2814 loco
1825 2769 1960 2814 sum

0 2850 238 2909 ressuS,
266 2843 556 2911 revertar,
592 2835 886 2912 accepisti
904 2853 953 2897 -a
978 2836 1352 2899 Mamertinis
1387 2851 1606 2896 navem
1637 2847 1847 2898 contra
1876 2839 1960 2898 le·

0 2936 40 2978 ³2
71 2917 359 2980 remisisti
392 2915 605 2981 contra
636 2920 909 2981 foedera.
970 2921 1057 2981 ita
1086 2920 1146 2981 in
1177 2933 1300 2981 una
1322 2919 1586 2980 civitate
1615 2918 1959 2996 bis-impro—

0 3019 17 3062 ι
53 3001 249 3076 rui-sti,
294 3018 481 3078 quum
525 3009 587 3064 et
621 3002 911 3064 remisisti
952 3005 1119 3080 quod
1152 3011 1285 3064 ‘non
1334 3003 1655 3080 oportebat
1693 3013 1754 3065 et
1785 3019 1957 3065 acce·

0 3083 46 3146 ti.
92 3085 258 3160 quod
300 3085 420 3146 non
473 3081 709 3146 licebat.
788 3081 1051 3162 Exigere
1103 3095 1163 3148 te
1204 3086 1472 3163 oportuit
1507 3101 1757 3160 navem,
1801 3101 1959 3162 quae

0 3177 113 3230 utra
140 3169 508 3245 praedones,
538 3185 661 3232 non
694 3185 853 3245 quae
882 3187 1019 3230 cum
1042 3170 1276 3247 praeda
1298 3170 1628 3246 navigaret,
1661 3185 1823 3244 quae
1853 3169 1956 3228 de-

0 3254 173 3314 deret
202 3270 283 3314 ne
314 3253 637 3329 provincia
668 3254 1059 3330 spoliaretur,
1092 3269 1216 3314 non
1252 3270 1412 3328 quae
1439 3251 1798 3328 provinciae
1821 3271 1963 3330 spo-

0 3345 299 3413 portaret.
343 3335 686 3398 Mamertini
715 3337 823 3398 tibi
855 3341 915 3398 et
938 3338 1169 3408 urbem,
1200 3347 1329 3412 quo
1363 3338 1525 3396 furta
1557 3334 1830 3410 undique
1862 3336 1961 3398 de·

0 3429 195 3492 toros,
227 3429 289 3480 et
320 3435 576 3492 navem,
604 3418 667 3480 in
706 3436 829 3496 qua
860 3419 1729 3496 exportareS,·praebuemnt.
1809 3415 1960 3482 illud
