2459 3817
761 32 926 95 CAP.
961 36 1526 98 47—5o.s.137-
1544 39 1661 91 145.
2153 22 2237 89 39

171 186 304 246 hoc
333 182 580 259 indigne
611 185 772 256 fem,
798 183 963 257 quod
995 199 1212 242 verear
1250 198 1329 241 ne
1362 182 1507 256 quid
1551 179 1780 255 possit,
1824 196 2035 239 verum
2071 181 2238 255 quod

167 285 373 328 ausus
414 275 539 339 est,
584 265 752 341 quod
782 266 1052 341 speravit
1096 280 1241 325 sese
1276 265 1445 339 apud
1484 265 1638 325 tales
1680 262 1850 324 viros
1889 262 2121 338 aliquid
2160 264 2237 323 ad

171 348 512 427 perniciem
542 366 734 424 posse
765 348 1136 420 innocentis,
1168 347 1230 408 id
1259 347 1460 423 ipsum
1490 356 1732 423 queror.
1798 345 2001 405 XLIX.
2052 346 2237 406 Idcir-

171 450 339 494 cone
381 440 740 508 experrecta
779 431 1062 492 nobilitas
1105 431 1291 491 armis
1334 440 1519 506 atque
1561 431 1719 490 ferro
1762 445 1889 490 rem
1929 429 2238 505 publicam

171 512 566 586 reciperavit,
607 523 674 575 ut
694 514 778 593 ,ad
804 514 1114 575 libidinem
1141 530 1315 575 suam
1345 513 1541 575 liberti
1564 512 1913 587 servulique
1946 512 2237 573 nobilium

172 600 362 671 bona,
384 598 658 659 fortunas
685 608 921 658 vestras
943 606 1130 671 atque
1153 604 1395 659 nostras
1419 612 1644 658 vexare
1666 602 1964 671 possent?
1996 593 2137 657 142.
2170 594 2235 655 Si

173 682 242 740 id
272 687 470 741 actum
519 689 642 751 est,
689 683 882 741 fateor
926 697 1024 741 mc
1063 696 1309 741 errasse
1352 679 1457 755 qui
1492 679 1611 740 hoc
1656 676 2000 751 maluerim,
2042 679 2233 739 lateor

171 763 486 824 insanisse
522 762 626 839 qui
663 780 802 823 cum
842 763 962 823 illis
1003 764 1333 824 senserim=
1374 761 1615 823 tametsi
1649 761 1927 833 inermiS‚
1964 760 2233 836 iudiceS,

171 846 366 907 sensi.
432 846 540 907 Sin
575 855 775 907 autem
810 846 1060 907 victoria
1104 846 1396 907 nobilium
1440 854 1793 905 ornamento
1837 853 2023 920 atque
2068 860 2231 905 emo·

175 930 446 991 lumento
488 928 579 990 rei
629 928 909 1005 publicae
948 932 1309 1005 populoque
1341 930 1619 990 Romano
1672 928 1855 987 debet
1894 942 2066 1000 esse,
2110 936 2233 989 tum

174 1028 326 1072 vero
357 1012 583 1089 optimo
617 1021 678 1073 et
705 1012 1086 1074 nobilissimo
1117 1012 1341 1087 cuique
1370 1028 1567 1073 meam
1598 1010 1935 1071 orationem
1963 1009 2231 1085 gratissi·

63 1146 71 1151 .
169 1112 336 1155 mam
365 1112 506 1155 esse
531 1104 788 1169 oportet.
855 1094 1084 1168 Quodsi
1119 1097 1258 1172 quis
1282 1104 1376 1157 est
1406 1094 1511 1171 qui
1532 1104 1595 1155 et
1616 1110 1685 1155 se
1707 1104 1769 1153 et
1790 1109 2039 1154 causam
2074 1091 2232 1153 laedi

168 1186 384 1255 putet,
425 1194 610 1251 quum
655 1178 1095 1253 Chrysogonus
1137 1179 1539 1253 vituperetur,
1589 1178 1639 1237 is
1686 1192 1935 1237 causam
1976 1174 2231 1250 ignorat,

168 1278 246 1323 se
275 1261 484 1334 ipsum
511 1276 703 1335 prope
733 1276 856 1319 non
871 1259 1055 1320 novit.
1135 1260 1335 1320 Causa
1380 1260 1538 1319 enim
1578 1259 1959 1334 splendidior
1998 1258 2133 1331 flet,
2177 1257 2230 1318 si

169 1341 558 1417 nequissimo
583 1344 803 1416 cuique
831 1342 1178 1405 resistetur:
1207 1344 1307 1403 ille
1336 1341 1823 1417 improbissimus
1848 1339 2227 1417 Chrysogoni

169 1429 408 1497 fautor,
441 1424 547 1501 qui
577 1424 692 1484 sibi
724 1440 858 1483 cum
892 1424 995 1485 illo
1026 1425 1321 1487 rationem
1354 1424 1853 1487 communicatam
1884 1432 2073 1501 putat,
2104 1425 2223 1484 lae-

174 1509 364 1579 ditur,
399 1523 583 1581 quum
612 1508 690 1565 ab
723 1508 840 1567 hoc
869 1508 1198 1583 splendore
1228 1525 1455 1569 causae
1488 1515 1827 1583 separatur.
2150 1549 2161 1559 .

343 1588 483 1651 143.
515 1592 743 1649 Verum
777 1590 932 1650 haec
961 1592 1159 1653 omnis
1191 1592 1415 1664 oratio,
1462 1601 1530 1652 ut
1570 1592 1689 1651 iam
1722 1599 1859 1651 ante
1888 1590 2046 1662 dixi,
2092 1606 2225 1649 mea

169 1681 296 1743 est,
331 1690 453 1747 qua
480 1689 578 1732 me
607 1674 691 1732 uti
724 1689 823 1733 res
855 1674 1102 1748 publica
1129 1683 1190 1735 et
1215 1675 1394 1734 dolor
1421 1692 1595 1735 meus
1628 1682 1687 1733 et
1726 1673 1975 1733 istorum
2010 1670 2224 1731 iniuria

170 1754 400 1830 coegitz
439 1755 584 1823 Sex,
609 1755 874 1816 Roscius
902 1756 1117 1817 horum
1161 1756 1307 1816 nihil
1336 1756 1647 1830 indignum
1684 1763 1883 1829 putat,
1928 1754 2221 1813 neminem

172 1846 452 1911 accusat,
493 1836 637 1897 nihil
679 1838 758 1898 de
801 1854 916 1898 suo
963 1838 1325 1913 patrimonIO
1378 1838 1677 1911 queritur:
1710 1842 1878 1912 putat
1910 1833 2217 1896 homo'im-

172 1920 402 1996 peritus
431 1936 696 1992 morum,
738 1920 1009 1995 agricola
1052 1930 1114 1981 et
1151 1920 1447 1991 rusticus,
1496 1920 1614 1980 ista
1644 1918 1873 1991 omnia,
1924 1934 2081 1994 quae
2110 1935 2223 1979 vos

170 2018 282 2077 per
309 2002 538 2064 Sullam
561 2011 734 2077 gesta
763 2018 908 2063 esse
935 2002 1154 2077 dicitis,
1182 2019 1371 2074 more,
1403 2004 1558 2079 lege,
1588 2001 1718 2063 iure
1746 2002 2011 2077 gentium
2036 2002 2221 2062 factae

171 2086 354 2159 culpa
381 2085 670 2147 liberatus
701 2095 761 2147 et
787 2084 1036 2146 crimine
1071 2084 1569 2152 nelarioxsolutus
1610 2085 1779 2161 cupit
1818 2103 1856 2145 a
1891 2086 2069 2147 vobis
2099 2085 2217 2145 dis-

171 2168 419 2228 cedere:
487 2166 624 2230 144.
687 2167 741 2229 si
773 2170 887 2229 hac
927 2168 1177 2245 indigna
1213 2169 1571 2245 suspicione
1614 2177 1846 2241 careat,
1890 2169 2089 2229 animo
2120 2184 2219 2227 ae-

175 2267 296 2324 quo
328 2267 398 2311 se
427 2266 636 2311 carere
667 2249 796 2311 suis
831 2252 1112 2312 omnibus
1153 2252 1491 2314 commodis
1530 2252 1706 2313 dicit:
1750 2260 1924 2326 rogat
1966 2260 2221 2325 oratque

173 2340 260 2404 te,
317 2332 743 2408 Chrysogone,
785 2332 840 2394 si
882 2334 1026 2394 nihil
1072 2335 1150 2395 de
1189 2336 1380 2411 patris
1422 2335 1679 2396 fortunis
1724 2331 2115 2408 amplissimis
2155 2332 2217 2391 in

175 2432 346 2475 suam
377 2432 505 2476 rem
533 2415 846 2487 convertit,
881 2418 932 2475 si
961 2419 1125 2478 nulla
1151 2418 1215 2478 in
1244 2436 1311 2479 re
1342 2428 1399 2478 te
1428 2418 1745 2488 fraudavit,
1774 2416 1828 2476 si
1858 2414 1963 2476 tibi
1993 2416 2219 2490 optima

171 2498 290 2557 fide
333 2516 446 2559 sua
475 2500 678 2558 omnia
706 2500 1043 2573 concessit,
1091 2500 1538 2574 adnumeravit,
1588 2498 1907 2575 appendit,
1950 2497 2005 2559 si
2034 2498 2219 2559 vesti-

170 2587 318 2651 tum,
375 2598 498 2655 quo
545 2580 683 2655 ipse
726 2590 920 2643 tectus
963 2591 1120 2656 erat,
1173 2587 1545 2657 anulumque
1578 2583 1657 2643 de
1687 2581 1873 2657 digito
1904 2599 2083 2643 suum
2112 2581 2215 2641 tibi

170 2662 437 2735 tradidit,
471 2663 525 2723 si
553 2680 632 2723 ex
663 2663 942 2724 omnibus
973 2666 1156 2727 rebus
1189 2684 1259 2727 se
1290 2665 1490 2743 ipsum
1524 2666 1751 2725 nudum
1798 2680 1999 2739 neque
2043 2682 2213 2740 prac-

171 2755 325 2805 terea
361 2746 693 2821 quidquam
727 2746 1002 2822 excepit,
1047 2757 1116 2809 ut
1143 2750 1259 2810 sibi
1292 2766 1400 2825 per
1430 2758 1488 2809 te
1514 2748 1695 2809 liceat
1732 2746 2041 2808 innocenti
2068 2748 2213 2808 ami·

172 2844 376 2888 corum
417 2830 636 2903 opibus
677 2829 861 2889 vitam
907 2829 966 2889 in
1001 2840 1274 2905 egestate
1316 2833 1559 2907 degere.
1631 2830 1699 2889 L.
1762 2826 1901 2889 145.
1960 2831 2215 2892 Praedia

172 2928 300 2971 mea
329 2920 401 2973 ιιι·
415 2912 734 2985 possides,
767 2928 882 2988 ego
915 2912 1114 2973 aliena
1155 2914 1571 2975 misericordia
1600 2914 1773 2974 viv0=
1816 2916 2123 2989 concedo,
2154 2924 2237 2976 et·

173 2994 333 3069 quod
363 2993 602 3055 animus
641 3010 878 3070 aequus
918 3005 1013 3056 est
1053 3005 1114 3057 et
1157 2996 1299 3065 quia
1328 3012 1587 3057 necesse
1625 3004 1736 3058 est.
1814 2996 1955 3057 Mea
1994 2998 2211 3058 domus

167 3078 263 3137 tibi
285 3088 471 3155 patet,
499 3078 644 3137 mihi
670 3082 884 3140 clausa
908 3085 1030 3139 est=
1067 3080 1221 3137 fero.
1276 3078 1524 3138 Familia
1548 3095 1684 3138 mea
1707 3080 1972 3139 maxima
1994 3090 2059 3139 tu
2082 3088 2208 3139 ute·

167 3161 258 3230 ris,
282 3178 399 3237 ego
425 3178 675 3221 servum
691 3161 890 3222 habeo
916 3163 1178 3221 nullum:
1204 3160 1409 3234 patior
1430 3168 1493 3220 et
1514 3162 1834 3221 ferendum
1857 3168 2028 3237 puto.
2054 3160 2211 3234 Quid

169 3243 252 3303 vis
279 3244 584 3321 amplius?
645 3243 792 3318 quid
833 3239 1219 3318 insequeris?
1270 3242 1417 3316 quid
1462 3246 1834 3318 oppugnas?
1879 3258 2000 3314 qua
2042 3240 2101 3301 in
2142 3258 2211 3301 rc
