2459 3817
745 143 909 203 CAP.
939 152 1206 207 24—27.
1248 148 1300 210 S.
1330 152 1595 207 65--72.
2084 141 2206 205 163

141 293 428 369 dignitate
451 292 705 367 fugisse,
735 309 872 353 cum
895 293 1036 369 ipsa
1063 292 1166 355 illa
1187 290 1529 355 taeterrima
1550 299 1727 366 peste
1750 307 1819 350 se
1841 291 2205 367 saepissime

143 392 274 453 pro.
307 384 408 436 tua
461 374 656 451 gloria
713 374 1142 436 contendisse:
1198 373 1563 437 tribunatum
1610 390 1787 435 suum
1829 374 1909 432 ad
1948 375 2204 436 salutem

139 474 354 531 meam,
382 474 545 533 quae
575 456 681 517 tibi
713 456 1028 518 carissima
1057 456 1293 530 fuisset,
1324 455 1599 519 consiliis
1620 454 1739 517 tuis
1770 456 2202 529 gubernatum

139 558 210 603 se
239 558 278 601 a
303 549 363 601 te
399 548 617 615 postea
647 540 968 601 defensum
998 539 1060 599 in
1095 539 1368 614 periculo
1412 538 1659 614 capitis,
1700 537 1971 601 adiutum
2001 538 2061 598 in
2095 554 2200 613 pe-

139 622 349 687 titione
378 630 733 697 praeturae=
773 622 932 683 duos
973 638 1044 682 se
1087 622 1314 683 habere
1352 638 1599 695 semper
1631 619 2036 681 amicissimos
2060 636 2202 695 spe-

138 722 344 777 rasse,
385 714 446 765 te
491 713 594 765 tuo
633 704 967 778 beneficio,
1007 720 1104 765 me
1141 720 1276 765 suo.
1366 705 1535 777 Quae
1564 702 1616 763 si
1646 718 1767 762 non
1798 704 2114 778 probaret,
2146 704 2201 765 si

138 788 244 849 tibi
273 786 356 847 ita
385 785 626 861 penitus
655 786 1024 849 inhaesisset
1045 786 1163 849 ista
1187 786 1446 861 suspitio
1465 831 1482 858 ,
1525 786 1690 845 nullo
1720 794 1788 847 ut
1815 786 1990 863 evelli
2014 786 2199 846 modo

137 878 372 946 posset,
411 868 465 928 si
493 869 763 946 denique
788 869 958 930 Italia
989 886 1026 929 a
1048 872 1291 942 dilectu,
1320 869 1467 929 urbs
1491 868 1567 927 ab
1596 866 1779 927 armis
1804 866 1937 928 sine
1953 867 2199 928 Milonis

139 952 312 1013 clade
341 968 667 1025 numquam
688 959 857 1012 esset
883 952 1301 1027 conquietura,
1333 968 1409 1011 ne
1436 951 1537 1011 ille
1558 950 1721 1011 haud
1750 950 2033 1011 dubitans
2066 964 2197 1009 ces·

140 1035 326 1095 sisset
351 1034 576 1107 patria,
618 1034 672 1094 is
697 1032 802 1109 qui
833 1032 918 1093 ita
946 1042 1123 1095 natus
1157 1042 1341 1095 estet
1374 1033 1457 1095 ita
1485 1032 1821 1104 consuevit,
1853 1040 1933 1106 te,
1958 1030 2197 1107 Magne,

139 1128 340 1177 tamen
357 1122 800 1188 antestaretur,
827 1117 995 1189 quod
1023 1132 1184 1176 nunc
1213 1116 1393 1181 etiam
1424 1116 1583 1175 facit.
1666 1116 1877 1177 XXVI.
1904 1114 2005 1176 69.
2039 1114 2199 1175 Vide

142 1214 322 1275 quam
351 1196 431 1258 sit
460 1196 628 1257 varia
663 1196 828 1258 vitae
857 1198 1424 1274 commutabilisque
1457 1197 1642 1271 ratio,
1686 1214 1867 1273 quam
1903 1213 2060 1273 vaga
2090 1213 2197 1257 vo-

138 1280 462 1355 lubilisque
492 1281 748 1353 fortuna,
778 1288 1040 1355 quantae
1069 1280 1455 1341 infidelitates
1495 1280 1557 1340 in
1601 1280 1811 1341 amicis
1824 1322 1855 1359 ‚-
1904 1296 2085 1356 quam
2117 1280 2195 1341 ed

140 1372 376 1439 tempus
405 1370 586 1438 aptae
621 1361 1036 1425 simulationes
1055 1409 1071 1437 ‚
1113 1371 1375 1439 quantae
1420 1362 1481 1423 in
1522 1361 1808 1437 periculis
1847 1364 2028 1437 fuga-e
2058 1378 2193 1437 pro·

136 1445 455 1518 ximorum,
489 1453 749 1519 quantae
772 1444 1138 1511 timiditates,
1225 1443 1383 1520 Erit,
1425 1445 1537 1508 erit
1562 1444 1706 1505 illud
1738 1447 2017 1520 profecto
2046 1452 2188 1507 tem-

141 1546 254 1603 pus
280 1536 345 1589 et
373 1526 690 1589 illucescet
715 1528 1044 1603 aliquando
1083 1527 1186 1589 ille
1208 1528 1360 1601 die8‚
1397 1545 1581 1603 quum
1612 1536 1678 1589 tu
1710 1528 2095 1602 salutaribuS,
2123 1536 2189 1590 ut

143 1627 340 1686 spero,
371 1611 557 1671 rebus
589 1610 726 1684 tuis,
756 1612 868 1671 sed
899 1612 1160 1673 fortasse
1183 1617 1350 1672 motu
1377 1611 1583 1685 aliquo
1606 1610 2013 1672 communium
2041 1618 2195 1670 tem-

138 1708 381 1771 porum,
423 1692 527 1765 qui
573 1710 755 1768 quam
795 1693 1010 1755 crebro
1058 1692 1298 1754 accidat
1324 1694 1555 1767 experti
1584 1692 1745 1753 scire
1769 1694 2097 1763 debemus,
2130 1702 2191 1753 et

139 1773 488 1840 amicissimi
520 1774 1006 1835 benevolentiam
1033 1784 1094 1835 et
1105 1774 1451 1849 gravissimi
1471 1772 1731 1834 hominis
1742 1774 1926 1833 fldem
1940 1776 2191 1835 etunius

134 1863 280 1935 post
309 1855 587 1916 homines
615 1863 794 1916 natos
826 1855 1142 1917 fortissimi
1170 1856 1285 1915 viri
1310 1855 1777 1930 magnitudinem
1818 1854 2001 1915 animi
2030 1855 2189 1917 desi·

139 1942 338 2001 dercS.
401 1936 505 2002 70.
538 1938 910 2014 Quamquam
942 1938 1080 2014 quis
1107 1938 1224 1998 hoc
1256 1940 1479 2012 credat,
1511 1938 1613 1999 Cn.
1639 1937 2011 2013 Pompeium,
2043 1938 2189 1999 iuris

136 2020 392 2098 publici,
438 2021 627 2082 moris
657 2020 984 2094 maiorum,
1015 2019 1104 2081 rei
1133 2021 1399 2094 denique
1426 2020 1706 2095 publicae
1737 2020 2188 2095 peritissimum,

139 2120 324 2180 quum
355 2113 602 2165 senatus
627 2105 684 2165 ei
724 2104 1118 2177 commiserit,
1155 2112 1220 2163 ut
1262 2104 1498 2165 videret
1529 2120 1605 2161 ns
1638 2119 1774 2171 omn
1802 2120 1915 2163 nus
1942 2117 2190 2162 1³11ch

138 2202 487 2248 nmmum-1
520 2202 810 2247 cunnum
847 2203 968 2263 quo
1010 2203 1132 2248 uno
1163 2186 1466 2247 versiculo
1514 2184 1662 2248 satis
1693 2184 1905 2247 armati
1948 2201 2191 2261 semper

139 2270 422 2331 consules
447 2271 685 2331 fuerunt
707 2268 884 2329 etiam
907 2269 1087 2329 nullis
1110 2268 1294 2330 armis
1319 2268 1506 2329 datis=
1536 2270 1697 2329 hunc
1715 2268 2001 2339 exercitu,
2027 2268 2188 2327 hunc

137 2352 360 2413 dilectu
388 2354 560 2426 dato,
604 2351 885 2413 iudicium
918 2358 1411 2426 exspectaturum
1440 2350 1631 2413 fuisse
1661 2350 1721 2410 in
1756 2351 1887 2411 eius
1918 2350 2189 2419 consiliis

135 2434 548 2506 vindicandi-s,
595 2434 700 2510 qui
727 2435 788 2494 vi
817 2433 1041 2494 iudicia
1067 2434 1205 2509 ipsa
1226 2436 1513 2495 tolleret?
1550 2432 1708 2495 Satis
1738 2433 2066 2494 iudicatum
2095 2441 2189 2493 est

133 2535 170 2579 a
196 2515 518 2591 Pompeio,
561 2516 742 2590 satIS,
783 2518 937 2577 falso
967 2519 1083 2577 ista
1112 2516 1373 2577 conferri
1399 2516 1460 2576 in
1489 2516 1807 2590 Milonem,
1848 2515 1951 2590 qui
1991 2518 2187 2589 legem

135 2600 265 2663 tulit
295 2618 443 2675 qua,
475 2608 541 2661 ut
574 2616 689 2674 ego
725 2599 950 2672 senti0,
982 2598 1267 2660 Milonem
1309 2600 1545 2659 absolvi
1585 2616 1623 2659 a
1659 2599 1831 2660 vobis
1862 2605 2187 2673 oporteret,

135 2692 196 2745 ut
225 2699 436 2744 omnes
461 2684 840 2755 confitentur,
871 2682 1096 2743 liceret.
1187 2679 1286 2743 71.
1319 2682 1493 2755 Quod
1521 2698 1667 2742 vero
1702 2679 1762 2741 in
1801 2680 1902 2741 illo
1932 2683 2070 2741 loco
2102 2687 2187 2739 at·

135 2782 254 2841 que
284 2764 401 2825 illis
431 2765 810 2840 publicorum
839 2763 1281 2839 praesidiorum
1328 2763 1525 2838 copiis
1558 2762 1959 2823 circumfusus
1992 2762 2183 2833 sedet,

134 2847 283 2909 satis
325 2848 594 2909 declarat
635 2864 705 2907 se
752 2863 874 2907 non
914 2854 1202 2907 terrorem
1246 2844 1467 2905 inferre
1514 2844 1689 2906 vobis
1728 2876 1814 2889 --
1849 2844 2002 2921 quid
2029 2844 2187 2904 enim

134 2933 334 2993 minus
363 2928 466 2992 illo
493 2930 738 3005 dignum
771 2945 950 3004 quam
981 2944 1221 3003 cogere,
1254 2936 1320 2989 ut
1350 2944 1461 2989 vos
1498 2944 1635 2987 eum
1658 2926 2094 3001 condemnetis,
2124 2926 2185 2985 in

138 3031 318 3091 quem
341 3012 604 3073 animum
624 3012 949 3071 advertere
962 3011 1097 3086 ipse
1113 3018 1174 3071 et
1191 3027 1361 3071 more
1376 3010 1667 3072 maiorum
1684 3019 1747 3072 et
1760 3026 1877 3074 suo
1892 3010 2024 3070 iure
2042 3025 2175 3085 pos-

135 3104 270 3159 set?
293 3129 408 3169 -—-,
437 3096 550 3157 sed
589 3090 896 3169 praesidio
921 3106 1092 3161 esse,
1128 3097 1194 3149 ut
1232 3088 1575 3165 intelligatis
1606 3099 1813 3153 eontra
1842 3092 2183 3153 hesternam

135 3180 296 3242 illam
327 3178 672 3240 contionem
700 3175 881 3237 licere
910 3171 1088 3233 vobis
1121 3172 1288 3247 quod
1320 3172 1591 3234 sentiatis
1620 3172 1809 3235 libere
1836 3176 2125 3235 iudicare.

238 3262 480 3323 XXVII.
511 3257 611 3323 72.
643 3260 770 3319 Nec
800 3274 946 3318 vero
977 3272 1092 3328 me,
1123 3254 1377 3331 iudices,
1410 3255 1763 3319 Clodianum
1798 3256 2023 3317 crimen
2059 3272 2183 3316 mo-

140 3358 254 3418 vet,
289 3351 540 3406 nectam
563 3360 696 3403 sum
722 3343 970 3402 demens
995 3348 1238 3414 tamque
1262 3339 1443 3399 vestri
1471 3356 1693 3402 sensus
1730 3339 1977 3414 ignarus
2002 3348 2174 3415 atqu<

1587 3428 1705 3495 11*
