2459 3817
522 165 687 225 CAP.
732 173 962 228 9—11.
1010 169 1059 230 5.
1098 171 1366 226 23—28.
1853 159 1977 227 129

0 333 134 376 num
167 317 547 392 praeclarum
582 315 701 377 hoc
744 314 861 376 sibi
904 313 1240 375 remedium
1284 322 1698 388 compararat:
1763 314 1970 376 urbem

0 415 253 460 racusas
287 400 584 473 elegerat,
618 398 793 459 cuius
824 397 923 460 hie
956 398 1109 458 situs
1138 406 1326 472 atque
1363 395 1522 457 haec
1569 404 1785 460 natura
1825 415 1971 463 esse

0 481 24 542 i
52 481 331 558 caelique
356 481 613 554 dicitur,
644 490 709 542 ut
742 482 945 542 nullus
974 496 1264 556 umquam
1285 478 1428 540 dies
1475 487 1596 540 tam
1635 496 1856 556 magna
1899 497 1970 542 ae

1 565 247 626 bulenta
284 571 645 640 tempestate
685 564 866 627 fuerit
921 562 1064 639 quin
1097 563 1304 638 aliquo
1347 571 1622 637 tempore
1667 563 1804 624 eius
1850 563 1969 626 diei

1 665 97 708 em
124 648 405 708 homines
430 647 710 708 viderint.
769 647 887 708 Hic
921 645 1003 708 ita
1035 645 1282 706 vivebat
1307 646 1424 706 iste
1465 647 1666 709 bonus
1709 645 1969 722 impera-

24 731 295 791 hibernis
327 731 659 802 mensibuS,
693 739 760 792 ut
784 745 923 790 eum
956 746 1077 790 nen
1107 729 1295 790 facile
1311 744 1435 788 non
1461 730 1652 790 modo
1683 738 1855 791 extra
1884 739 1968 790 te·

0 831 81 888 m,
112 817 225 875 sed
251 831 327 874 ne
355 821 527 875 extra
560 815 777 876 lectum
810 813 1057 889 quidem
1086 813 1416 886 quisquam
1444 812 1706 872 videreta
1739 813 1820 876 ita
1849 809 1970 874 diei

0 898 167 958 avitas
204 896 538 970 conviviiS,
569 895 769 959 noctis
801 896 1119 972 longitudo
1150 895 1381 970 stupris
1421 902 1486 954 et
1531 893 1778 970 flagitiis
1823 912 1967 956 con-

0 981 225 1042 abatur.
284 978 385 1042 27.
450 979 645 1054 Quum
696 989 899 1040 autem
949 995 1059 1039 ver
1106 995 1250 1040 esse
1285 984 1603 1052 coeperat,
1649 977 1824 1040 cuius
1860 977 1969 1038 ini-

0 1081 45 1124 n
73 1064 191 1124 iste
223 1079 345 1123 non
374 1079 411 1122 a
438 1062 711 1124 Favonio
742 1077 947 1138 neque
978 1063 1054 1122 ab
1079 1063 1290 1137 aliquo
1320 1069 1486 1121 astro
1518 1059 1796 1135 notabat,
1838 1061 1971 1135 sed,

0 1163 91 1206 um
130 1160 338 1204 rosam
379 1145 645 1216 viderat,
674 1153 801 1206 tum
861 1144 1134 1219 incipere
1170 1161 1280 1207 ver
1315 1144 1748 1216 arbitrabatur,
1787 1144 1971 1205 dabat

3 1226 199 1288 labori
229 1234 413 1302 atque
441 1225 789 1288 itineribusz
832 1225 893 1286 in
930 1227 1151 1302 quibus
1184 1243 1260 1286 eo
1289 1243 1490 1302 usque
1523 1241 1595 1286 se
1637 1227 1971 1302 praebebat

0 1309 231 1370 ientem
272 1319 457 1386 atque
496 1309 850 1386 impigrum,
890 1317 957 1370 ut
988 1325 1125 1370 eum
1154 1325 1334 1375 nemo
1377 1325 1662 1385 umquam
1704 1308 1765 1369 in
1805 1327 1968 1385 equo

0 1393 217 1454 lentem
250 1392 487 1454 viderit.

64 1477 163 1536 XI.
232 1477 411 1549 Nam,
445 1483 512 1538 ut
541 1493 675 1538 mos
708 1475 820 1537 fuit
850 1475 1177 1554 Bithyniae
1212 1475 1497 1552 regibuS,
1543 1476 1758 1538 lectica
1799 1485 1966 1540 octo·

0 1577 95 1622 aro
122 1560 455 1634 ferebatur,
487 1560 548 1620 in
584 1578 708 1634 qua
736 1559 1021 1636 pulvinus
1064 1569 1195 1620 erat
1230 1559 1583 1635 perlucidus
1611 1557 1968 1634 Melitensis,

0 1660 42 1704 a
91 1645 319 1704 fartus:
375 1643 510 1718 ipse
540 1653 741 1705 autem
786 1659 1075 1704 coronam
1105 1642 1371 1704 habebat
1407 1659 1590 1703 uuam
1635 1643 1697 1702 in
1749 1641 1967 1716 capite,

0 1739 147 1787 eram
180 1727 241 1787 in
273 1728 462 1799 collo,
507 1726 949 1801 reticulumque
982 1728 1061 1786 ad
1098 1741 1280 1787 nares
1322 1725 1440 1786 sibi
1468 1725 1836 1785 admovebat
1880 1733 1964 1786 te-

3 1809 194 1871 ssimo
226 1809 373 1890 lino,
399 1809 645 1872 minutis
680 1809 966 1884 maculiS,
1000 1813 1245 1884 plenum
1276 1823 1474 1868 rosae.
1541 1807 1643 1866 Sic
1686 1807 1966 1868 confecto

6 1908 141 1966 ere,
200 1910 386 1967 quum
437 1895 515 1953 ad
547 1893 797 1968 aliquod
832 1892 1126 1968 oppidum
1162 1899 1445 1962 venerat,
1496 1889 1711 1951 eadem
1753 1888 1967 1951 lectica

0 1993 99 2051 1ue
144 1973 206 2036 in
247 1975 594 2037 cubiculum
644 1977 1049 2037 deferebatur.
1119 1977 1209 2037 Eo
1265 1973 1592 2036 veniebant
1623 1971 1964 2035 Siculorum

0 2059 317 2133 gistratuS,
365 2059 689 2120 veniebant
724 2059 963 2134 equites
994 2058 1281 2130 Romani,
1309 2059 1392 2119 'id
1437 2058 1603 2132 quod
1641 2073 1720 2116 ex
1763 2057 1964 2120 multis

0 2139 107 2202 atis
136 2139 427 2204 audistis=
478 2141 933 2204 controversiae
970 2151 1215 2204 secreto
1258 2141 1719 2215 deferebantur,
1761 2142 1962 2215 paullo

0 2234 40 2286 ;t
74 2227 272 2300 palam
306 2225 551 2286 decreta
584 2227 1029 2286 auferebantur.
1101 2225 1369 2298 Deinde,
1407 2223 1509 2284 ubi
1539 2223 1876 2300 paullisper
1902 2223 1963 2284 in

0 2301 170 2368 ·iculo
200 2315 423 2382 pretio,
456 2323 581 2366 non
610 2307 923 2382 aequitate
950 2307 1083 2367 iura
1114 2306 1551 2382 descripserat,
1580 2307 1811 2366 Veneri
1841 2306 1959 2366 iam

0 2389 205 2450 Libero
246 2389 551 2466 reliquum
596 2396 843 2465 tempus
886 2389 1097 2451 deberi
1148 2389 1581 2450 arbitrabatur.
1671 2388 1774 2449 28.
1827 2389 1959 2463 Quo

0 2490 28 2533 o
62 2489 186 2532 non
216 2473 360 2532 mihi
382 2473 928 2548 praetermittenda
959 2472 1202 2532 videtur
1227 2473 1535 2549 praeclari
1569 2472 1961 2549 impera-toris

0 2556 137 2632 egia
176 2573 251 2618 ac
292 2557 619 2633 singularis
654 2558 984 2634 diligentia.
1046 2559 1196 2620 Nam
1239 2559 1458 2620 scitote
1491 2559 1787 2636 oppidum
1818 2575 1962 2620 esse

0 2639 193 2700 Sicilia
216 2642 444 2702 nullum
480 2659 558 2702 ex
591 2641 665 2702 iis
697 2642 974 2716 oppidis,
1019 2641 1081 2703 in
1126 2642 1348 2718 quibus
1395 2641 1736 2703 consistere
1783 2659 1963 2718 prae-

0 2741 55 2784 es
88 2733 149 2785 et
180 2734 545 2786 conventum
574 2741 756 2799 agere
787 2727 1053 2800 soleant,
1086 2743 1209 2802 quo
1240 2725 1302 2787 in
1333 2724 1564 2801 oppido
1594 2741 1716 2786 non
1747 2724 1848 2788 isti
1879 2743 1958 2788 ex

0 2825 97 2881 [ua
130 2805 353 2868 familia
388 2826 511 2870 non
548 2807 798 2884 ignobili
823 2810 1060 2870 delecta
1086 2812 1165 2870 ad
1195 2806 1506 2869 libidinem
1530 2807 1746 2870 mulier
1771 2821 1958 2872 esset.

0 2907 103 2965 lue
130 2907 255 2952 non
286 2893 488 2952 nullae
517 2909 599 2952 ex
628 2907 701 2952 eo
728 2909 980 2954 numero
1024 2893 1085 2952 in
1128 2891 1474 2953 convivium
1515 2890 1960 2956 adhibebantur

0 2989 122 3032 am=
155 2973 209 3034 si
247 2991 405 3048 quae
431 2975 731 3037 castiores
762 2983 963 3048 erant,
994 2977 1075 3036 ad
1103 2983 1346 3051 tempus
1375 2973 1728 3050 veniebant,
1761 2979 1957 3038 lucem

0 3065 385 3132 [ventumque
427 3057 713 3120 vitabant.
783 3059 969 3120 Erant
1007 3067 1209 3120 autem
1251 3059 1535 3120 convivia
1564 3075 1686 3120 non
1726 3058 1830 3120 illo
1879 3061 1956 3119 si-

0 3138 76 3200 lio
108 3148 455 3214 praetorum
498 3139 1001 3218 populiRomani
1047 3151 1235 3218 atque
1281 3141 1713 3220 imperatorum
1757 3157 1958 3215 neque

0 3222 255 3298 pudore,
291 3223 397 3299 qui
430 3223 491 3284 in
523 3226 977 3300 magistratuum
1008 3225 1308 3287 conviviis
1337 3225 1569 3288 versari
1600 3225 1814 3295 soleat,
1845 3227 1958 3285 sed

0 3325 26 3366 n
56 3305 320 3368 maximo
352 3309 617 3369 clamore
662 3317 845 3383 atque
887 3307 1198 3371 convicio=
1241 3327 1360 3370 non
1403 3323 1733 3383 numquam
1779 3307 1964 3368 etiam

18 3393 98 3450 ad
132 3408 392 3464 pugnam
424 3398 609 3465 atque
654 3391 730 3451 ad
765 3407 981 3452 manus
1011 3393 1364 3453 vocabatur.
1422 3394 1547 3524 Is9te
1587 3389 1747 3450 enim
1783 3406 1959 3466 prac-

4 3489 289 3534 remu.
345 3476 390 3532 1.
