2459 3817
787 115 951 174 CAP.
985 121 1248 177 22—-24-
1289 121 1341 182 S.
1376 123 1643 180 58-——65.
2134 113 2248 178 161

181 265 341 328 lonis
383 279 630 340 semper
669 281 708 324 a
737 273 956 326 sena-tu
989 263 1249 340 probata
1280 274 1395 327 est.
1480 265 1790 326 videbant
1816 265 1979 328 enim
2008 267 2253 343 sapien-

179 347 402 410 tissimi
427 347 705 409 homines
741 346 882 410 facti
909 347 1237 422 rationem,
1278 349 1687 424 praesentiam
1712 348 1915 424 animi,
1943 349 2255 426 defensio-

181 429 284 491 nis
329 429 747 492 constantiam.
833 433 932 491 An
973 447 1122 491 vero
1149 429 1317 492 obliti
1350 430 1533 506 estis,
1574 430 1839 506 iudices,
1876 432 2109 496 receuti
2145 433 2253 496 illo

179 512 386 574 nuntio
452 511 624 574 neeis
662 513 994 574 Clodianae
1033 529 1158 574 non
1190 515 1375 576 modo
1416 513 1799 576 inimicorum
1833 514 2081 578 Milonis
2122 532 2249 580 ser·

179 611 396 656 mones
425 604 485 657 et
513 595 867 670 opiniones,
912 597 1027 657 sed
1067 613 1204 658 non
1233 598 1533 658 nullorum
1576 597 1755 660 etiam
1798 597 2255 674 imperitorum?

179 678 492 752 riez-abant
511 693 650 739 eum
680 681 934 741 Romam
974 695 1120 743 esse
1157 679 1514 742 rediturum.
1600 679 1703 742 63.
1728 681 1879 742 Sive
1910 681 2071 744 enim
2102 683 2249 746 illud

180 759 384 822 animo
426 761 580 822 irato
621 777 695 823 ac
728 763 958 838 percito
989 763 1267 835 fecisset,
1305 771 1376 822 ut
1412 762 1707 823 incensus
1748 763 1893 824 odio
1922 765 2247 829 trucidaret

178 843 506 918 inimicum,
537 845 980 908 arbitrabantur
1008 863 1149 906 eum
1187 845 1335 906 tanti
1349 853 1618 906 mortem
1646 845 1709 904 P.
1742 845 1939 906 clodii
1976 853 2247 922 putasse,

179 937 245 989 ut
275 943 482 1003 aequo
515 927 716 988 animo
750 930 947 1006 patria
975 936 1239 1000 careret,
1288 943 1513 1002 quum
1532 925 1833 1001 sanguine
1872 926 2102 989 inimici
2140 945 2249 992 ex-

179 1011 415 1085 plesset
444 1009 651 1070 odiu-m
681 1027 888 1070 suum·
922 1012 1055 1071 sive
1081 1011 1265 1071 etiam
1294 1007 1455 1071 illius
1483 1017 1679 1070 morte
1706 1007 1960 1084 patriam
1988 1011 2249 1072 liberare

177 1090 496 1164 voluisset,
528 1107 651 1152 non
682 1093 1088 1153 dubitaturum
1115 1094 1333 1153 fortem
1365 1091 1561 1155 virum
1593 1091 1758 1168 quin,
1788 1109 1975 1168 quum
2004 1109 2121 1155 suo
2143 1109 2249 1169 pe·

181 1173 379 1234 riculo
405 1179 664 1234 salutem
700 1175 936 1252 populo
958 1175 1238 1233 Romano
1264 1173 1585 1244 attulisset,
1620 1174 1869 1234 cederet
1890 1189 2092 1250 aequo
2114 1175 2237 1237 ani·

184 1271 286 1316 mo
313 1255 571 1331 legibus,
595 1272 808 1317 secum
833 1258 1106 1316 auferret
1125 1257 1381 1332 gloriam
1406 1255 1857 1332 sempiternam,
1880 1256 2063 1318 vobis
2086 1257 2238 1320 haec

179 1337 434 1398 fruenda
460 1335 860 1412 relinqueret,
907 1353 1068 1412 quae
1085 1336 1232 1414 ipsc
1262 1344 1591 1398 servasset.
1673 1334 1846 1400 Multi
1875 1337 2059 1400 etiam
2088 1337 2244 1400 Cati-

177 1418 358 1480 linam
401 1426 584 1494 atque
629 1417 732 1480 illa
778 1427 1058 1496 portenta
1081 1420 1520 1496 loquebanturz
1558 1419 1887 1495 Erumpet,
1922 1420 2247 1497 occupabit

175 1501 439 1578 aliquem
474 1504 704 1577 locum,
735 1504 957 1564 bellum
990 1501 1219 1578 patriae
1249 1501 1448 1567 faciet.
1536 1501 1801 1564 Miseros
1830 1503 2131 1566 interdum
2163 1503 2245 1564 ei-

174 1601 288 1646 ves
335 1583 561 1660 optime
605 1586 686 1646 de
723 1603 792 1648 re
825 1586 1072 1662 publica
1111 1587 1391 1658 meritos,
1430 1584 1493 1644 in
1536 1583 1760 1658 quibus
1804 1585 2088 1648 homines⁴
2118 1603 2237 1648 non

182 1667 362 1728 modo
399 1681 501 1726 res
542 1668 1064 1742 praeclarissimas
1106 1668 1579 1738 obliviscuntur,
1616 1667 1730 1729 sed
1771 1667 1951 1728 etiam
1978 1668 2245 1730 nefarias

179 1747 596 1822 suspicantur!
654 1747 755 1810 64.
802 1751 963 1824 Ergo
1015 1749 1120 1810 illa
1161 1750 1317 1810 salsa
1366 1750 1609 1808 ruerunt
1625 1792 1641 1820 ,
1688 1765 1845 1824 quae
1886 1758 2051 1810 certe
2098 1767 2241 1815 vera

176 1828 570 1905 exstitissent,
607 1830 664 1891 si
689 1831 838 1892 Milo
870 1831 1222 1893 admisisset
1260 1830 1492 1905 aliquid
1532 1831 1701 1906 quod
1732 1847 1853 1891 non
1888 1841 2107 1906 posset
2132 1833 2243 1901 ho-

182 1923 351 1976 neste
377 1929 648 1990 vereque
679 1915 1026 1976 defendere.

299 1997 512 2057 XXIV.
560 1996 756 2072 Quid?
797 2013 956 2072 quae
995 2005 1212 2072 postea
1253 2005 1396 2057 sunt
1431 1995 1492 2057 in
1525 2013 1665 2059 eum
1708 2005 2029 2072 congesta,
2084 2015 2241 2075 quae

180 2079 456 2161 quemvis
484 2079 664 2140 etiam
695 2079 1089 2142 mediocrium
1131 2079 1489 2141 delictorum
1535 2080 1911 2142 conscientia
1940 2081 2239 2157 perculis-

177 2172 332 2236 sent,
373 2169 442 2224 ut
473 2162 789 2236 sustinuit,
834 2163 894 2224 di
938 2163 1339 2225 immortales!
1384 2163 1714 2226 sustinuit?
1754 2162 1936 2226 immo
1988 2181 2135 2226 vero
2176 2173 2241 2226 ut

177 2245 545 2323 contempsit
570 2263 644 2308 ae
673 2263 784 2323 pro
814 2247 1000 2309 nihilo
1034 2245 1286 2326 putavit,
1320 2262 1479 2322 quae
1508 2263 1711 2323 neque
1742 2249 2007 2310 maximo
2038 2247 2241 2310 animo

176 2345 412 2391 nocens
471 2346 674 2406 neque
730 2330 1026 2392 innocens
1081 2330 1201 2391 nisi
1248 2329 1615 2392 fortissimus
1660 2329 1755 2390 vir
1792 2331 2101 2406 negligere
2130 2347 2241 2406 po-

175 2413 422 2476 tuisset!
471 2411 790 2474 Scutorum
807 2460 824 2489 ,
888 2413 1226 2488 gladiorum
1242 2458 1258 2487 ‚
1308 2415 1805 2474 ferramentorum
1858 2413 2241 2490 pilorumque

175 2495 354 2559 etiam
377 2495 696 2558 multitudo
719 2497 1094 2572 deprehendi
1117 2511 1308 2573 posse
1328 2496 1733 2559 indicabatur=
1758 2498 1983 2557 nullum
2007 2496 2067 2558 in
2092 2497 2242 2558 urbe

177 2573 397 2646 vicum,
430 2575 662 2637 nulium
693 2576 1086 2652 angiportum
1116 2591 1261 2637 esse
1290 2575 1573 2637 dicebant
1602 2575 1662 2634 in
1696 2592 1821 2650 quo
1850 2577 2059 2638 Miloni
2086 2593 2228 2637 con-

177 2659 364 2717 ducta
391 2671 516 2718 non
541 2666 712 2720 esset
735 2661 990 2722 domus:
1025 2675 1189 2719 arma
1209 2659 1271 2718 in
1292 2659 1501 2720 villam
1526 2657 1945 2720 Ocriculanam
1966 2661 2231 2721 devecta

187 2739 409 2812 tiberi,
455 2742 680 2801 domus
709 2742 770 2802 in
802 2743 964 2804 clivo
1000 2741 1340 2818 Capitolino
1371 2742 1563 2802 scutis
1594 2741 1849 2814 referta,
1882 2745 2065 2818 plena
2100 2759 2227 2804 om-

171 2820 271 2882 nia
299 2820 719 2882 malleolorum
743 2823 821 2882 ad
849 2823 1022 2884 urbis
1048 2823 1333 2884 incendia
1361 2830 1869 2898 comparatorum,
1924 2824 2077 2884 haec
2107 2840 2231 2885 non

169 2905 372 2967 delata
414 2905 660 2977 solum,
703 2906 815 2965 sed
875 2921 1074 2980 paene
1117 2905 1347 2966 credita
1389 2921 1513 2966 nec
1550 2913 1691 2965 ante
1730 2905 2051 2981 repudiata
2092 2917 2236 2968 sunt

171 3004 351 3064 quam
397 2985 694 3063 quaesita.
778 2985 880 3050 65.
921 2987 1272 3048 Laudabam
1318 2987 1603 3062 equidem
1641 2987 2057 3052 incredibilem
2100 2988 2235 3050 dili·

169 3071 434 3148 gentiam
465 3072 572 3132 Gn.
599 3070 903 3146 Pompeii,
939 3071 1052 3132 sed
1080 3071 1307 3144 dicam,
1338 3079 1407 3132 ut
1446 3069 1675 3145 sentio,
1704 3071 1960 3138 iudices.
2045 3071 2234 3132 Nimis

170 3156 354 3215 multa
373 3155 586 3217 audire
629 3163 936 3232 coguntur
957 3170 1162 3230 neque
1187 3153 1364 3216 aliter
1386 3155 1589 3216 facere
1618 3164 1885 3231 possunt
1918 3155 1979 3228 ii,
2010 3154 2233 3230 quibus

170 3245 300 3298 tota
343 3239 672 3309 commissa
719 3246 815 3300 est
853 3255 956 3300 res
985 3238 1249 3314 publiea.
1356 3237 1509 3313 Quin
1540 3236 1719 3300 etiam
1752 3238 1863 3300 fuit
1892 3237 2237 3298 audiendus

173 3335 340 3394 popa
365 3319 636 3380 Licinius
675 3319 887 3460 ῐιθῗῗίο
930 3321 1034 3396 qui
1077 3323 1154 3384 de
1183 3323 1358 3384 Circo
1398 3321 1697 3395 maximo,
1742 3336 1963 3382 servos
1990 3319 2240 3383 Milonis

359 3417 483 3460 010.
529 3417 717 3460 oum.
837 3445 850 3458 .
1740 3405 1815 3472 12
