2459 3817
219 88 345 153 264
782 84 933 149 PRO
962 86 1029 145 L.
1062 84 1390 147 MURENA
1421 81 1726 145 ORATIO.

215 240 431 319 vulgo,
486 236 634 301 nihil
680 236 1005 300 obscurius
1053 238 1364 299 voluntate
1407 234 1719 297 hominum
1739 281 1754 309 ,
1811 231 1957 295 nihil
2009 233 2284 295 fallacius

214 323 450 386 ratione
494 332 617 383 tota
648 320 1046 382 comitiorum.
1104 319 1252 393 Quis
1281 322 1346 384 L.
1377 320 1719 396 Philippum
1751 333 1988 380 summo
2018 317 2284 393 ingenio,

215 422 429 483 opera,
463 404 672 481 gratia,
716 402 1047 477 nobilitate,
1079 418 1115 462 a
1142 403 1221 463 Μ.
1257 402 1564 465 Herennio
1601 401 1881 481 superari
1910 418 2101 479 posse
2127 400 2282 461 arbi-

212 496 407 550 tratus
432 494 567 548 est?
596 485 734 563 quis
760 488 827 561 Q.
854 488 1146 558 Catulum,
1169 486 1559 560 humanitate,
1593 484 1912 565 sapientia,
1943 484 2283 560 integritate

215 572 697 644 antecellentem,
726 585 762 630 a
780 569 1171 633 Cn.Manlio?
1202 568 1340 645 quis
1362 571 1440 631 M.
1467 569 1782 650 Scaurum,
1815 567 2121 631 hominem
2150 584 2282 645 gra-

214 654 563 728 vissimum,
620 653 816 715 civem
861 654 1204 731 egregium,
1253 652 1648 715 fortissimum
1703 660 2078 727 senatorem,
2133 669 2171 712 a
2215 653 2281 725 Q.

212 738 526 799 Maximo?
579 738 712 799 Non
753 739 937 799 modo
980 738 1199 799 horum
1240 734 1386 797 nihil
1415 736 1497 797 ita
1533 738 1664 797 fore
1697 743 1966 812 putatum
1996 744 2121 808 est,
2171 736 2284 795 sed

212 838 293 882 ne
324 838 509 897 quum
540 831 709 883 esset
736 823 959 883 factum
983 820 1228 896 quidem
1257 836 1378 896 qua
1391 835 1458 880 re
1486 818 1569 881 ita
1585 820 1809 881 factum
1840 827 2008 880 esset
2033 817 2280 893 intelligi

212 903 428 982 potuit.
492 906 643 965 Nam
677 912 744 967 ut
782 913 1177 980 tempestates
1220 920 1412 980 saepe
1455 910 1621 965 certo
1664 903 1869 978 aliquo
1911 900 2066 963 caeli
2107 903 2280 978 signo

216 998 706 1064 commoventur,
748 1004 937 1065 saepe
978 986 1315 1064 improviso
1349 987 1515 1049 nulla
1555 1002 1634 1047 ex
1669 994 1833 1048 certa
1864 986 2130 1060 ratione,
2175 986 2281 1046 ob-

215 1088 397 1133 scura
422 1072 627 1147 aliqua
655 1089 733 1133 ex
764 1087 953 1132 causa
980 1071 1339 1144 excitantur,
1374 1070 1464 1132 sic
1492 1070 1553 1130 in
1582 1069 1697 1131 hac
1729 1068 2111 1131 comitiorum
2135 1076 2282 1130 tem-

214 1162 453 1231 pestate
502 1154 785 1231 populari
841 1171 1030 1231 saepe
1078 1154 1380 1231 intelligas
1430 1168 1553 1230 quo
1605 1152 1783 1229 signo
1837 1160 2139 1215 commota
2186 1150 2278 1223 sit,

215 1254 404 1315 saepe
436 1238 519 1300 ita
550 1238 815 1299 obscura
844 1246 955 1311 est,
988 1247 1057 1301 ut
1085 1254 1236 1300 casu
1264 1236 1525 1300 excitata
1548 1252 1688 1297 esse
1711 1234 2008 1297 videatur.
2067 1236 2278 1296 xvlll.

212 1318 316 1383 3⁷.
358 1321 483 1381 Sed
512 1330 744 1393 tamen,
788 1320 842 1381 si
873 1329 969 1381 est
996 1321 1312 1383 reddenda
1343 1320 1525 1395 ratio,
1563 1321 1721 1382 duae
1757 1336 1862 1381 res
1893 1319 2282 1380 vehementer

210 1402 273 1463 in
310 1412 593 1478 praetura
622 1402 1009 1464 desideratae
1040 1413 1209 1479 sunt,
1253 1421 1413 1479 quae
1449 1404 1664 1465 ambae
1698 1402 1759 1463 in
1805 1404 2128 1464 consulatu
2153 1402 2277 1461 Mu-

211 1502 397 1547 renae
428 1485 815 1560 proruerunt:
848 1502 989 1560 una,
1022 1486 1405 1563 exspectatio
1435 1486 1724 1559 muneris,
1761 1501 1920 1562 quae
1949 1495 2010 1548 et
2039 1501 2282 1547 rumore

212 1586 336 1629 non
380 1569 546 1630 nullo
578 1578 639 1631 et
681 1568 899 1632 studiis
936 1568 1448 1646 sermonibusque
1489 1568 1950 1647 competitorum
1987 1570 2278 1641 creverat,

212 1654 434 1726 altera,
481 1654 645 1729 quod
691 1652 763 1727 ii,
807 1670 965 1729 quos
1006 1654 1066 1714 in
1101 1653 1419 1732 provincia
1461 1670 1535 1714 ac
1567 1652 1869 1731 legatione
1899 1652 2097 1714 omnis
2127 1661 2189 1714 et
2213 1651 2279 1712 li·

212 1736 543 1799 beralitatis
587 1745 648 1799 et
686 1736 925 1799 virtutis
963 1754 1112 1800 suae
1155 1746 1346 1800 testes
1386 1738 1710 1811 habuerat,
1756 1737 2026 1799 nondum
2069 1737 2274 1797 deces-

212 1828 439 1882 serant.
489 1822 718 1883 Horum
742 1828 1067 1897 utrumque
1090 1821 1148 1883 ei
1178 1823 1419 1885 fortuna
1447 1822 1526 1883 ad
1551 1822 1906 1884 consulatus
1930 1818 2280 1897 petitionem

209 1904 566 1966 reservavit.
622 1906 774 1966 Nam
814 1914 875 1967 et
902 1907 968 1966 L.
998 1905 1233 1969 Luculli
1276 1905 1614 1979 exercitus,
1660 1906 1762 1980 qui
1793 1904 1872 1965 ad
1913 1902 2278 1979 triumphum

213 1994 602 2059 convenerat,
635 1987 795 2048 idem
828 1988 1087 2051 comitiis
1116 1991 1181 2050 L.
1207 1990 1500 2051 Murenae
1531 1996 1780 2065 praesto
1812 1985 1938 2062 ruit,
1969 1995 2032 2048 et
2059 2004 2280 2049 munus

210 2066 685 2145 amplissimum,
732 2072 899 2144 quod
940 2073 1147 2148 petitio
1182 2081 1504 2147 praeturae
1534 2070 1951 2144 desiderabat,
1995 2078 2282 2148 praetura

208 2150 489 2212 restituit.
573 2149 674 2214 38.
720 2152 873 2213 Num
918 2152 1021 2214 tibi
1063 2155 1218 2214 haec
1266 2171 1459 2231 parva
1502 2154 1785 2215 videntur
1831 2154 2175 2215 adiumenta
2221 2163 2281 2215 et

212 2234 491 2295 subsidia
523 2236 925 2297 consulatus?
992 2236 1293 2299 Voluntas
1328 2237 1624 2300 militum?
1659 2252 1820 2313 quae
1850 2254 2033 2313 quum
2063 2252 2177 2313 per
2211 2254 2280 2298 se

210 2318 375 2379 valet
404 2318 815 2392 multitudine,
853 2334 1036 2395 quum
1066 2320 1233 2395 apud
1263 2338 1412 2382 suos
1447 2319 1668 2398 gratia,
1703 2329 1827 2383 tum
1857 2337 2006 2382 vero
2039 2320 2102 2381 in
2135 2337 2278 2382 con—

210 2401 346 2461 sule
377 2400 744 2463 declarando
773 2403 1021 2463 multum
1054 2403 1233 2465 etiam
1261 2406 1427 2481 apud
1456 2407 1808 2467 universum
1837 2405 2131 2481 populum
2157 2407 2278 2466 Ro·

210 2498 453 2543 manum
492 2483 867 2547 auctoritatis
910 2484 1096 2549 habet
1136 2487 1494 2565 suffragatio
1527 2486 1832 2550 militaris=
1877 2488 2279 2565 imperatores

213 2564 372 2625 enim
418 2566 676 2630 comitiis
719 2568 1172 2641 consularibus,
1226 2588 1350 2633 non
1399 2573 1725 2634 verborum
1767 2570 2131 2647 interpretes
2173 2572 2278 2632 de·

211 2649 490 2725 ligantur.
546 2651 675 2725 Qua
702 2668 769 2712 re
790 2652 995 2727 gravis
1017 2661 1112 2715 est
1134 2652 1238 2715 illa
1261 2654 1482 2718 oratio=
1525 2656 1626 2716 Me
1651 2654 1927 2717 saucium
1950 2655 2278 2717 recreavit2

209 2748 307 2792 me
337 2733 568 2808 praeda
598 2734 875 2798 donavit=
911 2737 1029 2797 hoc
1062 2738 1221 2800 duce
1255 2747 1455 2800 castra
1490 2738 1785 2815 cepimus,
1820 2737 1996 2815 signa
2023 2738 2278 2801 contuli—

211 2832 379 2875 mus=
427 2832 757 2895 numquam
798 2818 915 2882 iste
952 2822 1093 2896 plus
1134 2820 1305 2883 militi
1345 2821 1575 2884 laboris
1615 2820 1908 2898 imposuit
1939 2834 2119 2895 quam
2159 2816 2279 2876 sibi

213 2897 474 2975 sumpsit
501 2902 635 2977 ipse
668 2920 854 2979 quum
882 2903 1055 2966 fortis
1086 2914 1210 2967 tum
1242 2902 1421 2967 etiam
1450 2906 1612 2965 felix.
1693 2904 1826 2964 Hoc
1859 2899 2066 2976 quanti
2095 2904 2278 2974 putas

212 2998 355 3042 esse
396 2984 473 3043 ad
519 2986 739 3046 famam
780 2986 1090 3048 hominum
1133 3006 1207 3049 ac
1247 2989 1665 3050 voluntatem?
1743 2981 1978 3045 Etenim
2018 2981 2070 3043 si
2112 2986 2280 3043 tanta

210 3064 327 3125 illis
354 3067 611 3129 comitiis
633 3068 845 3145 religio
876 3078 985 3141 est,
1018 3078 1085 3131 ut
1112 3072 1312 3132 adhuc
1346 3085 1590 3144 semper
1611 3082 1788 3129 omen
1812 3064 2069 3126 valuerit
2100 3080 2273 3142 prae-

208 3149 580 3225 rogativum,
632 3153 777 3225 quid
822 3151 1033 3212 mirum
1065 3160 1161 3212 est
1200 3154 1259 3212 in
1301 3152 1420 3213 hoc
1456 3150 1756 3212 felicitatis
1790 3150 2012 3211 samam
2043 3164 2276 3213 sermo-

209 3246 474 3307 nemque
509 3234 822 3293 valuisse?

374 3316 528 3375 XIX.
574 3314 699 3375 Sed
732 3316 783 3373 sl
819 3314 972 3374 haec
1001 3312 1233 3375 leviora
1265 3314 1473 3388 ducis,
1518 3333 1678 3395 quae
1720 3326 1862 3382 sunt
1891 3318 2260 3393 gravissima
