2459 3817
2047 102 2072 135 δ

184 146 309 211 152
657 149 739 211 m
769 150 832 210 C.
866 144 1196 208 VERREM
1226 145 1392 205 ACT.
1421 145 1493 204 11.
1522 144 1668 206 LIB.
1693 144 1775 203 V,

183 310 401 381 portus
450 300 591 377 ipse
642 296 903 374 cingitur
942 304 1008 358 et
1031 296 1403 369 continetur,
1451 304 1519 357 ut
1564 311 1687 358 non
1727 294 2051 355 adluantur
2093 296 2246 357 mari

183 385 427 449 moenia
461 392 763 456 extrema,
802 380 915 443 sed
945 379 1083 455 ipse
1110 378 1327 440 influat
1350 380 1410 439 in
1445 378 1619 440 urbis
1647 378 1846 440 sinum
1870 385 2110 453 portus.
2137 378 2245 442 97.

180 470 314 545 Hic,
342 476 403 531 te
430 475 750 544 praetore,
776 465 1077 525 Heracleo
1104 462 1302 539 pirata
1329 478 1468 523 cum
1503 469 1792 539 quattuor
1821 460 2032 537 parvis
2067 478 2246 541 myo-

178 550 521 629 paronibus
552 550 632 611 ad
660 546 969 609 arbitrium
1003 562 1183 607 suum
1210 544 1537 620 navigavit.
1601 546 1717 607 Pro
1748 544 1812 605 di
1837 544 2245 607 immortales!

179 634 475 712 piraticus
533 648 834 713 myoparo
850 676 869 706 ,
915 646 1102 706 quum
1163 628 1401 705 imperii
1459 627 1673 705 populi
1722 626 1980 689 Romani
2019 644 2246 690 nomen

177 735 254 780 ac
281 720 489 780 fasces
516 724 731 778 essent
758 712 1117 791 Syracusis,
1170 728 1374 789 usque
1426 713 1508 773 ad
1557 714 1756 774 forum
1786 712 2246 789 Syracusanum

177 810 239 862 et
266 802 347 862 ad
375 816 589 863 omnes
617 796 965 874 crepidines
990 794 1161 858 urbis
1192 794 1490 857 necessita
1533 812 1658 872 quo
1699 810 1905 871 neque
1927 794 2242 871 Karthagi-

178 884 480 947 niensium
508 880 993 959 gloriosissimae
1020 882 1290 954 classes,
1323 894 1508 955 quum
1537 878 1690 940 mari
1721 877 2046 956 plurimum
2072 888 2246 956 pote·

175 976 340 1043 rant,
381 966 584 1029 multis
616 963 789 1027 bellis
818 979 1010 1041 saepe
1053 972 1341 1037 conatae,
1383 978 1674 1038 umquam
1715 960 1990 1038 aspirare
2030 970 2247 1038 potue-

175 1059 347 1125 runt,
378 1064 583 1126 neque
610 1046 827 1125 populi
851 1046 1113 1109 Romani
1140 1044 1367 1108 invicta
1399 1053 1542 1107 ante
1583 1054 1646 1107 tc
1679 1051 2020 1121 praetorem
2049 1046 2246 1121 gloria

177 1133 283 1195 illa
308 1132 545 1195 navalis
574 1146 867 1207 umquam
893 1138 985 1193 tot
1007 1128 1254 1192 Punicis
1275 1127 1823 1205 Siciliensibusque
1850 1126 2030 1190 bellis
2059 1146 2246 1205 pene-

174 1225 339 1278 trare
366 1214 595 1293 potuita
636 1214 741 1293 qui
768 1216 944 1276 locus
978 1214 1111 1275 eius
1146 1212 1314 1275 modi
1343 1220 1467 1287 est,
1508 1220 1580 1274 ut
1601 1220 1743 1275 ante
1775 1212 2154 1289 Syracusani
2181 1212 2246 1273 in

176 1300 503 1361 moenibus
530 1297 682 1373 suis,
710 1297 772 1358 in
801 1299 978 1371 urbe,
1004 1296 1065 1357 in
1097 1299 1230 1358 roro
1261 1296 1502 1357 hostem
1533 1304 1834 1358 armatum
1860 1312 1936 1357 ac
1955 1295 2248 1358 victorem

177 1400 358 1461 quam
390 1384 451 1442 in
485 1389 670 1458 portu
697 1382 885 1443 ullam
916 1378 1183 1441 hostium
1224 1395 1444 1441 navem
1486 1377 1768 1441 viderint.
1827 1376 1929 1441 98.
1988 1378 2135 1453 Hic,
2185 1387 2246 1440 te

176 1472 489 1542 praetore,
520 1464 905 1539 praedonum
933 1462 1253 1523 naviculae
1283 1470 1654 1538 pervagatae
1681 1470 1856 1537 sunt,
1899 1476 2022 1539 quo
2057 1462 2244 1523 Athe-

176 1548 477 1609 niensium
507 1547 729 1609 classis
756 1545 893 1607 sola
926 1553 1075 1621 post
1100 1546 1411 1607 hominu-m
1445 1545 1797 1607 memoriam
1842 1562 1946 1606 ccc
1973 1544 2248 1611 ,navibus

173 1629 239 1691 vi
266 1644 343 1691 ac
376 1627 758 1691 multitudine
789 1627 1045 1691 invasit=
1083 1645 1244 1704 quae
1272 1628 1333 1689 in
1361 1645 1438 1690 eo
1468 1628 1610 1705 ipso
1639 1637 1850 1704 portu,
1895 1627 2017 1689 loci
2043 1627 2248 1705 ipsius

170 1717 563 1788 [portusque]
590 1719 831 1787 natura,
873 1710 1035 1774 victa
1079 1720 1268 1788 atque
1318 1720 1607 1788 superata
1653 1720 1770 1774 est.
1831 1712 1948 1773 Hic
1985 1712 2246 1788 primum

174 1814 329 1874 opes
354 1795 518 1859 illius
548 1794 812 1858 civitella
842 1794 1250 1857 comminutae
1287 1797 1750 1873 depressaeque
1792 1802 1964 1859 sunta
2019 1794 2081 1856 in
2126 1796 2248 1858 hoc

175 1889 356 1957 portu
382 1878 853 1942 Atheniensium
886 1879 1249 1954 nobilitatis,
1293 1878 1561 1957 imperii,
1603 1879 1834 1955 gloriae
1862 1879 2244 1955 naufragium

173 1966 399 2024 factum
428 1962 824 2026 existimatur.
885 1962 1209 2025 XXXVIII.
1269 1963 1444 2025 Eone
1483 1962 1681 2039 pirata
1710 1964 2079 2039 penetravit,
2117 1980 2245 2038 quo

174 2046 354 2107 simul
380 2052 567 2120 atque
596 2045 861 2119 adisset,
904 2062 1025 2107 non
1068 2047 1256 2107 modo
1286 2064 1325 2107 a
1349 2047 1569 2122 latere,
1615 2047 1728 2107 sed
1769 2046 1948 2108 etiam
1988 2062 2026 2106 a
2065 2054 2244 2121 tergo

174 2143 457 2203 magnam
484 2137 720 2204 partem
760 2126 932 2189 urbis
970 2128 1383 2205 relinqueret?
1443 2130 1708 2190 Insulam
1749 2136 1936 2191 totam
1974 2137 2246 2205 praeter·

174 2220 391 2273 vectus
427 2218 554 2285 est,
597 2227 755 2287 quae
782 2218 883 2271 est
905 2211 1055 2273 urbs
1086 2211 1416 2289 Syracusis
1459 2230 1574 2275 suo
1617 2213 1862 2274 nomine
1899 2229 1974 2274 ac
2011 2214 2244 2274 moeni·

173 2296 310 2369 bus,
351 2310 475 2370 quo
503 2293 565 2354 in
600 2296 742 2357 loco
775 2291 1071 2367 maiores,
1114 2302 1182 2355 ut
1220 2304 1362 2356 ante
1390 2294 1546 2372 dixi,
1589 2295 2046 2374 Syracusanum
2071 2295 2244 2356 habi·

172 2386 301 2439 tare
328 2384 669 2451 vetuerunt,
700 2378 900 2453 quod,
932 2376 1038 2453 qui
1066 2378 1227 2439 illam
1261 2386 1495 2456 partem
1525 2380 1694 2441 urbis
1726 2387 2018 2454 tenerent,
2047 2376 2108 2439 in
2139 2395 2245 2439 eo-

170 2476 303 2521 rum
334 2468 705 2536 potestatem
732 2466 971 2535 portum
1004 2462 1274 2524 futurum
1301 2462 1731 2538 intelligebant.
1785 2460 1888 2525 99.
1945 2464 2030 2523 At
2059 2477 2242 2537 quem

169 2542 250 2604 ad
293 2544 541 2604 modum
584 2552 681 2604 est
720 2552 1134 2620 pervagatus?
1191 2545 1460 2607 Radices
1502 2548 1842 2622 palmarum
1889 2545 2237 2622 agrestium,

172 2642 327 2701 quas
379 2624 443 2685 in
492 2624 721 2687 nostris
773 2628 1033 2689 navibus
1084 2629 1474 2702 invenerant,
1517 2628 1852 2705 iactabant,
1904 2636 1973 2691 ut
2025 2644 2246 2691 omnes

169 2707 345 2771 istius
386 2707 831 2785 improbitatem
875 2718 937 2772 et
974 2709 1375 2774 calamitatem
1425 2710 1669 2775 Siciliae
1705 2720 1970 2790 possent
2013 2727 2246 2788 cogno·

171 2807 365 2853 scere.
432 2791 759 2855 Siculosne
807 2792 1057 2867 milites,
1120 2804 1507 2859 aratorumne
1534 2794 1795 2871 liberos.
1847 2812 2108 2872 quorum
2137 2812 2246 2870 pa-

170 2882 297 2937 tres
345 2882 577 2938 tantum
629 2877 841 2938 labore
880 2894 995 2939 suo
1040 2879 1323 2940 frumenti
1353 2880 1714 2956 exarabant,
1759 2885 1828 2941 ut
1852 2880 2088 2955 populo
2118 2880 2245 2940 Ro-

170 2974 353 3019 mano
400 2958 638 3035 totique
674 2959 883 3022 Italiae
933 2962 1326 3037 suppeditare
1365 2971 1652 3039 possent,
1701 2979 1895 3025 eosne
1932 2961 1996 3023 in
2039 2961 2244 3023 insula

169 3039 407 3103 Cereris
439 3052 651 3116 natos,
680 3042 787 3104 ubi
812 3043 1073 3120 primum
1102 3047 1310 3122 fruges
1337 3045 1624 3108 inventae
1651 3062 1798 3111 esse
1827 3044 2128 3121 dicuntur,
2161 3060 2241 3107 eo

168 3123 305 3187 cibo
336 3141 482 3189 esse
508 3142 659 3189 usos
676 3171 693 3201 ,
723 3143 762 3186 a
790 3143 913 3203 quo
944 3126 1210 3191 maiores
1244 3146 1457 3191 eorum
1491 3138 1769 3191 caeteros
1799 3143 2054 3205 quoque
2113 3129 2242 3189 fru-

166 3205 347 3281 gibus
371 3208 633 3271 inventis
690 3211 1117 3273 removerunt?
1180 3212 1264 3273 Te
1305 3219 1586 3288 praetore
1617 3211 1806 3275 Siculi
1845 3210 2068 3273 milites
2109 3211 2244 3286 pal·-

164 3305 397 3353 marum
439 3290 763 3369 stirpibus,
812 3293 1048 3371 piratae
1090 3294 1299 3357 Siculo
1328 3297 1628 3357 frumento
1672 3296 2032 3357 alebantur?
2096 3293 2240 3355 loo.

166 3370 215 3431 Ο
250 3377 669 3449 spectaculum
700 3375 991 3439 miserum
1013 3385 1200 3455 atque
1233 3377 1552 3441 acer-huma
1589 3377 1854 3441 ludibrio
1895 3394 2042 3440 esse
2069 3374 2242 3440 urbis
