2459 3817
801 105 970 169 GAP.
999 112 1237 164 23—25.
1281 113 1333 174 §-
1362 108 1603 164 55—61.
2130 95 2251 160 119

197 267 426 342 aculei,
468 268 523 330 si
559 287 714 346 quos
745 269 1010 333 habuisti
1039 269 1098 332 in
1142 287 1242 330 me
1282 266 1822 344 reprehendendo,
1864 273 2067 328 tamen
2102 264 2247 328 mihi

197 369 325 415 non
351 352 568 428 ingrati
598 353 970 416 acciderunt.
1059 352 1158 413 59.
1193 351 1495 426 Quaesisti
1536 360 1741 412 utrum
1772 349 1913 412 mihi
1944 357 2243 426 putarem,

199 434 420 510 equitis
449 437 709 497 Romani
741 437 884 506 filio,
918 437 1253 500 faciliorem
1276 436 1471 499 fuisse
1492 435 1573 496 ad
1594 433 2031 510 adipiscendos
2054 433 2245 494 hono-

198 532 300 580 res
336 517 495 578 viam
517 535 595 578 an
631 521 894 582 futuram
930 537 1074 582 cssc
1103 519 1230 583 filio
1261 535 1401 580 meo
1422 564 1437 589 ‚
1468 518 1609 593 quia
1643 525 1812 578 esset
1846 515 2071 579 familia
2101 533 2245 577 con-

199 600 405 660 sulari.
468 603 600 682 Ego
631 617 782 662 vero
825 619 1190 678 quamquam
1220 602 1305 662 illi
1334 601 1537 664 omnia
1564 605 1723 664 malo
1758 617 1938 676 quam
1962 599 2120 668 mihi,
2154 606 2245 659 ta-

199 699 337 744 men
380 683 680 746 honorum
722 687 926 752 aditus
969 703 1297 761 numquam
1343 684 1431 744 illi
1462 682 1765 744 faciliores
1812 682 2023 759 optavi
2064 699 2243 758 quam

197 766 341 826 mihi
375 767 639 830 ruenmt.
699 768 852 844 Quin
888 771 1087 842 etiarn,
1123 785 1203 830 ne
1233 772 1393 829 sorte
1422 767 1523 826 ille
1552 766 1789 826 sibime
1824 767 2030 842 potius
2062 781 2246 841 pepe-

199 849 362 912 risse
393 849 512 908 iam
541 851 815 912 honores
847 869 1029 928 quam
1067 853 1184 914 iter
1215 852 1677 912 demonstrasse
1709 849 2247 924 adipiscendorum

202 939 408 1010 putet,
452 933 608 994 haec
639 934 721 996 illi
764 939 939 996 soleo
974 934 1361 1010 praecipere,
1406 948 1772 1008 quamquam
1810 933 1888 992 ad
1913 939 2250 1008 praecepta

197 1024 372 1076 aetas
402 1031 527 1076 non
563 1024 660 1077 est
687 1018 954 1091 grandis,
987 1032 1147 1091 quae
1177 1032 1291 1081 rex
1319 1015 1419 1078 ille
1454 1031 1491 1074 a
1523 1016 1671 1074 Iove
1705 1022 1875 1075 ortus
1907 1013 2037 1074 suis
2074 1029 2245 1089 praev

201 1098 368 1174 cepit
395 1098 566 1159 filiis:
626 1102 1002 1172 Viailandum
1030 1107 1118 1159 est
1153 1115 1416 1173 semper.-
1461 1101 1679 1158 multae
1706 1099 1959 1160 insidiae
1982 1105 2119 1164 sunt
2132 1098 2249 1156 *bo-

197 1184 310 1241 nis.
379 1181 586 1240 Nostis
613 1189 838 1242 cetera.
905 1183 1160 1242 Nonne?
1211 1183 1293 1241 Id
1330 1182 1487 1254 quod
1520 1183 1689 1240 multi
1713 1181 2041 1256 invideant,
2090 1194 2251 1253 quae

203 1262 451 1338 scripsit
478 1265 684 1338 gravis
717 1271 780 1326 et
813 1264 1168 1340 ingeniosus
1199 1269 1417 1340 poeta,
1456 1262 1703 1338 scripsit
1733 1279 1856 1323 non
1888 1270 1955 1324 ut
1982 1261 2123 1324 illos
2154 1277 2247 1321 re·
2277 1305 2281 1309 .

202 1345 340 1421 gius
377 1363 623 1422 puerOS,
659 1347 762 1422 qui
795 1347 914 1408 iam
943 1365 1245 1423 nusquam
1279 1355 1467 1418 erant,
1514 1347 1627 1406 sed
1662 1353 1728 1409 ut
1756 1362 1873 1408 nos
1902 1353 1964 1408 ct
1998 1351 2249 1410 nostros

203 1430 430 1492 liberos
461 1431 540 1490 ad
575 1431 844 1492 laborem
879 1439 939 1492 et
965 1433 1046 1492 ad
1078 1434 1322 1493 laudem
1351 1429 1662 1492 excitaret.

329 1515 429 1576 60.
477 1515 732 1592 Quaeris
776 1517 922 1590 quid
957 1515 1228 1590 potuerit
1255 1514 1517 1590 amplius
1548 1512 1807 1589 adsequi
1842 1512 2154 1583 Plancius»,
2196 1507 2251 1570 si

206 1597 311 1657 Cn.
343 1596 650 1671 Scipionis
685 1598 906 1660 fuisset
928 1599 1112 1666 filius.
1169 1597 1363 1672 Magis
1388 1597 1599 1658 aedilis
1623 1597 1757 1656 fieri
1777 1613 1899 1656 non
1927 1596 2249 1670 potuisset,

206 1680 318 1742 sed
343 1679 462 1744 hoc
487 1689 844 1752 praestaret,
871 1682 1040 1754 quod
1063 1682 1120 1742 ei
1140 1681 1339 1742 minus
1362 1679 1757 1739 invideretur.
1804 1678 2039 1740 Etenim
2062 1678 2251 1736 hono-

205 1776 341 1820 rum
363 1761 590 1834 gradus
613 1763 864 1822 summis
888 1762 1232 1822 hominibus
1270 1768 1332 1822 et
1358 1759 1580 1820 infimis
1604 1767 1749 1820 sunt
1768 1774 1951 1836 pares
1968 1805 1983 1830 ,
2019 1758 2253 1832 gloriae

208 1843 508 1916 dispares,
549 1843 738 1906 XXV.
765 1843 910 1918 Quis
935 1852 1215 1904 nostrum
1240 1858 1310 1902 se
1326 1841 1580 1902 dicitM’.
1598 1841 1798 1912 Curio,
1828 1841 1965 1915 quis
1978 1840 2253 1901 C.Fabri-

207 1926 323 1995 cio,
360 1922 498 1998 quis
529 1927 592 1986 C.
609 1925 846 1986 Duellio
859 1927 1120 2002 parem?
1163 1925 1302 2000 quis
1324 1925 1506 1985 Atilio
1542 1923 1856 1987 Calatino?
1899 1923 2037 1997 quis
2063 1923 2168 1982 Cn.
2194 1929 2255 1982 et

205 2011 270 2070 Ρ.
287 2006 718 2081 Scipionibus?
771 2010 908 2082 quis
950 2008 1274 2077 Africano,
1326 2008 1647 2076 Marcello,
1691 2005 1998 2068 Maximo?
2050 2013 2251 2067 tamen

207 2089 460 2153 eosdem
491 2107 704 2152 sumus
736 2091 1036 2152 honorum
1072 2093 1299 2166 gradus
1338 2106 1497 2164 quos
1527 2089 1612 2150 illi
1644 2089 1943 2160 adsecuti.
2014 2088 2253 2148 Etenim

207 2175 271 2234 in
301 2173 524 2234 virtute
555 2173 724 2234 multi
749 2182 892 2234 sunt
913 2190 1235 2244 ascensus,
1268 2180 1335 2234 ut
1360 2174 1415 2234 is
1444 2172 1705 2234 maxime
1738 2172 1934 2250 gloria
1972 2173 2251 2242 excellat,

209 2255 316 2330 qui
336 2255 556 2318 virtute
580 2257 902 2332 plurimum
928 2266 1228 2333 praestet:
1263 2258 1564 2318 honorum
1590 2257 1803 2332 populi
1826 2255 1968 2316 finis
1990 2263 2087 2316 est
2110 2270 2251 2315 con·

211 2341 448 2400 sulatus
463 2356 481 2400 z
507 2356 688 2416 quem
703 2341 1118 2416 magistratum
1133 2341 1249 2401 iam
1267 2339 1595 2414 octingenti
1610 2341 1739 2402 sere
1752 2339 2065 2400 consecuti
2080 2343 2251 2398 sunt:

209 2423 457 2494 horum,
488 2422 544 2482 si
572 2423 894 2500 dili-genter
921 2439 1206 2499 quaeres,
1241 2423 1345 2484 vix
1381 2423 1674 2484 decimam
1710 2431 1949 2500 partem
1980 2421 2253 2496 reperies

209 2505 405 2580 gloria
435 2506 696 2580 dignam.
757 2508 882 2570 Sed
911 2524 1092 2569 nemo
1122 2523 1409 2582 umquam
1440 2505 1530 2567 sic
1564 2506 1715 2582 egit,
1750 2514 1820 2567 ut
1850 2514 1949 2566 tu:
1987 2505 2105 2564 Cur
2136 2503 2255 2563 iste
2282 2507 2291 2510 ’

211 2589 280 2648 fit
309 2591 567 2650 consul?
599 2590 742 2664 quid
773 2591 974 2666 potuit
999 2592 1275 2668 ampliuS,
1314 2591 1365 2650 si
1394 2590 1461 2650 L.
1490 2590 1719 2653 Brutus
1750 2596 1945 2657 esset,
1982 2587 2086 2662 qui
2110 2585 2255 2646 civi·

209 2679 396 2732 tatem
420 2672 736 2734 dominatu
759 2676 925 2750 regio
952 2675 1272 2736 liberavit?
1313 2675 1547 2734 honore
1581 2673 1727 2734 nihil
1748 2671 2039 2748 amplius,
2074 2669 2257 2730 laude

211 2757 484 2816 multum.
553 2755 656 2815 Sic
678 2756 860 2830 igitur
879 2759 1162 2818 Plancius
1189 2756 1373 2818 nihilo
1398 2756 1597 2816 minus
1624 2761 1915 2830 quaestor
1939 2760 2037 2814 est
2056 2755 2255 2814 factus

211 2843 274 2900 et
294 2837 570 2898 tribunus
595 2839 790 2913 plebis
817 2847 877 2900 et
899 2839 1112 2900 aedilis
1139 2856 1321 2914 quam
1345 2841 1397 2898 si
1420 2845 1588 2898 esset
1610 2853 1848 2898 summo
1882 2839 2021 2898 loco
2052 2844 2252 2904 natus,

211 2923 326 2982 sed
350 2921 504 2982 haec
530 2921 662 2996 pari
686 2922 826 2986 loco
853 2921 968 2982 orti
992 2929 1138 2982 sunt
1157 2922 1627 2982 innumerabiles
1650 2920 1749 2982 alii
1772 2918 2105 2982 consecuti.
2152 2919 2253 2978 61.

215 3004 454 3065 Profers
477 3004 818 3080 triumphos
843 3007 912 3064 T.
929 3003 1086 3066 Didii
1109 3011 1172 3066 et
1195 3005 1255 3066 C.
1272 3003 1463 3074 Marii,
1490 3011 1552 3064 et
1575 3004 1849 3079 quaeris:
1884 3003 2037 3076 Quid
2062 3000 2257 3061 simile

211 3085 273 3146 in
297 3087 540 3150 Plancio
557 3091 585 3148 ‘l
615 3088 802 3163 Quasi
819 3104 964 3150 vero
983 3087 1102 3160 isti,
1125 3104 1283 3164 quos
1307 3103 1768 3160 commemoraS,
1788 3095 2117 3163 propterea
2134 3100 2257 3142 ma·

212 3169 504 3246 gistratus
529 3170 817 3248 ceperint,
853 3173 1021 3247 quod
1043 3171 1517 3246 triumpharant,
1544 3179 1605 3231 et
1624 3188 1747 3232 nou
1772 3169 2257 3244 [triumphannffl

214 3254 360 3329 quia
390 3254 698 3316 commissi
727 3263 869 3317 sunt
894 3255 968 3318 iis
997 3254 1419 3330 magistratus,
1447 3254 1508 3317 in
1544 3255 1763 3328 quibus
1798 3268 1867 3312 re
1896 3252 2053 3311 bene
2084 3255 2259 3323 gesta

213 3334 672 3412 triumpharent.
759 3341 968 3415 Rogas
1012 3353 1174 3412 quae
1217 3345 1419 3401 castr-a
1459 3337 1705 3398 viderit:
1754 3333 1859 3409 qui
1902 3341 1963 3394 et
1994 3332 2167 3393 miles
2196 3348 2255 3394 in
