2459 3817
242 103 357 167 100
699 105 779 164 IN
806 105 867 164 C.
896 105 1221 165 VERREM
1252 105 1415 165 ACT.
1445 107 1515 164 11.
1551 107 1691 166 LIB.
1720 107 1823 165 IV.

235 273 355 332 que
382 255 799 330 Tlepolemum
838 269 1041 328 neque
1077 253 1408 330 quidquam
1455 271 1534 314 ex
1569 257 1708 315 fano
1740 256 2010 332 Chrysae
2041 265 2276 332 praeter

233 356 418 400 unum
450 337 876 411 perparvulum
913 335 1151 410 signum
1186 352 1264 395 ex
1297 354 1438 397 aere
1468 337 1875 398 desideratum
1905 345 2017 398 est.

398 418 498 480 97.
526 418 737 479 Matris
764 434 1019 492 magnae
1048 420 1252 479 sanum
1282 421 1444 496 apud
1471 418 1785 494 Enguinos
1813 429 1927 480 est.
1968 420 2092 480 Iam
2123 419 2280 480 enim

228 498 372 562 mihi
397 516 522 561 non
552 501 737 561 modo
766 501 1037 561 breviter
1066 502 1143 561 de
1164 519 1286 562 uno
1313 519 1558 577 quoque
1590 502 1932 576 dicendum,
1963 504 2073 562 sed
2104 503 2281 563 etiam

233 587 675 662 praetereunda
706 585 983 644 videntur
1016 601 1155 644 esse
1186 587 1511 659 permulta,
1551 592 1616 644 ut
1655 586 1734 644 ad
1762 585 1992 646 maiora
2020 586 2194 646 istius
2225 595 2284 646 et

234 667 561 728 illustriora
599 667 657 725 in
699 667 817 727 hoc
850 681 1074 740 genere
1104 668 1263 727 furta
1305 681 1365 728 et
1405 668 1639 727 scelera
1661 667 1998 728 veniamus.
2051 669 2118 727 In
2161 668 2282 727 hoc

234 754 375 811 fano
408 751 627 811 loricas
658 751 991 824 galeasque
1018 753 1274 823 aeneaS,
1312 751 1574 810 caelatas
1614 767 1800 826 opere
1836 749 2143 810 Corinthio
2168 750 2282 828 hy-

234 833 523 908 driasque
564 835 860 909 grandeS,
902 831 1079 892 simili
1121 831 1181 890 in
1223 847 1447 906 genere
1487 840 1669 907 atque
1715 833 1926 892 eadem
1967 839 2095 892 arte
2144 849 2282 907 per-

233 919 456 990 fectaS,
500 915 660 976 idem
702 916 802 975 ille
830 913 1067 989 Scipio,
1116 915 1207 973 vir
1236 914 1515 976 omnibus
1549 915 1734 976 rebus
1775 913 2280 990 praecellentissi-

231 1017 395 1073 muS,
424 1007 713 1073 posuerat
744 1007 804 1059 et
830 1013 1005 1056 suum
1031 1013 1252 1058 nomen
1284 997 1695 1072 inscripserat.
1737 996 1892 1071 Quid
1913 997 2032 1057 iam
2062 997 2139 1056 de
2159 997 2279 1058 isto

234 1085 407 1158 plura
442 1081 638 1141 dicam
667 1089 770 1140 aut
805 1087 1063 1154 querar?
1106 1079 1316 1140 Omnia
1345 1079 1474 1151 illa,
1521 1080 1776 1154 iudiceS,
1810 1079 2081 1141 abstulit:
2133 1078 2279 1139 nihil

230 1167 291 1224 in
320 1162 777 1238 religiosissimo
808 1163 951 1222 sano
984 1172 1223 1238 praeter
1249 1161 1506 1237 vestigia
1543 1162 1806 1222 violatae
1831 1161 2141 1237 religionis
2170 1179 2278 1222 no-

229 1263 492 1322 menque
530 1246 595 1305 P.
649 1244 955 1320 Scipionis
995 1245 1267 1320 reliquit:
1310 1245 1573 1305 hostium
1620 1245 1846 1319 spolia,
1893 1253 2281 1306 monumenta

230 1330 678 1403 imperatorum,
708 1329 933 1386 decora
967 1335 1150 1399 atque
1182 1335 1536 1387 ornamenta
1559 1329 1834 1388 sanorum
1864 1328 2153 1402 posthac,
2183 1327 2277 1385 his
2319 1369 2326 1373 -

233 1410 561 1486 praeclaris
593 1407 938 1468 nominibus
970 1409 1233 1482 amissiS,
1266 1409 1328 1468 in
1352 1409 1746 1470 instrumento
1778 1418 1960 1484 atque
1989 1409 2048 1468 in
2074 1411 2277 1485 supel-

232 1491 429 1552 lectile
456 1493 517 1548 C.
549 1489 761 1550 Verris
790 1489 1276 1550 nominabuntur.
1332 1491 1430 1552 98.
1460 1492 1548 1551 Tu
1589 1491 1872 1552 videlicet
1912 1493 2084 1552 solus
2111 1491 2279 1551 vasis

231 1573 553 1636 Corinthiis
583 1573 935 1633 delectaris:
970 1582 1035 1634 tu
1063 1573 1223 1632 illius
1254 1573 1414 1634 aeris
1450 1573 1963 1648 temperationem,
2015 1583 2080 1635 tu
2130 1590 2282 1648 ope-

228 1675 364 1718 rum·
403 1654 745 1720 liniamenta
780 1655 1199 1716 sollertissime
1221 1656 1566 1732 perspicis?
1597 1655 1762 1716 Haec
1795 1656 2000 1731 Scipio
2026 1656 2127 1717 ille
2155 1672 2278 1715 non

227 1741 623 1816 intelligebat,
668 1739 848 1800 homo
882 1739 1275 1800 doctissimus
1303 1747 1487 1814 atque
1515 1739 2020 1800 humanissimus:
2053 1747 2116 1800 tu
2146 1737 2280 1799 sine

226 1824 349 1883 ulla
368 1825 533 1883 bona
562 1831 707 1895 arte,
738 1822 871 1882 sine
891 1821 1280 1896 humanitate,
1309 1823 1442 1882 sine
1461 1821 1726 1897 ingenio,
1761 1821 1893 1882 sine
1927 1821 2160 1895 litteris,
2190 1823 2258 1880 in«

226 1905 446 1978 telligis
482 1913 543 1964 et
568 1904 848 1964 iudicas?
886 1906 1045 1966 Vide
1066 1921 1145 1964 ne
1178 1904 1279 1964 ille
1313 1923 1434 1966 non
1467 1905 1666 1965 solum
1699 1903 2124 1979 temperantia,
2168 1904 2280 1962 sed

227 1987 407 2046 etiam
435 1984 824 2058 intelligentia
844 1995 901 2046 te
925 1996 1109 2062 atque
1137 1987 1312 2061 istos,
1338 1988 1442 2062 qui
1469 2004 1537 2047 se
1561 1988 1872 2061 elegantes
1903 1985 2025 2047 dici
2048 1988 2276 2058 volunt,

225 2066 456 2128 vicerit.
525 2067 676 2126 Nam
718 2068 862 2141 quia
904 2085 1084 2142 quam
1116 2070 1327 2142 pulcra
1359 2076 1568 2129 essent
1607 2068 2004 2144 intelligebat,
2049 2068 2278 2129 idcirco

228 2148 611 2210 existimabat
635 2164 709 2208 ea
734 2165 855 2209 non
878 2151 957 2208 ad
980 2149 1287 2209 hominum
1311 2150 1626 2222 luxuriem,
1653 2152 1764 2211 sed
1787 2151 1866 2211 ad
1888 2160 2163 2213 ornatum
2193 2153 2279 2210 fa-

226 2249 439 2293 norum
472 2239 653 2306 atque
679 2230 1044 2306 oppidorum
1072 2247 1215 2291 esse
1245 2232 1420 2306 facta,
1442 2241 1509 2293 ut
1529 2233 1794 2306 posteris
1818 2235 2044 2295 nostris
2067 2249 2251 2294 monu

226 2325 427 2376 menta
456 2315 745 2389 religiosa
772 2329 914 2373 esse
943 2313 1280 2374 videantur.

390 2399 568 2456 XLV.
600 2395 700 2456 99.
722 2394 947 2455 Audite
978 2395 1157 2454 etiam
1184 2395 1550 2472 singularem
1579 2397 1731 2470 eius,
1763 2397 2018 2472 iudices,
2044 2397 2275 2473 cupidi·

225 2489 427 2553 tatem,
458 2479 792 2550 audaciam,
824 2479 1263 2552 amentiam,·in
1293 2480 1368 2540 iis
1399 2479 1757 2554 praesertim
1782 2480 1976 2541 sacris
2004 2482 2280 2555 polluen-

227 2561 343 2634 dis,
376 2576 536 2636 quae
565 2577 686 2619 non
716 2561 899 2619 modo
930 2560 1205 2622 manibus
1237 2561 1464 2637 attingi,
1503 2563 1614 2622 sed
1643 2579 1721 2622 ne
1753 2563 2119 2638 cogitatione
2150 2561 2280 2637 qui-

222 2645 360 2704 dem
388 2640 603 2703 violari
634 2643 727 2702 tas
762 2641 888 2701 fuit.
956 2643 1301 2704 Sacrarium
1328 2644 1564 2704 Cereris
1607 2655 1702 2706 est
1730 2646 1896 2720 apud
1926 2645 2280 2706 catinenses

223 2727 436 2785 eadem
465 2724 761 2798 religi-one
792 2741 915 2799 qua
933 2726 1181 2798 Romae,
1208 2744 1330 2801 qua
1358 2727 1419 2786 in
1456 2728 1712 2788 caeteris
1743 2730 1914 2801 lociS,
1941 2747 2062 2804 qua
2085 2744 2281 2803 prope

219 2808 281 2867 in
316 2815 441 2868 toto
474 2807 621 2868 orbe
652 2816 962 2868 terrarum.
1010 2809 1079 2868 In
1110 2824 1184 2867 eo
1218 2810 1484 2870 sacrario
1517 2809 1724 2871 intimo
1761 2811 1998 2886 signum
2030 2811 2142 2872 fuit
2171 2811 2281 2870 Ce-

219 2890 373 2950 reris
408 2889 864 2966 perantiquum,
912 2893 1079 2964 quod
1118 2891 1232 2951 viri
1281 2911 1401 2954 non
1445 2892 1627 2954 modo
1675 2894 1848 2954 cuius
1878 2893 2042 2956 modi
2095 2901 2283 2966 esset,

222 2974 335 3034 sed
363 2990 440 3033 ne
464 2988 606 3033 esse
623 2973 866 3047 quidem
892 2973 1193 3034 sciebant=
1223 2976 1424 3036 aditus
1449 2975 1608 3035 enim
1629 2977 1689 3034 in
1713 2975 1775 3036 id
1803 2977 2134 3038 sacrarium
2157 2993 2282 3036 non

220 3063 315 3116 est
343 3055 522 3118 viris:
560 3072 737 3117 sacra
767 3073 878 3130 per
912 3054 1196 3117 mulieres
1227 3073 1300 3116 ac
1327 3057 1596 3134 virgines
1632 3061 1851 3120 confici
1887 3062 2104 3120 solent.
2146 3061 2282 3118 Hoc

222 3138 459 3212 signum
492 3148 679 3200 noctu
709 3140 863 3198 clam
894 3138 1070 3200 istius
1118 3141 1280 3200 servi
1328 3158 1407 3202 ex
1447 3141 1550 3202 illo
1591 3141 2052 3217 religiosissimo
2095 3149 2281 3216 atque

218 3221 638 3298 antiquissimo
680 3223 818 3282 loco
859 3225 1254 3284 sustulerunt.
1301 3223 1598 3286 Postridie
1645 3227 1997 3286 sacerdotes
2042 3221 2280 3284 Cereris

219 3313 401 3378 atque
430 3304 589 3364 illius
622 3303 745 3366 fani
777 3304 1094 3380 antistitae,
1121 3307 1382 3368 maiores
1418 3315 1580 3384 natu,
1613 3309 1904 3386 probatae
1933 3324 2004 3367 ac
2039 3307 2280 3368 nobiles

28 3624 307 3704 ι-’μ
