2459 3817
807 161 939 223 CAI
964 204 975 221 ·
1004 170 1194 225 4--6-
1237 167 1291 230 S.
1327 172 1590 227 lo-ls.
2125 164 2248 227 189

178 327 321 371 nem
360 308 795 377 humanitatem
842 312 1170 380 exuisses?
1208 313 1444 387 Quanto
1488 314 1609 374 hoe
1647 310 2098 388 durium-quod
2123 330 2240 374 nos

150 395 345 455 domi
372 394 669 469 petimus,
704 396 767 455 id
810 412 851 455 a
877 404 935 456 te
976 396 1037 455 in
1067 397 1201 456 toro
1235 395 1624 472 oppugnari?
1663 403 1723 456 et
1761 396 1822 457 in
1865 397 1968 457 tali
1997 396 2242 457 miseria

180 478 501 539 multorum
554 478 897 553 perfugium
952 480 1409 544 misericordiae
1461 480 1719 542 tollere?
1787 480 2000 540 Dicam
2037 480 2239 555 plane,

179 561 435 633 Caesar,
465 561 633 635 quod
660 562 877 623 sentio.
963 561 1063 624 15.
1094 562 1250 624 siin
1290 563 1404 622 hac
1431 570 1598 623 tante
1624 570 1732 623 tua
1758 563 1997 623 fortuna
2025 562 2243 623 lenitas

182 651 345 703 tanta
372 660 494 705 non
522 652 719 716 esset,
780 658 965 717 quam
996 652 1063 706 tu
1101 660 1217 720 per
1242 651 1336 713 te,
1383 660 1499 719 per
1528 651 1622 715 te,
1683 644 1962 719 inquam,
2003 644 2241 707 ebtines

179 758 265 769 —
310 724 578 801 intelligo
622 726 769 801 quid
814 729 1033 803 loquar
1076 762 1179 805 ——‚
1214 727 1612 789 acerbissimo
1668 729 1834 789 luctu
1872 727 2246 789 redundaret

180 808 297 869 ista
330 809 605 873 vietoria.
695 810 885 884 Quem
912 812 1085 873 multi
1112 810 1274 872 enim
1317 818 1527 871 essent
1555 810 1633 869 de
1664 809 2142 885 victoribusqui
2185 817 2244 870 te

178 892 491 953 crudelem
536 909 680 955 esse
723 895 973 967 vellent,
1030 910 1217 968 quum
1269 892 1448 953 etism
1489 892 1574 953 de-
1609 890 1790 953 vietis
1830 894 2242 967 reperiantur!

178 992 365 1051 quam
404 975 575 1037 multi
636 977 743 1051 qui
782 993 968 1051 quum
1000 992 1038 1034 a
1067 986 1125 1037 te
1150 974 1394 1051 ignosci
1422 974 1646 1035 nemini
1695 976 1946 1048 vellent,
1988 973 2245 1051 impedi·

177 1066 313 1119 rent
336 1057 717 1119 clementiam
744 1068 937 1133 tunm,
968 1076 1155 1133 quum
1190 1058 1368 1120 etiem
1397 1058 1478 1131 hi,
1513 1057 1738 1132 quibus
1772 1057 1910 1133 ipse
1932 1058 2240 1133 ignovisti,

182 1140 375 1203 nolint
412 1146 474 1201 te
512 1156 657 1201 esse
698 1140 761 1201 in
790 1143 943 1205 alios
989 1140 1476 1203 misericordem!
1519 1141 1618 1202 16.
1673 1141 1852 1215 Quod
1893 1140 1948 1201 si
1981 1141 2244 1217 pmbure

178 1221 429 1283 Caesari
461 1239 790 1299 possemus
818 1224 880 1285 in
910 1223 1117 1283 Africa
1146 1224 1450 1299 Ligarium
1479 1222 1731 1285 omnino
1756 1240 1879 1286 non
1921 1222 2146 1297 ruisse,
2190 1220 2246 1283 si

179 1306 441 1367 honesto
470 1316 533 1367 et
553 1306 929 1369 misericordi
958 1307 1276 1369 mendacio
1325 1307 1501 1372 saluti
1545 1306 1666 1367 civi
1705 1308 2058 1371 calamitoso
2091 1322 2244 1369 esse

180 1389 495 1464 vellemus,
518 1398 719 1457 tamen
742 1390 1003 1463 hominis
1024 1407 1150 1451 non.
1172 1400 1356 1464 esset,
1389 1390 1452 1451 in
1476 1398 1644 1460 tanto
1671 1389 2020 1451 discrimine
2047 1398 2110 1451 et
2137 1404 2244 1464 pe-

180 1471 373 1533 riculo
402 1472 558 1533 civis
592 1475 869 1535 refellere
898 1482 963 1535 et
992 1475 1366 1549 redarguere
1401 1480 1675 1535 nostrum
1717 1473 2134 1548 mendacium,
2165 1481 2242 1545 et,

180 1554 234 1615 si
268 1563 437 1617 esset
462 1555 720 1618 alicuius
738 1603 753 1630 ‚
794 1560 927 1621 eius
960 1565 1123 1619 certe
1153 1574 1274 1618 non
1309 1566 1504 1628 esset,
1548 1555 1654 1632 qui
1699 1556 1762 1617 in
1810 1558 2024 1617 eadem
2055 1571 2240 1618 eausa

176 1646 241 1697 et
282 1639 525 1699 fortuna
565 1639 801 1704 suisset.
898 1640 1022 1701 Sed
1076 1650 1276 1701 tamen
1329 1640 1490 1701 aliud
1538 1648 1634 1699 est
1675 1654 1878 1701 errare
1920 1640 2238 1701 Caesarem

178 1720 371 1793 nolle,
400 1720 567 1781 aliud
601 1722 761 1783 nolle
792 1723 1081 1783 misereri.
1134 1724 1304 1784 Tunc
1333 1722 1603 1783 dicerem
1637 1722 1892 1790 Caesar,
1927 1737 2079 1783 cave
2111 1737 2236 1783 cre-

179 1803 321 1863 dasz
366 1802 475 1863 ruit
502 1802 563 1863 in
591 1804 830 1878 Africa,
870 1806 1001 1865 tulit
1040 1821 1209 1865 arma
1253 1814 1466 1866 contra
1503 1811 1584 1863 te.
1667 1804 1840 1864 Nunc
1871 1805 2015 1877 quid
2046 1802 2240 1863 dicis!

180 1883 343 1945 Cave
369 1884 677 1961 ignoscas.
738 1888 907 1947 Haec
946 1903 1060 1949 nec
1086 1886 1352 1949 hominis
1381 1902 1494 1948 nec
1527 1886 1608 1947 sd
1638 1885 1940 1949 hominem
1975 1900 2098 1948 vox
2129 1894 2237 1957 est,

187 1984 305 2042 que
336 1967 439 2043 qui
474 1970 639 2045 apud
675 1977 767 2043 te,
808 1970 869 2031 C.
906 1970 1161 2043 Caesar,
1190 1969 1406 2046 utitur,
1445 1984 1620 2032 suam
1652 1968 1827 2031 citius
1855 1967 2100 2031 abiioiet
2133 1968 2235 2031 hu·

178 2049 521 2113 manitatem
556 2070 735 2127 quam
764 2053 1149 2128 extorquebit
1180 2062 1362 2115 tuam.

302 2134 409 2193 Vl.
455 2132 552 2197 17.
600 2140 696 2196 Ac
734 2135 966 2211 primus
1002 2136 1203 2197 aditus
1247 2147 1308 2198 et
1341 2136 1667 2213 postulatio
1701 2135 2038 2198 Tuberonis
2067 2135 2237 2209 haec,

178 2224 245 2277 nt
272 2218 523 2291 opinor,
556 2218 691 2279 fuit:
733 2220 889 2281 velle
930 2236 999 2280 se
1042 2220 1119 2279 de
1150 2218 1216 2293 Q.
1245 2220 1468 2294 Ligarii
1502 2222 1740 2282 scelere
1785 2219 2010 2282 dicere.
2099 2218 2238 2279 ‘Non

174 2298 387 2360 dubito
418 2300 563 2376 quin
592 2301 921 2365 admiratus
954 2302 1073 2375 sis,
1115 2302 1213 2379 'yet
1247 2304 1412 2377 quod
1442 2304 1520 2364 de
1553 2304 1718 2366 nullo
1747 2303 1868 2365 alio
1897 2301 2242 2377 quisquam,

178 2386 275 2441 vel
311 2385 479 2457 quod
510 2386 595 2457 is,
638 2384 742 2460 qui
782 2384 842 2445 in
874 2386 1088 2448 endem
1118 2401 1309 2447 eausa
1339 2385 1586 2459 fuisset,
1630 2388 1726 2447 vel
1769 2384 2058 2461 quidnam
2097 2382 2243 2445 novi

176 2466 429 2526 sceleris
444 2469 732 2529 adferret.
760 2467 979 2529 Scelus
992 2478 1059 2529 tu
1074 2470 1219 2530 illud
1236 2485 1448 2539 vocas,
1459 2467 1742 2531 Tubero?
1763 2468 1924 2533 Qut?
1946 2465 2065 2525 isto
2083 2462 2242 2523 enim

174 2548 419 2609 nomine
443 2549 550 2611 illa
582 2549 785 2611 adhuc
814 2566 1003 2611 eausa
1032 2548 1242 2611 caruit.
1329 2548 1450 2611 Alii
1479 2566 1746 2615 errorem
1776 2550 2106 2623 appellant,
2141 2545 2239 2607 alii

174 2630 480 2692 timorem=
512 2633 614 2707 qui
639 2632 869 2708 durius,
900 2650 1095 2709 spem,
1124 2632 1534 2709 cupiditatem,
1565 2634 1791 2706 odium,
1821 2630 2243 2706 pertinaciamz

174 2712 281 2788 qui
308 2714 701 2789 gravissime,
740 2718 1163 2779 temeritatem
1191 2718 1400 2781 scelus
1429 2724 1669 2791 praeter
1715 2724 1772 2775 te
1815 2713 2014 2776 adhue
2044 2726 2242 2776 nemo.

172 2800 269 2855 Ac
308 2794 455 2857 mibi
496 2796 775 2871 quidem,
807 2798 865 2859 si
907 2798 1221 2873 proprium·
1261 2806 1326 2861 et
1370 2815 1582 2861 verum
1629 2814 1848 2859 nomen
1880 2796 2072 2860 nostri
2104 2793 2243 2855 mali

174 2878 517 2954 quaeritur,
550 2879 750 2942 fatalis
782 2882 1085 2955 quaedam
1113 2880 1424 2944 calamitas
1453 2880 1748 2944 incidisse
1783 2879 2020 2943 videtur
2049 2888 2110 2939 et
2137 2881 2244 2937 im-

170 2963 465 3037 providas
492 2961 803 3023 hominum
830 2971 1067 3026 mentes
1110 2963 1521 3039 occupavisse
1539 3010 1554 3037 ,
1598 2972 1666 3028 ut
1699 2980 1878 3029 nemo
1909 2960 2109 3028 mirari
2139 2963 2243 3023 de·

171 3046 316 3105 beat
339 3045 606 3107 hmnana
632 3044 893 3107 consilia
922 3045 1129 3108 divina
1157 3046 1526 3111 necessi-tate
1567 3062 1710 3111 esse
1749 3052 2058 3123 superata.
2143 3042 2244 3107 18.

170 3127 381 3189 Liceat
401 3145 545 3190 esse
577 3127 873 3191 ‚miserosss
918 3146 1286 3205 quamquam
1328 3130 1446 3191 hoc
1492 3132 1724 3192 victore
1759 3146 1908 3194 esse
1947 3146 2066 3193 non
2100 3143 2240 3203 pos-

172 3226 407 3271 sumus.
494 3211 620 3273 Sed
648 3228 770 3273 non
800 3213 1025 3288 loquor
1053 3214 1131 3273 de
1160 3214 1369 3275 nobis=
1415 3214 1493 3275 de
1525 3213 1646 3277 iltis
1677 3215 1910 3289 loquor,
1943 3211 2050 3286 qui
2083 3208 2244 3273 occi·

176 3292 411 3354 derunt.
479 3294 731 3358 Fuerint
758 3296 985 3371 cupidi,
1017 3295 1244 3359 tuerint
1269 3296 1422 3370 irati,
1454 3297 1674 3359 fuerint
1704 3294 2082 3371 pertinacem
2113 3308 2244 3355 sce-

172 3372 319 3435 leris
350 3392 495 3437 vero
521 3376 792 3453 crimine,
824 3378 1063 3451 suroris,
1095 3379 1402 3457 parricidii
1435 3379 1612 3443 liceat
1637 3378 1746 3441 Cn.
1769 3376 2058 3455 Pompeio
2089 3392 2242 3440 mor·
