2459 3817
776 119 939 179 CAP.
974 128 1242 183 38—41.
1288 126 1340 187 S.
1371 128 1670 182 99--106-
2133 124 2260 191 253

182 267 629 347 perstrinxisti,
687 278 753 331 ut
801 269 1077 332 florentis
1130 272 1408 332 colmiae
1455 266 1824 329 territorium
1862 268 2256 333 minueretur.

182 352 337 415 103.
380 352 479 411 Ab
518 352 635 414 hac
668 352 1133 428 perturbatione
1172 352 1540 427 religionum
1573 351 1833 412 advolas
1879 351 1946 410 in
1981 352 2064 412 M.
2105 354 2258 415 Var-

158 437 391 505 ronis,
424 435 794 499 sanctissimi
822 444 1005 512 atque
1032 436 1401 511 integerrimi
1424 436 1571 508 viri,
1604 436 1858 495 fundum
1887 436 2257 499 Casinatem.

174 519 323 591 Quo
370 517 545 581 iure?
598 536 726 594 quo
768 527 917 579 ore?
968 520 1235 593 Eodem,
1279 519 1550 595 inquieS,
1595 536 1718 593 quo
1759 518 1822 577 in
1857 518 2152 579 heredum
2191 520 2258 579 L.

176 596 435 674 Rubrii,
467 618 591 675 quo
616 603 683 662 in
715 602 1007 663 heredum
1037 604 1103 663 L.
1138 604 1393 663 Turselii
1424 602 1707 678 praedia,
1742 618 1866 677 quo
1895 601 1959 661 in
1989 603 2260 679 reliquas

178 684 663 747 innumerabiles
709 687 1167 761 possessiones.
1237 687 1314 747 Et
1355 686 1408 747 si
1451 685 1528 745 ab
1569 685 1775 757 hasta,
1818 686 2019 746 valeat
2061 687 2258 759 hasta,

178 769 435 829 valeant
460 768 733 843 taeniae,
774 771 961 831 modo
992 770 1302 841 Caesaris,
1350 783 1472 828 non
1509 776 1678 838 tuae,
1725 768 1947 841 quibus
1979 769 2260 845 debuisti,

178 866 313 911 non
370 850 592 925 quibus
649 861 717 913 tu
756 859 815 911 te
855 852 1204 912 liberavisti.
1292 848 1587 910 Varronis
1629 848 1876 923 quidem
1917 850 2259 913 Casinatem

178 934 446 995 fundum
498 933 637 1007 quis
677 934 927 994 venisse
966 933 1157 995 dicit?
1220 935 1358 1007 quis
1399 932 1634 993 hastam
1673 931 1850 992 istius
1893 932 2258 995 venditionis

179 1013 382 1075 vidit?
416 1016 555 1089 quis
575 1030 795 1074 vocem
817 1016 1143 1089 praeconis
1167 1014 1440 1076 audivit?
1471 1015 1718 1076 Misisse
1737 1015 1972 1076 tedicis
1997 1018 2254 1077 Alexan·

179 1098 403 1158 dream
426 1096 533 1169 qui
548 1105 785 1159 emeret
806 1113 843 1157 a
866 1097 1147 1159 Caesare.
1182 1098 1392 1173 Ipsum
1415 1096 1576 1157 enim
1597 1104 1960 1171 exspectare
1973 1115 2260 1175 mag-num

178 1178 322 1240 fuit.
361 1177 502 1240 104.
544 1178 693 1252 Quis
725 1196 871 1241 vero
903 1180 1137 1241 audivit
1164 1196 1455 1255 umquam
1482 1214 1566 1225 -
1610 1179 1832 1240 nullius
1864 1188 2062 1241 autem
2091 1184 2258 1244 salus

184 1277 377 1323 curae
420 1262 696 1336 pluribus
728 1264 842 1325 fuit
874 1294 959 1307 --
995 1264 1073 1323 de
1112 1264 1372 1325 fortunis
1399 1262 1698 1324 Varronis
1743 1280 1871 1323 rem
1898 1265 2084 1324 ullam
2117 1282 2260 1327 esse

178 1346 565 1406 detractam?
602 1346 801 1419 Quid?
830 1345 895 1407 si
921 1346 1101 1407 etiam
1134 1346 1385 1421 scripsit
1413 1348 1490 1407 ad
1519 1356 1578 1408 te
1601 1347 1826 1407 Caesar
1851 1356 1919 1408 ut
1945 1348 2257 1422 reddereS,

178 1426 341 1503 quid
382 1430 535 1489 satis
578 1436 783 1504 potest
812 1429 933 1490 dici
960 1430 1041 1491 de
1064 1438 1233 1491 tanta
1260 1429 1680 1507 impudentia?
1720 1432 1992 1493 Remove
2021 1432 2260 1506 gladios

180 1526 522 1586 parumper
551 1513 719 1587 illae,
756 1528 917 1589 quos
952 1514 1260 1575 videmus!
1313 1515 1434 1575 iam
1467 1512 1770 1588 intelliges
1799 1516 1978 1575 aliam
2010 1530 2260 1577 causam

180 1608 336 1654 esse
376 1594 591 1654 hastae
621 1595 931 1669 CaesariS,
974 1595 1153 1656 aliam
1194 1595 1601 1657 confidentiae
1632 1605 1692 1655 et
1720 1596 2069 1658 temeritatis
2098 1606 2239 1659 tuae

180 1676 324 1735 Non
353 1674 511 1733 enim
542 1684 605 1735 te
630 1678 912 1737 dontinus
940 1679 1126 1738 modo
1155 1679 1275 1738 illis
1309 1678 1592 1749 sedibuS‚
1622 1679 1738 1737 sed
1776 1678 1977 1753 quivis
2003 1678 2258 1756 amicuS,

180 1756 465 1831 vicinuS,
494 1756 759 1833 hospeS,
800 1768 1162 1833 procurator
1188 1761 1436 1821 arcebit.
1523 1760 1670 1819 XLI.
1715 1763 1797 1820 At
1827 1774 2010 1835 quam
2039 1765 2256 1823 multos

182 1838 329 1901 dies
372 1840 435 1899 in
486 1857 560 1901 ea
595 1841 735 1901 villa
764 1840 1114 1917 turpissime
1143 1852 1239 1903 est
1265 1842 1737 1917 perbacchatus!
1781 1844 1878 1902 Ab
1907 1844 2060 1904 hora
2085 1845 2262 1907 tertia

181 1922 537 1996 bibebatur,
574 1925 925 1998 ludebatur,
956 1925 1330 1987 vomebatur.
1377 1924 1424 1985 Ο
1454 1933 1614 1987 tecta
1641 1925 1780 2000 ipsa
1798 1924 2051 2000 misera,
2082 1945 2261 2003 quam

176 2008 429 2083 dis-pon·
467 2006 736 2070 domino!
791 2010 1167 2084 Quamquam
1212 2024 1335 2084 quo
1377 2010 1561 2071 modo
1604 2007 1720 2069 iste
1766 2008 2094 2071 dominus?
2136 2010 2261 2071 Sed

183 2098 391 2149 tamen
425 2107 607 2165 quam
638 2093 715 2152 ab
744 2091 976 2168 dispari
1004 2091 1393 2153 tenebantur!
1435 2091 1788 2156 Studiorum
1818 2092 1978 2153 enim
2006 2108 2258 2155 suorum

185 2173 389 2235 Varro
436 2175 627 2235 voluit
664 2174 842 2249 illud,
886 2192 1007 2236 non
1042 2174 1355 2237 libidinum
1385 2174 1822 2237 deversorium.
1912 2172 2052 2237 105.
2093 2178 2260 2251 Quae

186 2256 255 2315 in
285 2256 387 2315 illa
412 2257 557 2316 vilia
580 2266 759 2319 antea
781 2258 1167 2319 dicebantur!
1202 2275 1363 2333 quae
1385 2258 1832 2335 cogitabantur!
1867 2274 2026 2333 quae
2046 2258 2258 2321 litteris

186 2337 661 2399 mandabantur!
725 2342 865 2403 Iura
916 2342 1131 2418 populi
1174 2341 1461 2415 Romani,
1509 2350 1904 2405 monumenta
1944 2343 2256 2417 maiorum,

179 2418 393 2481 omnis
422 2421 761 2495 sapientiae
790 2424 945 2485 ratio
990 2426 1315 2501 omnisque
1344 2427 1678 2487 doctrinae.
1742 2431 1825 2488 At
1877 2444 2022 2488 vero
2066 2436 2127 2489 te
2165 2426 2256 2487 in-

183 2502 425 2578 quilino
454 2536 539 2551 --
565 2522 686 2567 non
726 2508 886 2567 enim
928 2508 1177 2571 domino
1210 2544 1284 2553 —
1315 2510 1733 2585 personabant
1763 2510 1966 2570 omnia
1999 2510 2257 2571 vocibus

180 2588 528 2649 ebriorum:
590 2591 879 2653 natabant
936 2592 1283 2667 pavimenta
1336 2592 1518 2655 vino!
1579 2592 1908 2655 madebant
1959 2591 2256 2666 parietes:

182 2670 440 2742 ingenui
478 2672 654 2746 pueri
696 2690 830 2734 cum
874 2676 1228 2747 meritoriis,
1284 2685 1488 2738 scorta
1529 2674 1684 2735 inter
1722 2681 1948 2732 matres
2001 2671 2256 2734 familias

182 2751 607 2814 versabantur.
652 2755 873 2817 Casino
898 2758 1222 2819 salutatum
1246 2758 1586 2829 veniebant,
1609 2755 1874 2832 Aquino,
1898 2756 2256 2817 Interamna.

181 2832 525 2897 Admissus
562 2845 659 2897 est
701 2854 900 2899 nemo.
966 2840 1103 2898 Iure
1142 2840 1206 2898 id
1238 2839 1504 2912 quidem.
1568 2839 1636 2898 In
1665 2838 1908 2899 homine
1939 2840 2099 2899 enim
2132 2848 2259 2900 tur-

185 2916 449 2993 pissimo
497 2919 941 2981 obsolefiebant
978 2920 1288 2995 dignitatis
1330 2920 1609 2996 insignia.
1700 2919 1837 2983 106.
1880 2920 2074 2997 Quum
2117 2922 2259 2983 inde

184 3001 446 3065 Romam
504 3002 908 3077 proficiscens
960 3004 1041 3063 ad
1079 3002 1392 3080 Aquinum
1445 3006 1792 3078 accederet,
1855 3006 1936 3067 ob
1997 3006 2157 3067 viam
2197 3003 2257 3067 ei

187 3085 525 3160 processit,
570 3094 635 3147 ut
676 3096 773 3148 est
812 3088 1103 3164 frequens
1147 3086 1571 3167 municipium,
1615 3106 1835 3166 mag-na
1877 3106 2027 3151 sane
2060 3087 2252 3151 multi-

188 3166 359 3228 tudo.
426 3170 511 3230 At
547 3169 663 3232 iste
695 3178 909 3246 operta
941 3170 1157 3235 lectica
1182 3174 1346 3235 latus
1380 3190 1494 3250 per
1519 3173 1813 3252 oppidum
1841 3180 1964 3245 est,
2005 3180 2070 3233 ut
2097 3188 2254 3234 mor·

189 3256 353 3312 tuus.
422 3252 615 3315 Stulte
642 3254 1014 3331 Aquinatem
1062 3256 1173 3317 sed
1202 3265 1401 3319 tamen
1438 3258 1498 3317 in
1532 3257 1633 3319 via
1665 3254 2032 3317 habitabant.
2099 3253 2256 3331 Quid

184 3332 535 3409 Anagnini?
576 3336 716 3410 Qui,
761 3356 947 3414 quum
979 3349 1189 3403 essent
1219 3340 1411 3413 devii,
1446 3340 1926 3410 descenderunt,
1959 3350 2024 3401 ut
2052 3338 2253 3410 istum,
