2459 3817
236 139 312 204 lO
834 145 983 208 PRO
1016 145 1079 202 P.
1114 143 1364 203 SULLA
1397 140 1698 202 ORATIO.

238 304 361 358 tam
390 294 599 369 elaris,
644 301 765 354 tam
796 291 1262 366 immortalibus,
1312 292 1576 365 iudices,
1621 291 1742 352 hoo
1772 305 2030 367 possum
2071 289 2298 368 dicere,

239 397 356 454 me,
392 380 494 454 qui
524 394 603 437 ex
637 375 888 436 summis
919 375 1207 450 perieulis
1239 375 1562 450 eripuerim
1591 376 1800 435 urbem
1835 374 1992 434 hane
2021 382 2082 434 et
2111 374 2300 435 vitam

236 461 509 522 omnium
530 457 771 529 civium,
804 458 953 518 satis
982 460 1269 534 adeptum
1295 460 1444 531 fore,
1477 457 1530 518 si
1559 474 1638 517 ex
1658 457 1778 517 hoe
1807 465 1972 519 tanto
1995 456 2056 516 in
2083 473 2300 518 omnes

238 543 523 602 mortales
555 539 853 601 beneficio
896 541 1123 601 nullum
1165 543 1223 600 in
1254 558 1351 601 me
1391 540 1726 615 periculum
1767 540 2138 601 redundarit.
2195 539 2300 602 28.

236 623 474 684 Etenim
502 622 565 682 in
607 640 729 698 qua
771 622 1015 684 civitate
1048 641 1149 684 res
1188 631 1387 685 tantas
1421 623 1718 697 gesserim
1751 623 2022 682 memini=
2076 622 2136 682 in
2177 641 2300 698 qua

238 708 390 768 urbe
429 721 641 767 verser
681 705 971 782 intelligo.
1050 706 1298 767 Plenum
1343 707 1538 766 sorum
1583 715 1679 767 est
1717 722 1929 766 eorum
1969 704 2299 782 hominum,

238 807 399 866 quos
432 805 549 865 ego
582 806 621 850 a
658 791 881 851 vestris
922 790 1265 851 cervicibus
1307 787 1545 863 depuli,
1593 788 1858 862 iudices„
1908 805 1946 848 a
1979 787 2131 848 meis
2173 807 2298 850 non

238 873 492 933 removi.
573 872 705 934 Nisi
736 889 905 934 vero·
922 889 1159 948 paucos
1188 872 1382 934 fuisse
1417 870 1786 932 arbitramini
1816 871 1921 946 qui
1953 871 2162 933 conari
2195 880 2302 934 aut

207 955 491 1032 ‘sperare
526 961 783 1031 possent
813 972 881 1016 se
918 964 1147 1017 tantum
1186 953 1506 1031 imperium
1539 971 1730 1030 posse
1765 955 1989 1014 delere.
2067 955 2298 1015 Horum

234 1056 357 1114 ego
390 1041 559 1100 faces
599 1039 835 1114 eripere
884 1040 961 1098 de
1000 1039 1282 1100 manibus
1327 1046 1387 1098 et
1425 1037 1663 1113 gladios
1697 1045 2065 1112 extorquere
2108 1037 2296 1112 potui,

242 1121 420 1184 sicuti
451 1122 586 1195 reci,
614 1124 961 1182 voluntates
991 1139 1139 1184 vero
1178 1123 1626 1184 consceleratas
1655 1137 1728 1181 ae
1761 1121 2024 1180 nefarias
2056 1137 2172 1180 nee
2201 1136 2296 1181 sa-

240 1221 387 1266 nare
418 1206 587 1279 potui
620 1220 735 1265 nee
764 1205 995 1266 tollere.
1052 1206 1182 1280 Qua
1219 1221 1289 1264 re
1328 1220 1449 1265 non
1485 1220 1620 1264 sum
1650 1202 1896 1265 nescius
1930 1213 2157 1279 quanto
2191 1220 2297 1277 pe-

236 1287 431 1348 riculo
470 1287 674 1346 vivam
712 1287 773 1347 in
816 1295 981 1348 tanta
1024 1287 1402 1348 multitudine
1440 1287 1883 1361 improborum,
1939 1303 2124 1360 quum
2155 1285 2297 1346 mihi

238 1370 345 1431 uni
378 1385 514 1430 oum
554 1369 837 1430 omnibus
868 1369 1161 1444 improbis
1204 1379 1515 1430 aeternum
1547 1369 1786 1430 videam
1826 1370 2050 1428 bellum
2085 1385 2290 1429 susee-

241 1461 411 1527 ptum
439 1467 603 1512 esse.
658 1452 729 1510 X.
761 1451 862 1514 29.
904 1452 1079 1525 Quod
1108 1450 1161 1512 si
1189 1452 1309 1512 illis
1338 1451 1490 1511 meis
1523 1451 1846 1526 praesidiis
1871 1453 2025 1512 forte
2057 1451 2298 1512 invides

162 1581 170 1584 -
238 1543 301 1599 et
328 1535 380 1595 si
411 1551 487 1595 ea
514 1533 620 1595 tibi
649 1533 817 1607 regia
846 1534 1154 1609 videntur,
1198 1535 1365 1608 quod
1394 1550 1606 1595 omnes
1640 1533 1784 1594 boni
1819 1535 2082 1595 omnium
2111 1551 2299 1610 gene-

238 1634 371 1678 rum
399 1625 583 1692 atque
611 1617 889 1679 ordinum
920 1619 1093 1678 su‘am
1124 1619 1378 1677 salutem
1407 1633 1545 1677 eum
1577 1633 1710 1676 mea
1733 1616 2120 1693 coniungunt,
2151 1633 2300 1678 oon-

240 1703 443 1762 solare
474 1709 567 1774 te,
602 1702 770 1776 quod
798 1700 1063 1763 omniurn
1093 1710 1328 1762 mentes
1360 1701 1771 1776 improborum
1802 1699 1946 1761 mihi
1976 1700 2081 1761 uni
2107 1699 2300 1760 maxi·

238 1801 337 1845 me
367 1792 509 1846 sunt
538 1783 813 1845 infensae
844 1793 905 1845 et
938 1785 1267 1845 adversae:
1313 1782 1419 1858 qui
1458 1799 1554 1844 me
1589 1801 1709 1844 non
1728 1785 1954 1857 [modo]
1969 1785 2164 1844 solum
2202 1783 2297 1844 id·

237 1868 405 1928 eireo
437 1869 724 1942 oderunt,
768 1868 937 1944 quod
976 1883 1187 1929 eorum
1220 1876 1473 1929 conatus
1505 1867 1727 1942 impios
1760 1875 1822 1927 et
1853 1868 2117 1927 furorem
2150 1881 2295 1926 eon-

236 1953 602 2012 seeleratum
635 1949 935 2028 repressi,
981 1952 1094 2010 sed
1122 1967 1199 2012 eo
1232 1951 1410 2011 etiarn
1440 1949 1661 2024 magis,
1707 1949 1874 2025 quod
1905 1948 2048 2010 nihil
2077 1949 2196 2010 iam
2225 1965 2297 2009 se

238 2032 434 2093 simile
474 2049 571 2092 me
603 2034 745 2092 vivo
784 2032 991 2093 conari
1035 2050 1222 2107 posse
1264 2034 1641 2094 arbitrantur.
1720 2030 1820 2094 30.
1859 2035 1941 2092 At
1968 2048 2116 2093 vero
2149 2030 2295 2109 qnid

238 2133 358 2190 ego
388 2115 585 2188 mirer,
621 2114 675 2174 si
705 2114 851 2188 quid
882 2114 959 2175 ab
986 2114 1280 2190 improb-is
1313 2117 1392 2175 de
1421 2129 1516 2174 me
1544 2115 1822 2190 improbe
1843 2115 2078 2192 dieitur,
2111 2131 2296 2191 quum

237 2199 303 2257 L.
344 2199 684 2273 Torquatus
702 2242 717 2270 ,
772 2196 1027 2272 primum
1074 2197 1149 2258 iis
1205 2197 1610 2258 fundamentis
1660 2199 1796 2273 ipse
1845 2198 2297 2260 adolescentiae

237 2280 443 2354 iactis,
493 2297 566 2340 ea
606 2295 721 2354 spe
765 2281 1079 2355 proposita
1119 2280 1536 2354 amplissimae
1581 2279 1919 2356 dignitatis,
1963 2283 2185 2342 deinde
2225 2281 2292 2340 L.

232 2363 541 2438 Torquati,
564 2360 875 2423 fortissimi
890 2363 1187 2437 eonsulis,
1202 2363 1686 2425 constantissimi
1707 2364 2030 2441 senatoris,
2055 2379 2298 2439 semper

233 2445 452 2520 optimi
480 2444 653 2519 eiviS,
697 2445 878 2519 liliuS,
912 2444 1210 2506 interdum
1241 2447 1526 2508 efferatur
1551 2447 2048 2509 immoderatione
2079 2448 2296 2508 verbo—

234 2535 413 2589 rum?
463 2527 568 2602 qui
611 2546 793 2602 quum
840 2543 1180 2603 suppressa
1220 2546 1373 2592 voce
1409 2532 1486 2590 de
1525 2533 1760 2592 scelere
1799 2531 1864 2591 P.
1896 2530 2162 2602 Lentuli,
2217 2529 2298 2590 de

232 2609 495 2672 audac-ia
524 2613 973 2673 coniuratorum
1002 2612 1268 2674 omnium
1291 2608 1576 2685 dixisset,
1600 2622 1827 2674 tantum
1853 2615 2038 2674 modo
2068 2621 2134 2674 ut
2162 2625 2298 2685 voS,

238 2693 343 2770 qui
372 2711 447 2754 ea
476 2695 766 2769 probatis,
801 2695 1093 2757 exaudire
1131 2695 1416 2772 possetiS,
1453 2698 1530 2756 de
1563 2694 1866 2770 supplicio
1899 2697 1985 2774 [P.
2013 2693 2296 2771 Lentulij,

234 2779 315 2837 de
346 2793 591 2838 earcere
622 2795 844 2854 magna
882 2786 944 2840 et
984 2779 1366 2854 queribunda
1391 2794 1548 2840 voce
1578 2777 1836 2838 dicebat.
1924 2777 2026 2839 31.
2069 2779 2136 2836 In
2171 2793 2295 2848 quo

237 2858 497 2936 primum
526 2859 672 2922 illud
702 2871 831 2923 erat
858 2862 1217 2936 absurdum,
1273 2864 1469 2938 quod,
1513 2876 1698 2936 quum
1728 2876 1830 2932 ea,
1885 2874 2043 2934 quae
2085 2855 2297 2915 leviter

233 2943 501 3016 dixerat,
528 2943 709 3004 vobis
743 2946 1005 3020 probare
1036 2947 1309 3020 volebat,
1339 2962 1450 3006 eos
1479 2952 1710 3014 autem,
1753 2940 1858 3017 qui
1887 2941 2111 3001 circum
2141 2935 2286 2998 iudi-

232 3027 399 3086 dium
428 3026 697 3100 stabant,
726 3027 939 3089 audire
961 3029 1232 3100 nolebat,
1261 3045 1384 3089 non
1415 3025 1784 3100 intelligebat
1808 3040 1910 3098 ea,
1944 3039 2102 3097 quae
2130 3022 2296 3082 clare

235 3110 483 3182 diceret,
513 3109 596 3169 ita
621 3109 762 3170 illos
791 3109 1125 3184 audituroS,
1156 3111 1380 3184 quibus
1409 3127 1478 3170 se
1510 3107 1874 3182 venditabat,
1905 3113 1970 3169 ut
1997 3123 2113 3167 vos
2145 3121 2294 3182 quo-

238 3209 357 3267 que
396 3191 720 3264 audiretiS,
771 3191 876 3268 qui
916 3193 980 3252 id
1020 3209 1139 3253 non
1181 3191 1562 3268 probabatis:
1615 3191 1838 3252 deinde
1881 3193 2136 3252 alterum
2175 3188 2295 3250 iam

235 3275 495 3336 oratoris
544 3275 755 3337 vitium
809 3285 931 3336 non
982 3274 1192 3335 videre
1244 3275 1390 3350 quid
1440 3291 1723 3351 quaeque
1775 3293 1965 3338 eausa
2008 3273 2294 3351 postulet.

233 3354 391 3416 Nihil
423 3367 518 3418 est
546 3356 708 3420 enim
744 3366 862 3419 tam
894 3356 1157 3420 alienum
1184 3358 1263 3419 ab
1291 3373 1397 3432 en,
1441 3357 1546 3435 qui
1575 3360 1826 3421 alterum
1857 3353 2296 3422 coniurationis
