2459 3817
236 162 322 227 54
707 170 783 227 IN
826 169 892 241 Ω.
935 169 1351 230 CAECILIUM
1390 167 1805 229 DIVINATIO.

238 321 514 383 eiusdem
555 317 769 378 aetatis
817 324 920 377 aut
944 334 1124 378 nemo
1157 326 1263 378 aut
1287 318 1470 392 pauci
1498 320 1707 395 plures
1742 334 1964 379 causas
1994 320 2277 381 defende-

234 405 384 476 rint,
416 410 478 463 et
507 401 614 476 qui
647 416 825 460 omne
853 406 1122 475 tempus,
1167 402 1333 476 quod
1372 401 1517 461 mihi
1541 403 1619 462 ab
1648 400 1978 463 amicorum
2008 404 2265 476 negotiis

237 489 442 558 datur,
486 484 547 543 in
592 482 690 543 his
721 482 939 544 studiis
972 483 1408 563 laboribusque
1435 500 1817 556 consumam,
1863 500 1985 559 quo
2014 485 2278 557 paratior

236 570 316 629 ad
357 584 537 628 usum
578 567 884 626 forensem
923 566 1385 640 promptiorque
1426 582 1567 627 esse
1605 566 1867 642 possim:
1924 574 2155 640 tamen,
2198 569 2278 627 ita

235 651 379 710 mihi
413 651 567 709 deos
592 648 770 708 velim
793 646 1110 723 propitiOS,
1139 655 1206 709 ut
1229 666 1415 723 quum
1444 648 1604 710 illius
1634 648 1923 724 temporis
1954 648 2097 709 mihi
2118 650 2279 711 venit

235 733 297 793 in
327 741 616 803 mentem,
650 748 772 806 quo
801 729 902 791 die
931 730 1108 791 citato
1139 748 1247 795 reo
1270 730 1412 789 mihi
1435 730 1757 792 dicendum
1789 731 1895 804 sit,
1926 748 2049 792 non
2082 734 2275 793 solum

237 830 626 876 commoveor
659 812 892 885 animo,
955 813 1065 872 sed
1124 813 1304 874 etiam
1358 820 1484 874 toto
1542 830 1801 889 corpore
1854 815 2271 888 perhorresco.

233 896 335 958 42.
381 897 505 957 Iam
540 913 700 956 nune
730 903 930 956 mente
959 904 1019 955 et
1049 895 1413 969 cogitatione
1434 895 1779 971 prospicio,
1812 912 1971 971 quae
1998 904 2124 957 tum
2152 906 2273 957 stu·

238 980 341 1039 dia
375 978 716 1052 hominum,
749 980 852 1053 qui
883 994 1218 1039 concursus
1248 978 1429 1038 futuri
1456 978 1603 1052 sint,
1648 986 1930 1054 quantam
1959 988 2274 1055 exspecta-

233 1063 458 1123 tionem
472 1061 816 1135 magnitudo
839 1059 1046 1119 iudicii
1062 1060 1139 1121 sit
1150 1062 1439 1134 adlatura,
1465 1069 1746 1136 quantam
1768 1061 2109 1122 auditorum
2128 1063 2275 1122 mul-

233 1144 551 1211 titudinem
593 1142 839 1203 infamia
881 1143 942 1201 C.
980 1142 1193 1203 Verris
1237 1144 1640 1217 concitatura,
1692 1152 1975 1220 quantam
2014 1144 2277 1219 denique

237 1226 603 1289 audientiam
635 1225 893 1285 orationi
926 1233 1104 1285 meae·
1125 1225 1479 1300 improbitas
1510 1225 1671 1287 illius
1708 1228 1937 1287 factura
1969 1227 2065 1287 sit.
2109 1227 2273 1300 Quae

235 1326 422 1383 quum
444 1308 676 1384 cogito,
711 1307 831 1367 iam
859 1308 1226 1368 nunetimeo
1260 1307 1546 1384 quidnam
1574 1326 1687 1384 pro
1721 1309 2064 1371 offensione
2085 1310 2274 1369 homi-

234 1408 408 1463 num,
435 1390 539 1465 qui
558 1390 644 1449 illi
666 1389 891 1451 inimici
904 1389 1250 1464 infensique
1264 1399 1433 1463 sunt,
1458 1397 1519 1451 et
1530 1391 1989 1467 exspectatione
2012 1392 2272 1452 omnium

234 1482 296 1533 et
321 1470 727 1547 magnitudine
755 1487 955 1531 rerum
985 1471 1232 1545 dignum
1261 1472 1467 1547 eloqui
1489 1476 1741 1549 possim.
1804 1472 1905 1536 43.
1948 1475 2037 1535 Tu
2065 1475 2271 1535 horum

236 1554 382 1614 nihil
414 1553 660 1625 metuit-3,
689 1552 832 1613 nihil
864 1553 1128 1628 cogitaS,
1169 1554 1315 1619 nihil
1345 1556 1613 1617 laboras=
1674 1556 1729 1616 si
1764 1556 1911 1631 quid
1951 1573 2031 1617 ex
2068 1565 2269 1616 vetere

235 1636 442 1712 aliqua
463 1636 764 1698 oratione=
797 1636 994 1694 -Iovmu
1013 1650 1130 1695 noo
1155 1653 1417 1697 ori-nuum
1440 1654 1747 1710 qumuu,
1776 1646 1907 1699 aut:
1937 1654 2182 1710 vnum,
2216 1655 2271 1697 si

233 1735 392 1777 usai
417 1734 748 1791 rormssn‘r,
773 1732 1018 1790 mmcssS,
1048 1726 1151 1778 aut
1174 1718 1403 1793 aliquid
1429 1720 1740 1781 eiusmodi
1765 1719 2041 1781 ediscere
2062 1729 2270 1795 potue·

234 1802 351 1876 ris,
394 1802 707 1876 praeclare
734 1809 793 1861 te
821 1807 1095 1875 paratum
1138 1800 1198 1860 in
1242 1800 1531 1861 iudicium
1571 1809 1887 1863 venturum
1931 1802 2277 1862 arbitraris?

134 1936 138 1943 .
235 1886 325 1943 Ac
391 1884 445 1943 si
507 1883 614 1944 tibi
669 1892 847 1943 nemo
888 1899 1302 1959 responsurus
1358 1892 1553 1959 esset,
1612 1893 1809 1946 tamen
1870 1885 2092 1959 ipsam,
2134 1901 2274 1944 cau·

237 1981 395 2036 sam,
429 1973 494 2024 ut
523 1981 638 2039 ego
653 1964 952 2037 arbitror,
985 1966 1402 2027 demonstrare
1425 1982 1546 2035 non
1570 1982 1812 2042 posses.
1856 1963 1957 2026 44.
2000 1967 2170 2026 Nunc
2196 1982 2277 2025 ne

232 2047 384 2107 illud
419 2045 662 2121 quidem
691 2048 952 2121 cogitaS,
984 2047 1090 2107 tibi
1118 2065 1257 2108 cum
1286 2048 1528 2109 homine
1559 2048 1958 2110 disertissimo
1990 2050 2155 2108 etad
2184 2048 2275 2107 di-

236 2128 494 2188 cendum
534 2128 918 2202 paratissimo
961 2130 1222 2190 futurum
1252 2146 1394 2189 esse
1429 2139 1761 2203 certamen,
1805 2130 2047 2205 quicum
2088 2131 2273 2191 modo

235 2210 686 2282 disserendum,
723 2211 905 2271 modo
931 2210 1091 2270 omni
1118 2211 1353 2271 ratione
1380 2214 1773 2286 pugnandum
1804 2213 2277 2287 certandumque

236 2292 353 2353 sit?
401 2292 585 2353 Cuius
610 2308 725 2367 ego
758 2291 1064 2367 ingenium
1091 2291 1173 2353 ita
1201 2294 1414 2366 laude,
1456 2301 1523 2355 ut
1556 2311 1677 2356 non
1706 2294 2161 2371 pertimescam,
2192 2295 2277 2354 ita

235 2375 428 2448 probo
445 2421 461 2448 ,
506 2383 574 2435 ut
622 2390 718 2433 me
759 2374 835 2433 ab
879 2390 954 2435 eo
987 2374 1274 2435 delectari
1314 2376 1551 2437 facilius
1600 2394 1782 2453 quam
1826 2376 2027 2452 decipi
2069 2385 2275 2451 putem

234 2472 442 2530 posse.
481 2458 640 2516 xlv.
683 2457 1019 2530 Numquam
1049 2456 1148 2517 ille
1175 2474 1273 2517 me
1302 2458 1604 2533 opprimet
1629 2460 1915 2521 consilioz
1947 2475 2278 2533 numquam

234 2540 355 2597 ullo
380 2538 631 2599 artificio
660 2545 990 2613 pervertet:
1023 2556 1347 2615 numquam
1374 2540 1615 2615 ingenio
1644 2558 1742 2602 me
1770 2558 1884 2603 suo
1908 2542 2278 2617 labefactare

233 2628 416 2693 atque
457 2620 758 2680 infirmare
801 2620 1144 2682 conabitur:
1191 2622 1337 2682 novi
1382 2638 1595 2683 omnes
1635 2622 1901 2684 hominis
1948 2622 2273 2698 petitiones

231 2701 624 2777 rationesque
663 2702 933 2764 dicendi:
979 2720 1166 2778 saepe
1205 2720 1269 2763 -n
1306 2702 1553 2781 iisdem,
1608 2721 1795 2780 saepe
1842 2706 1903 2764 in
1954 2704 2275 2765 contrariis

233 2782 438 2844 causis
469 2784 693 2845 versati
723 2801 951 2845 sumus.
1011 2786 1098 2845 Ita
1131 2793 1341 2847 contra
1379 2804 1476 2847 me
1516 2788 1617 2847 ille
1656 2788 1846 2861 dicet,
1890 2786 2166 2862 quamvis
2196 2786 2280 2845 sit

232 2864 614 2939 ingeniosuS,
669 2876 731 2927 ut
782 2884 905 2928 non
956 2869 1180 2929 nullum
1229 2868 1409 2929 etiam
1449 2870 1527 2929 de
1568 2886 1680 2929 suo
1710 2868 1951 2943 ingenio
1984 2868 2277 2929 iudicium

233 2946 364 3006 fieri
391 2947 726 3011 arbitretur.
769 2946 870 3009 45.
913 2950 996 3009 Te
1017 2966 1165 3011 vero
1181 2996 1196 3024 ‚
1229 2950 1478 3024 Caecili,
1511 2953 2018 3025 quemadmodum
2048 2952 2125 3012 sit
2145 2952 2274 3009 elu-

233 3046 441 3101 surus,
499 3047 681 3104 quam
720 3031 883 3105 omni
923 3032 1156 3092 ratione
1206 3032 1567 3106 iactaturus,
1615 3032 1825 3093 videre
1864 3032 1983 3093 iam
2026 3032 2275 3092 videon

232 3112 513 3186 quotiens
541 3111 642 3172 ille
673 3112 777 3173 tibi
800 3120 1158 3188 potestatem
1182 3114 1613 3189 optionemque
1643 3117 1911 3175 facturus
1936 3114 2043 3187 sit,
2071 3121 2139 3173 ut
2164 3112 2278 3173 eli-

234 3210 344 3268 gas
374 3200 573 3255 utrum
601 3194 784 3269 velis,
831 3196 1052 3256 sactum
1079 3210 1223 3257 esse
1254 3213 1464 3270 necne,
1493 3213 1704 3258 verum
1734 3213 1878 3257 esse
1906 3213 1985 3255 an
2028 3195 2275 3268 falsum,

229 3282 426 3336 utrum
447 3275 707 3350 dixeris,
738 3276 802 3337 id
833 3286 1040 3340 contra
1061 3286 1121 3339 te
1149 3279 1432 3339 futurum.
1489 3276 1601 3351 Q‘ui
1624 3278 1729 3338 tibi
1756 3287 1962 3339 aestus
1978 3322 1994 3349 ,
2036 3275 2143 3352 qui
2176 3292 2275 3336 er-

231 3372 360 3430 ror,
405 3375 563 3437 quae
604 3361 918 3424 tenebrae.
961 3359 1024 3419 di
1069 3360 1469 3421 immortales!
1514 3367 1716 3433 erunt,
1757 3359 1985 3421 homini
2026 3357 2281 3418 minime
