2459 3817
232 108 273 172 6
842 111 989 174 PRO
1022 112 1083 169 P.
1121 111 1374 172 SULLA
1404 111 1705 174 ORATIO.

240 271 363 325 tum
390 278 535 323 esse
564 260 809 323 diceret.
896 259 1020 322 Sed
1054 277 1171 336 ego
1200 261 1474 324 nondum
1504 271 1644 324 utor
1679 262 1796 323 hac
1825 277 1984 324 voce
2011 262 2091 323 ad
2131 263 2315 325 hune

238 345 719 408 defendendum=
746 343 828 404 ad
858 345 1242 420 purgandum
1271 361 1368 406 me
1403 346 1606 420 potius
1637 353 1790 420 utar,
1823 354 1892 408 ut
1918 345 2120 406 mirari
2147 347 2310 408 Tor-

238 437 459 503 quatus
482 427 721 488 desinat
744 441 858 498 me,
892 427 997 501 qui
1016 427 1314 489 Autronio
1335 444 1462 490 non
1487 428 1803 503 adfuerim,
1827 428 2056 489 Sullam
2083 431 2308 492 defen·

238 513 403 572 dere.
490 508 589 570 15.
629 509 801 583 Quae
830 509 993 570 enim
1022 509 1134 572 l'uit
1154 511 1434 574 Autronii
1465 519 1696 572 causat
1735 529 1895 588 quae
1923 511 2132 573 Sullae
2159 521 2310 576 estu

235 594 343 652 Ille
376 591 637 653 ambitus
676 590 966 654 iudicium
997 595 1206 654 tollere
1237 611 1310 656 ae
1343 595 1686 657 disturbare
1727 594 1984 671 primum
2025 594 2304 658 conflato

236 673 428 736 voluit
458 674 859 749 gladiatomm
886 693 960 737 ae
994 675 1386 752 fugitivorum
1413 681 1698 750 tumultu,
1737 677 1992 749 deinde,
2025 677 2087 737 id
2123 679 2330 754 quod·

235 755 499 818 vidimus
538 775 785 833 omnes,
816 759 1189 834 lapidatione
1226 769 1415 836 atque
1455 777 1792 823 eomeursuz
1839 760 2035 830 Sulla,
2081 760 2136 820 si
2171 760 2302 822 eibi

236 857 389 902 suus
420 842 620 916 pudor
652 858 724 904 ae
751 841 1011 918 dignitas
1047 859 1167 904 non
1212 845 1570 919 prodesset,
1611 845 1841 906 nullum
1877 841 2172 904 auxilium
2193 859 2298 904 re-

238 922 505 999 quisivit„
570 927 678 988 llle
706 926 1027 988 damnatus
1052 925 1136 987 ita
1160 943 1238 987 se
1271 928 1522 1002 gerebat
1545 943 1669 988 non
1699 928 1896 988 solum
1929 924 2208 987 consiliis
2235 936 2303 988 et

236 1007 653 1082 sermonibus,
690 1025 898 1070 verum
942 1010 1124 1071 etiam
1157 1019 1414 1085 aspectu
1453 1018 1636 1086 atque
1664 1012 1869 1082 vultu,
1907 1016 1975 1070 ut
2013 1007 2300 1070 inimieus

234 1107 377 1152 esse
412 1090 805 1166 amplissimis
834 1091 1182 1168 ordinibus,
1222 1093 1486 1154 infestus
1519 1092 1698 1154 bonis
1741 1093 2053 1164 omnibus,
2095 1091 2298 1154 hostis

232 1174 467 1250 patriae
498 1175 833 1236 videretur:
872 1177 969 1236 hie
1000 1193 1071 1237 se
1100 1175 1183 1236 ita
1210 1177 1466 1238 fractum
1491 1175 1596 1236 illa
1617 1176 1955 1237 calamitate
1977 1182 2160 1250 atque
2185 1175 2297 1234 ad-

230 1255 463 1320 flictum
492 1258 756 1332 putavit,
801 1265 869 1319 ut
909 1258 1054 1318 nibil
1084 1258 1201 1318 sibi
1232 1275 1312 1319 ex
1339 1259 1596 1334 pristina
1628 1257 1919 1334 dig-nitate
1959 1273 2298 1331 superesse

233 1339 653 1412 arbitraretur,
695 1338 814 1400 nisi
848 1342 1016 1414 quod
1048 1339 1350 1402 modestia
1387 1341 1755 1403 retinuisset.
1843 1339 1942 1402 16.
1985 1341 2113 1400 Hae
2141 1356 2294 1400 vero

231 1422 293 1481 in
326 1421 745 1483 coniuratione
774 1421 921 1497 quid
951 1429 1071 1482 tam
1100 1422 1488 1485 coniunctum
1519 1413 1698 1499 quam
1729 1425 1830 1484 ille
1857 1439 1994 1484 eum
2023 1420 2294 1495 Catilina,

234 1520 374 1565 eum
400 1505 701 1564 Lentulo?
746 1521 907 1579 quae
940 1513 1103 1566 tanta
1132 1505 1398 1567 societas
1437 1507 1578 1567 ullis
1611 1505 1766 1568 inter
1804 1523 1874 1568 se
1901 1521 2103 1566 rerum
2132 1503 2292 1580 opti-

230 1669 525 1746 flagitium
568 1672 861 1732 Lentulus
904 1688 1027 1732 non
1069 1688 1211 1732 eum
1243 1673 1540 1733 Autronio
1583 1671 1913 1747 conceptu
1959 1671 2126 1745 quod
2152 1669 2291 1730 sine

232 1756 451 1816 eodem
476 1754 581 1816 illo
618 1754 869 1816 Catilina
898 1755 1135 1817 facinus
1164 1755 1452 1816 admisit?
1479 1771 1666 1830 quum
1697 1753 1934 1816 interim
1955 1753 2126 1814 Sulla
2153 1769 2290 1814 eum

234 1837 465 1900 eisdem
488 1838 609 1900 illis
630 1856 751 1900 non
780 1841 965 1900 modo
997 1847 1240 1900 noctem
1269 1838 1780 1913 solitudinemque
1803 1853 1926 1898 non
1951 1845 2288 1910 quaereret,

232 1922 347 1982 sed
376 1938 453 1981 ne
482 1920 773 1982 mediocri
804 1923 1049 1997 quidem
1094 1939 1380 1983 sermone
1423 1929 1486 1982 et
1512 1937 1850 1996 congressu
1895 1918 2291 1994 coniungere-

234 2013 346 2063 tur.
436 2001 535 2064 17.
573 2005 746 2066 Illum
778 2005 1178 2080 Allobroges,
1218 2004 1614 2064 maximarum
1641 2020 1842 2064 rerum
1871 2001 2173 2062 verissimi
2203 2001 2290 2061 in-

233 2085 425 2157 dice-⁰1,
448 2085 614 2146 illum
636 2087 959 2148 multorum
989 2089 1221 2148 litterae
1253 2102 1328 2146 ae
1361 2086 1551 2147 nuntii
1595 2093 2028 2161 coarguet-unu
2063 2085 2292 2146 sullam

232 2167 465 2231 interea
498 2185 677 2228 nemo
712 2169 1097 2241 insimulavit,
1130 2185 1309 2228 nemo
1339 2168 1688 2229 nominavit.
1731 2169 2062 2240 Postremo,
2093 2166 2288 2229 eiecto

236 2252 368 2312 sive
398 2250 625 2312 emisso
660 2250 781 2310 iam
811 2267 889 2310 ex
919 2253 1069 2312 urbe
1090 2250 1362 2323 Catilina,
1387 2250 1488 2310 ille
1515 2267 1686 2312 arma
1715 2247 1898 2326 misit,
1917 2267 2164 2322 cornua,
2200 2259 2286 2311 tu-

234 2333 379 2404 bas,
423 2335 657 2404 fasces,
690 2331 1220 2408 signassegionisJ:
1240 2332 1342 2393 ille
1369 2333 1617 2394 relictus
1654 2332 1852 2405 intus,
1897 2339 2288 2408 exspectatus

234 2414 415 2486 roris,
457 2413 694 2474 Lentuli
743 2431 944 2488 poena
984 2431 1382 2489 compressus
1411 2416 1712 2477 convertit
1749 2432 1822 2477 se
1849 2415 2178 2491 aliquando
2207 2415 2284 2474 ad

232 2497 527 2569 timorem,
560 2513 891 2571 numquam
919 2497 999 2558 ad
1028 2498 1374 2559 sanitatem=
1419 2497 1518 2560 hie
1561 2507 1770 2560 contra
1805 2496 1892 2558 ita
1923 2497 2180 2573 quievit,
2221 2505 2288 2557 ut

232 2596 311 2639 eo
340 2587 614 2654 tempore
644 2580 807 2640 omni
835 2580 1089 2656 Neapoli
1132 2581 1341 2654 fuerit,
1381 2581 1488 2643 ubi
1533 2597 1736 2656 neque
1776 2579 2057 2642 homines
2095 2577 2287 2642 fuisse

234 2669 520 2736 putantur
550 2661 731 2724 huius
772 2665 1007 2724 adfines
1046 2661 1408 2739 suspitionis
1451 2673 1513 2725 et
1532 2665 1706 2725 loeus
1736 2671 1832 2724 est
1853 2663 1990 2737 ipse
2017 2679 2142 2724 noa
2162 2669 2286 2722 tam

234 2745 313 2803 ad
347 2743 815 2808 inflammandos
844 2747 1337 2809 calamitosorum
1376 2747 1614 2808 animos
1645 2763 1828 2822 quam
1860 2748 1938 2830 ad
1965 2747 2285 2806 consolan-

234 2826 353 2887 dos
375 2831 894 2893 accommodatus.
965 2833 1069 2892 VI.
1110 2831 1368 2907 Propter
1393 2831 1550 2890 hane
1571 2829 1752 2906 igitur
1775 2837 2001 2892 tantam
2027 2826 2285 2888 dissimi-

236 2909 548 2972 litudinem
576 2913 887 2975 hominum
916 2923 1101 2991 atque
1130 2909 1452 2977 causarum
1495 2912 1850 2973 dissimilem
1894 2929 1994 2972 me
2033 2911 2096 2974 iu
2125 2919 2282 2971 utm-

138 3027 157 3046 ·
238 3009 360 3068 que
392 2996 664 3068 praebui.
751 2995 851 3059 18„
894 2997 1196 3058 Veniebat
1237 2999 1397 3058 enim
1440 2997 1520 3056 ad
1559 3011 1656 3056 me
1681 3002 1750 3056 et
1789 3010 1978 3069 saepe
2009 2992 2284 3054 veniebat

234 3075 591 3152 Autronius,
620 3079 821 3140 multis
852 3095 989 3140 eum
1022 3078 1322 3154 tacrimis,
1341 3080 1638 3153 supplex,
1676 3084 1744 3136 ut
1765 3093 1836 3138 se
1877 3077 2282 3147 defenderem,

235 3169 299 3220 et
326 3177 396 3222 se
425 3177 622 3222 meum
656 3161 1143 3236 eondiscipuiam
1182 3161 1242 3219 in
1276 3158 1561 3235 pueritia,
1606 3158 1959 3220 familiarem
1991 3159 2050 3220 in
2079 3158 2279 3219 adele-

236 3243 486 3316 scentia,
514 3245 807 3319 collegam
834 3243 897 3302 in
934 3250 1263 3318 quaestura
1289 3242 1803 3309 eommemorabat
1843 3243 2067 3302 fuissez
2102 3241 2277 3302 multa

235 3337 369 3382 mea
390 3324 450 3383 in
474 3343 562 3398 se,
593 3341 715 3385 non
737 3325 909 3392 -nulla
937 3322 1116 3383 etiam
1148 3323 1344 3383 suain
1373 3339 1472 3383 me
1503 3324 1850 3396 proferebat
1881 3323 2104 3384 officia.
2148 3320 2278 3396 Qui-
