2459 3817
174 154 294 221 164
665 154 742 215 ΙΝ
782 155 844 215 C.
886 156 1215 215 VERREM
1241 154 1408 215 AcT.
1441 155 1511 213 11.
1553 154 1698 215 LlB.
1731 152 1809 216 V.

172 304 627 383 Agyrinenses,
671 303 1064 381 Tyndaritani
1099 304 1344 381 publice
1385 304 1624 387 dicunt:
1675 313 1814 366 tuus
1861 302 2128 379 denique
2157 312 2242 367 te-

174 390 316 462 stis,
349 398 487 450 tuus
517 388 874 464 imperator,
918 397 1060 449 tuus
1090 390 1400 462 aemuluS,
1444 395 1583 448 tuus
1615 387 1847 463 hospes
1885 387 2244 449 Cleomenes

172 470 291 531 hoc
322 471 499 546 dicit,
536 486 676 532 sese
708 470 767 530 iu
807 481 1024 534 terram
1052 486 1193 531 esse
1229 486 1576 547 egressum,
1617 478 1684 530 ut
1714 470 2004 547 Pachyno
2055 488 2090 531 e
2127 480 2242 531 ter·

174 552 351 613 restri
382 552 691 628 praesidio
727 552 949 614 milites
984 552 1328 628 colligeret,
1369 570 1528 627 quos
1568 551 1630 612 in
1674 552 1935 614 navibus
1980 556 2242 615 colloca·

172 643 281 696 ret.
350 637 527 709 Quod
576 646 739 697 certe
782 653 905 697 non
942 635 1223 709 fecisset,
1271 636 1325 695 si
1359 653 1538 697 suum
1571 652 1885 696 numerum
1919 652 2108 697 naves
2138 639 2241 697 ha-

170 718 414 779 berent=
447 736 522 780 ea
545 727 639 780 est
666 717 827 780 enim
856 720 1008 779 ratio
1041 720 1468 780 instructarum
1495 728 1962 795 ornatarumque
1979 718 2243 794 navium,

172 809 387 863 utnon
415 803 597 863 modo
630 804 857 878 plureS,
894 802 1005 861 sed
1038 818 1115 862 ne
1140 800 1363 877 singuli
1387 801 1635 878 quidem
1659 804 1902 877 possint
1924 804 2240 865 accedere.

172 882 313 947 134.
376 884 526 945 Dico
559 894 877 961 praeterea
911 884 1049 945 illos
1076 884 1252 960 ipsos
1287 884 1561 959 reliquos
1593 894 1809 945 nautas
1855 887 2013 947 rame
2058 893 2243 961 atque

173 967 381 1042 inopia
412 984 615 1028 rerum
649 968 915 1030 omnium
948 970 1262 1047 confectos
1301 968 1490 1029 luisse
1529 983 1602 1027 ac
1631 966 1936 1042 perditosz
1968 966 2106 1028 dico
2139 976 2243 1029 aut

174 1067 387 1111 omnes
418 1059 592 1111 extra
616 1054 859 1127 culpam
894 1051 1085 1111 fuisse
1116 1057 1248 1123 aut,
1291 1051 1344 1111 si
1373 1052 1475 1111 uni
1506 1050 1887 1111 attribuenda
1921 1053 2103 1127 culpa
2145 1051 2241 1126 sit,

171 1132 233 1192 in
264 1151 339 1194 eo
376 1133 698 1194 maximam
731 1132 944 1207 fuisse,
977 1135 1080 1209 qui
1113 1132 1402 1208 optimam
1432 1150 1669 1207 navem,
1696 1132 1991 1209 plurimos
2026 1143 2240 1195 nautas

171 1215 450 1288 haberet,
510 1233 810 1277 summum
868 1215 1187 1291 imperium
1249 1217 1576 1287 obtineret,
1633 1224 1766 1291 aut,
1822 1218 1875 1277 si
1921 1233 2134 1277 omnes
2179 1218 2238 1276 in

176 1301 357 1374 culpa
390 1298 641 1371 ruerint,
688 1317 809 1361 non
857 1300 1208 1375 oportuisse
1247 1299 1630 1363 Cleomenem
1673 1298 1958 1360 constitui
2004 1308 2241 1374 specta·

176 1390 371 1445 torem
412 1381 649 1442 illorum
691 1382 903 1443 mortis
946 1391 1132 1458 atque
1175 1382 1502 1443 cruciatus.
1570 1382 1720 1443 Dico
1766 1382 1944 1453 etiam
1993 1380 2052 1442 in
2101 1384 2240 1456 ipso

178 1464 482 1538 supplicio
514 1467 859 1524 mercedem
900 1465 1315 1539 lacrimarum,
1357 1466 1702 1526 mercedem
1749 1463 2017 1526 vulneris
2058 1474 2241 1538 atque

174 1546 411 1622 pla'gae,
437 1548 779 1608 mercedem
806 1546 1033 1607 funeris
1054 1564 1126 1607 ac
1150 1549 1504 1622 sepulturae
1526 1547 1812 1610 constitui
1835 1549 2007 1609 nefas
2031 1547 2243 1608 fuisse.

177 1630 317 1691 135.
378 1629 764 1706 Quapropter
816 1630 869 1692 si
926 1628 1069 1690 mihi
1120 1633 1501 1706 respondere
1552 1633 1756 1702 voleS,
1821 1632 1973 1691 haec
2024 1631 2240 1692 dicito=

175 1715 440 1774 classem
474 1711 826 1775 instructam
858 1721 1041 1789 atque
1074 1721 1347 1773 ornatam
1384 1714 1607 1787 fuisse,
1643 1716 1873 1775 nullum
1895 1729 2242 1789 propugna-

175 1805 367 1858 torem
418 1792 686 1870 afuisse,
733 1798 960 1858 nullum
1011 1813 1272 1857 vacuum
1324 1804 1578 1858 tractum
1618 1814 1760 1858 esse
1800 1812 2066 1869 remum,
2113 1814 2243 1858 rem

176 1880 626 1941 frumentariam
672 1897 813 1941 esse
856 1880 1336 1955 suppeditatam,
1382 1878 1615 1941 mentiri
1660 1880 2033 1951 nauarchos,
2077 1895 2242 1939 men·

176 1961 271 2022 tiri
310 1971 399 2023 tot
439 1972 561 2023 tam
603 1980 825 2038 graves
868 1962 1172 2036 civitateS,
1226 1961 1466 2024 mentiri
1507 1963 1686 2023 etiam
1715 1962 1982 2023 Siciliam
2024 1970 2241 2024 totam=

178 2040 482 2119 proditum
513 2061 654 2105 esse
686 2055 743 2106 te
764 2063 803 2104 a
827 2046 1165 2119 Cleomene,
1202 2046 1308 2120 qui
1339 2062 1408 2106 se
1431 2045 1650 2107 dixerit
1678 2044 1885 2106 exisse
1912 2045 1973 2105 in
2003 2053 2244 2121 terram,

175 2136 241 2186 ut
270 2127 555 2202 Pachyno
587 2127 924 2189 deduceret
955 2129 1204 2189 milites:
1249 2128 1512 2199 animum
1542 2128 1691 2199 illis,
1737 2145 1858 2188 non
1891 2128 2106 2208 copias
2137 2129 2243 2189 de-

178 2210 402 2270 fuisse=
434 2210 819 2271 Cleomenem
847 2212 1139 2272 acerrime
1173 2220 1540 2287 pugnantem
1565 2213 1642 2271 ab
1691 2212 1766 2273 iis
1794 2212 2066 2272 relictum
2101 2228 2243 2271 esse

176 2292 359 2368 atque
394 2295 731 2355 desertum:
765 2311 1011 2354 numum
1041 2294 1119 2355 ob
1153 2296 1526 2368 sepulturam
1551 2295 1755 2357 datum
1787 2293 2027 2355 nemini.
2074 2295 2242 2367 Quae

177 2378 229 2435 si
260 2378 461 2451 diceS,
513 2376 825 2437 tenebere=
871 2377 965 2437 sin
996 2378 1113 2436 alia
1143 2376 1344 2451 dices,
1375 2394 1479 2452 ea,
1511 2394 1668 2452 quae
1699 2396 1736 2439 a
1763 2394 1860 2439 me
1889 2378 2051 2438 dicta
2080 2386 2238 2449 sunt,

178 2476 295 2518 non
334 2461 645 2521 refutabis.

343 2542 464 2600 Lll.
528 2540 670 2603 136.
730 2543 839 2603 Hic
868 2552 931 2604 tu
972 2542 1151 2603 etiam
1180 2543 1385 2604 dicere
1415 2544 1702 2605 audebisz
1729 2588 1736 2597 .
1768 2546 1879 2605 Est
1913 2548 1975 2605 in
2015 2545 2240 2604 iudice·-

176 2626 283 2685 bus
326 2629 426 2685 ille
458 2626 790 2698 familiaris
832 2644 1021 2697 meus,
1072 2635 1160 2687 est
1182 2635 1479 2702 paternus
1524 2632 1750 2689 amicus
1790 2632 1910 2690 ille.
1999 2627 2134 2687 Non
2176 2635 2242 2687 ut

179 2708 442 2783 quisque
472 2708 733 2770 maxime
764 2718 876 2781 est,
915 2709 1155 2784 quicum
1187 2708 1294 2769 tibi
1319 2710 1548 2785 aliquid
1572 2710 1664 2781 sit,
1700 2710 1782 2771 ita
1814 2720 1872 2771 te
1901 2710 1963 2770 in
1985 2708 2242 2771 huiusce

177 2791 341 2850 modi
378 2790 627 2853 crimine
656 2794 915 2852 maxime
944 2793 1077 2853 eius
1106 2794 1334 2867 pudet?
1366 2795 1660 2855 Paternus
1691 2798 1916 2855 amicus
1945 2800 2048 2855 est.
2101 2794 2243 2868 Ipse

180 2883 350 2947 pater
372 2873 426 2934 si
457 2874 769 2945 iudicaret,
814 2891 927 2951 per
955 2876 1107 2935 deos
1137 2874 1540 2952 immortaleS,
1582 2876 1728 2953 quid
1760 2880 1960 2937 facere
1989 2884 2244 2953 posset?

166 2958 374 3031 ‘Quum
402 2955 509 3019 tibi
542 2958 697 3018 haec
726 2958 985 3020 diceret=
1045 2960 1132 3020 Tu
1166 2959 1227 3018 in
1260 2960 1575 3036 provincia
1605 2970 1879 3036 praetor,
1920 2977 2107 3035 quum
2137 2958 2240 3020 tibi

178 3040 540 3102 maritimum
562 3042 784 3102 bellum
807 3053 975 3104 esset
998 3042 1560 3117 administrandum,
1587 3042 1962 3105 Mamertinis
1998 3060 2079 3104 ex
2115 3045 2243 3103 foe·

177 3127 323 3185 dere
356 3142 538 3200 quam
563 3126 855 3186 deberent
874 3142 1094 3186 navem
1116 3143 1231 3202 per
1253 3125 1573 3186 triennium
1598 3125 1912 3187 remisisti=
1948 3124 2054 3186 tibi
2077 3124 2242 3200 apud

176 3210 429 3268 eosdem
456 3209 691 3283 privata
714 3207 887 3267 navis
913 3208 1192 3269 oneraria
1215 3208 1474 3269 maxima
1500 3208 1741 3284 publice
1765 3216 1860 3269 est
1888 3208 2241 3279 aedificata=

174 3292 236 3344 tu
262 3301 301 3343 a
322 3285 668 3346 civitatibus
694 3289 990 3360 pecunias
1013 3287 1232 3348 classis
1247 3289 1494 3351 nomine
1517 3288 1805 3362 coegisti:
1831 3296 1897 3350 tu
1923 3296 2119 3365 pretio
2146 3306 2240 3350 re-

174 3364 368 3437 miges
382 3367 696 3430 dimisisti:
720 3375 803 3442 tu,
822 3368 998 3429 navis
1016 3386 1203 3441 quum
1219 3379 1389 3432 esset
1408 3374 1484 3432 ab
1502 3379 1833 3445 quaestore
1857 3380 1918 3433 et
1943 3374 2018 3432 ab
2036 3376 2239 3437 legato
