2459 3817
231 155 316 225 64
655 168 731 225 ΙΝ
763 165 825 225 C.
868 164 1180 224 VERREM
1207 162 1375 221 AcT.
1407 164 1478 221 11.
1512 162 1653 220 LIB.
1684 162 1789 221 lv.

234 313 330 375 bis
363 330 727 389 proponam:
760 330 872 374 vos
895 328 1028 373 eam
1051 328 1183 383 suo,
1213 327 1335 371 non
1367 309 1625 371 nominis
1648 310 1921 384 pondere
1944 308 2274 384 penditote.

235 398 442 457 Genus
471 394 672 470 ipsum
700 395 872 470 prius
897 393 1281 468 cognoscite,
1314 392 1580 453 iudices:
1613 392 1834 451 deinde
1864 392 2123 453 fortasse
2151 408 2273 451 non

234 494 452 551 magno
488 493 676 551 opere
707 476 1009 551 quaeretis
1040 490 1160 549 quo
1201 474 1267 534 id
1295 472 1535 535 nomine
1564 472 1997 548 appellandum
2026 472 2270 545 putetis.

233 560 401 633 Nego
435 558 496 618 in
533 557 736 618 Sicilia
769 566 922 628 tota,
954 566 1073 616 tam
1102 555 1407 629 locupleti,
1438 564 1556 615 tam
1585 564 1791 615 vetere
1820 552 2153 629 provincia,
2186 562 2279 615 tot

237 640 500 714 oppidis,
521 648 610 700 tot
631 638 870 699 familiis
895 646 1015 698 tam
1039 637 1329 711 copiosis,
1352 640 1538 697 ullum
1558 646 1905 712 argenteum
1929 652 2056 707 vas,
2088 638 2274 696 ullum

238 720 603 783 Corinthium
632 730 736 783 aut
760 720 1070 782 Deliacum
1103 718 1325 792 fuisse,
1364 721 1546 780 ullam
1575 735 1870 795 gemmam
1898 724 2002 778 aut
2044 732 2275 791 marga-

233 804 437 876 ritam,
491 802 820 878 quidquam
860 817 938 861 ex
978 817 1126 863 auro
1155 810 1262 861 aut
1288 801 1473 862 ebore
1502 802 1752 873 factum,
1804 799 2041 873 signum
2089 800 2272 859 ullum

235 888 508 958 aeneum,
544 898 958 957 marmoreum,
989 884 1339 957 eburneum,
1365 898 1521 957 nego
1544 884 1725 943 ullam
1744 880 1749 884 ’
1757 883 2051 956 picturam
2074 896 2275 955 neque

235 968 296 1025 in
326 966 528 1027 tabula
569 982 770 1041 neque
802 965 862 1025 in
894 965 1084 1026 textili
1108 964 1253 1041 quin
1282 963 1693 1039 conquisierit,
1726 962 2075 1037 inspexerit,
2111 964 2276 1035 quod

235 1048 521 1121 placitum
545 1049 623 1109 sit
653 1047 981 1108 abstulerit.
1047 1046 1105 1105 2.
1167 1047 1451 1121 Magnum
1482 1044 1695 1106 videor
1722 1045 1953 1105 dicere=
1988 1042 2276 1106 attendite

237 1129 414 1189 etiam
445 1146 625 1204 quem
666 1130 747 1189 ad
787 1129 1033 1189 modum
1079 1128 1294 1187 dicam.
1377 1128 1508 1188 Non
1544 1126 1701 1187 enim
1732 1124 1903 1187 verbi
1914 1141 2134 1206 neque
2163 1124 2276 1183 cri-

237 1210 415 1271 minis
466 1211 726 1287 augendi
777 1226 967 1272 causa
1013 1212 1385 1305 complector
1428 1209 1655 1269 omnia·
1710 1226 1892 1283 quum
1945 1206 2081 1268 dico
2130 1205 2275 1266 nihil

235 1292 416 1354 istum
459 1294 590 1353 eius
633 1292 798 1353 modi
839 1309 1038 1353 rerum
1081 1294 1139 1353 in
1169 1300 1295 1353 tota
1328 1288 1641 1367 provincia
1669 1291 2023 1365 reliquisse,
2066 1287 2281 1347 Latine

237 1390 334 1434 me
363 1374 608 1447 scitote,
655 1390 776 1435 non
818 1375 1196 1434 accusatorie
1233 1372 1420 1448 loqui.
1479 1372 1673 1433 Etiam
1718 1370 1988 1446 planius.
2030 1369 2177 1429 nihil
2213 1368 2278 1430 in

237 1454 492 1515 aedibus
516 1455 890 1530 cuiusquam,
917 1472 996 1515 ne
1023 1455 1084 1514 in
1109 1454 1355 1529 oppidis
1382 1454 1655 1529 quidem=
1689 1453 1832 1513 nihil
1854 1454 1915 1514 in
1938 1451 2091 1512 locis
2113 1467 2281 1512 com-

237 1536 540 1609 munibus,
572 1554 648 1596 ne
671 1538 730 1595 in
761 1536 916 1595 fanis
956 1536 1229 1611 quidem=
1265 1535 1409 1595 nihil
1438 1536 1600 1611 apud
1630 1535 1915 1610 Siculum,
1942 1532 2088 1595 nihil
2110 1532 2276 1607 apud

239 1617 434 1679 civem
460 1620 827 1691 Romanum,
868 1618 1132 1693 denique
1164 1617 1311 1677 nihil
1346 1618 1527 1680 istum
1568 1619 1734 1692 quod
1776 1618 1856 1677 ad
1892 1618 2105 1678 oculos
2148 1612 2275 1674 ani·

238 1716 523 1775 mumque
557 1699 846 1761 acciderit
874 1716 1072 1774 neque
1105 1699 1325 1773 privati
1358 1717 1559 1776 neque
1590 1700 1845 1774 publici,
1890 1714 2089 1774 neque
2135 1712 2273 1771 pro·

239 1782 361 1841 rani
392 1798 592 1857 neque
623 1784 781 1843 sacri
812 1790 938 1843 tota
966 1784 1026 1841 in
1063 1782 1269 1842 Sicilia
1308 1781 1651 1857 reliquisse.

402 1863 463 1924 3.
517 1864 694 1925 Unde
741 1864 920 1939 igitur
968 1864 1174 1939 potius
1223 1863 1509 1939 incipiam
1560 1880 1742 1939 quam
1786 1864 1863 1923 ab
1902 1878 1976 1923 ea
2016 1862 2273 1934 civitate,

241 1961 398 2019 quae
426 1945 531 2005 tibi
556 1962 675 2006 una
700 1946 759 2005 in
790 1960 996 2007 amore
1027 1954 1210 2021 atque
1240 1948 1299 2006 in
1331 1946 1565 2008 deliciis
1594 1947 1745 2006 fuir?
1769 1953 1872 2005 aut
1901 1960 1977 2005 ex
2008 1958 2129 2019 quo
2162 1958 2273 2019 po-

242 2028 358 2086 tius
387 2043 636 2087 numero
671 2046 850 2101 quam
879 2044 958 2087 ex
985 2027 1137 2101 ipsis
1164 2027 1580 2090 laudatoribus
1610 2026 1777 2089 tuis?
1828 2026 2087 2088 Facilius
2117 2027 2273 2087 enim

241 2106 644 2182 perspicietur
673 2108 870 2182 qualis
897 2107 1064 2182 apud
1095 2125 1204 2170 eos
1236 2110 1450 2182 fueris,
1496 2109 1601 2185 qui
1631 2118 1691 2169 te
1719 2110 2005 2181 oderunt,
2043 2108 2145 2183 qui
2174 2125 2274 2168 ac-

239 2195 483 2261 cusant,
535 2187 642 2262 qui
673 2198 1149 2265 persequuntur,
1197 2207 1383 2265 quum
1408 2192 1575 2266 apud
1604 2200 1745 2253 tuos
1772 2190 2203 2251 MamertInos
2188 2208 2278 2249 in-

241 2269 489 2331 veniare
516 2270 964 2345 improbissima
989 2272 1225 2332 ratione
1264 2288 1406 2333 esse
1436 2274 1779 2348 praedatus.
1843 2274 1915 2331 11.
1981 2274 2042 2332 C.
2086 2273 2273 2333 Heius

154 2398 166 2403 -
240 2360 337 2413 est
376 2352 766 2414 Mamertinus
809 2386 888 2399 --
934 2369 1145 2414 omnes
1189 2354 1309 2415 hoc
1351 2354 1493 2414 mihi
1539 2354 1643 2429 qui
1676 2355 2021 2416 Messanam
2062 2342 2272 2414 acces

239 2444 446 2495 serunt
493 2435 668 2495 facile
716 2435 1059 2497 concedunt
1095 2468 1178 2477 —
1211 2436 1489 2498 omnibus
1538 2437 1721 2497 rebus
1772 2436 1873 2497 illa
1921 2435 1982 2496 in
2036 2435 2274 2497 civitate

239 2515 681 2576 ornatissimus.
748 2516 941 2577 Huius
964 2518 1178 2579 domus
1208 2525 1305 2578 est
1330 2520 1428 2578 vel
1456 2518 1682 2595 optima
1710 2518 2052 2589 Messanae,
2088 2517 2273 2579 notis-

241 2595 396 2656 sima
425 2596 668 2671 quidem
690 2606 854 2658 certe
882 2607 943 2659 et
968 2598 1192 2661 nostris
1211 2599 1553 2661 hominibus
1580 2600 1962 2675 apertissima
1988 2598 2272 2659 maxime·

239 2694 359 2752 que
387 2678 725 2754 hospitalis.
779 2680 878 2739 -Ea
910 2682 1127 2742 domus
1170 2691 1309 2743 ante
1352 2681 1525 2743 istius
1568 2682 1890 2744 adventum
1932 2692 2142 2742 ornata
2184 2680 2274 2741 sic

240 2758 377 2832 ruit,
424 2768 491 2821 ut
525 2762 658 2822 urbi
701 2778 945 2837 quoque
987 2771 1154 2824 esset
1181 2773 1551 2825 ornamento.
1614 2766 1762 2825 Nam
1802 2763 1939 2838 ipsa
1966 2764 2269 2833 Messana,

243 2857 401 2914 quae
429 2843 566 2917 situ,
596 2844 915 2904 moenibus
951 2852 1248 2919 portuque
1291 2854 1498 2907 ornata
1523 2856 1637 2919 est,
1668 2847 1745 2905 ab
1788 2844 1869 2905 iis
1896 2847 2107 2916 rebuS,
2143 2844 2271 2919 qui-

237 2923 351 2982 bus
399 2923 514 2985 iste
561 2926 920 2997 delectatur,
983 2944 1132 2987 sane
1176 2944 1369 2988 vacua
1406 2937 1592 3002 atque
1628 2928 1791 2987 nuda
1841 2936 1954 2988 est.
2016 2925 2075 2986 4.
2132 2926 2272 2985 Erat

237 3006 402 3077 apud
435 3005 648 3065 Heium
677 3010 1006 3068 sacrarium
1038 3026 1257 3083 magna
1296 3026 1434 3070 cum
1477 3008 1765 3083 dignitate
1805 3008 1867 3068 in
1903 3008 2189 3078 aedibuS,
2235 3024 2270 3065 a

238 3085 566 3146 maioribus
593 3088 900 3159 traditum,
935 3091 1388 3165 perantiquum,
1426 3091 1487 3151 in
1520 3108 1640 3165 quo
1672 3093 1845 3165 signa
1874 3090 2269 3165 pulcherrima.

239 3175 536 3240 quattuor,
567 3186 801 3231 summo
831 3171 1101 3245 artifici0,
1131 3188 1365 3232 summa
1394 3172 1717 3244 nobilitate,
1754 3188 1913 3246 quae
1936 3188 2056 3231 non
2086 3171 2267 3231 modo

235 3247 415 3307 istum
463 3249 764 3313 hominem
816 3250 1192 3327 ingeniosum
1242 3262 1304 3313 et
1330 3252 1783 3329 intelligentem,
1826 3270 2037 3315 verum
2092 3252 2267 3312 etiam

239 3330 513 3399 quemvis
542 3343 842 3405 nostrum,
887 3350 1043 3410 quos
1079 3334 1192 3394 iste
1223 3334 1443 3395 idiotas
1473 3338 1754 3410 appellat,
1782 3337 2085 3395 delectare
2124 3350 2266 3407 pos·
