2459 3817
250 134 377 201 266
499 137 579 198 IN
610 136 693 199 M.
722 134 1127 197 ANTOMUM
1150 132 1436 195 ORATIO
1467 132 1890 203 PHILIPPICA
1916 133 2076 197 XIV.

247 298 523 367 quartam
551 287 749 360 illam,
792 302 952 363 quae
992 285 1202 347 relicto
1232 285 1501 346 Antonio
1545 300 1615 344 se
1645 284 1788 344 olim
1818 300 1957 345 cnm
1984 284 2210 347 Martia
2249 289 2336 349 le-

244 374 428 449 gione
463 371 801 443 coniunxit,
849 367 1298 444 etseptimam,
1345 384 1508 443 quae
1538 368 1866 429 constituta
1905 384 1987 428 ex
2015 371 2334 431 veteranis

244 456 460 517 docuit
487 453 607 516 hoc
636 452 872 527 proelio
904 452 1192 513 militibus
1235 450 1342 525 iis,
1386 452 1489 527 qui
1521 449 1803 511 Caesaris
1845 451 2156 513 beneficia
2199 470 2334 514 ser-

243 546 531 616 vassent,
566 544 818 598 senatus
849 534 1188 610 populique
1214 533 1474 595 Romani
1510 550 1720 595 carum
1748 550 1971 595 nomen
2002 551 2170 597 esse.
2219 536 2336 597 His

242 620 454 697 viginti
486 618 861 691 cohortibus,
890 620 1059 679 nullo
1088 616 1382 693 equitatu,
1413 616 1644 679 Hirtius
1674 616 1811 693 ipse
1839 617 2112 694 aquilam
2145 638 2335 695 quar-

240 714 341 765 tae
371 700 634 777 legionis
678 718 866 778 quum
908 700 1189 774 inferret,
1241 718 1364 776 qua
1392 702 1618 762 nullius
1649 702 2017 776 pulcriorem
2047 704 2332 778 speciem

240 784 627 862 imperatoris
668 786 1053 861 accepimus,
1090 800 1227 845 cum
1268 782 1464 846 tribus
1492 782 1746 845 Antonii
1770 784 2121 860 legionibus
2153 787 2330 862 equi-

239 878 491 947 tatuque
522 868 826 940 conflixit,
877 870 1219 944 hostesque
1249 868 1552 941 nefarioS‚
1584 867 1726 929 huic
1753 867 1920 929 lovis
1951 868 2174 944 optimi
2205 888 2330 931 ma·

238 952 389 1015 ximi
466 952 813 1028 ceterisque
856 952 1115 1013 deorum
1142 950 1568 1013 immortalium
1594 951 1872 1026 templis,
1911 952 2088 1013 urbis
2128 956 2327 1028 tectiS‚

238 1034 501 1099 libertati
528 1036 744 1113 populi
764 1035 1054 1109 Romani,
1098 1044 1346 1095 nostrae
1373 1032 1533 1095 vitae
1565 1033 1974 1111 sanguinique
2005 1035 2330 1098 imminen-

236 1128 331 1180 tes
369 1120 727 1196 prostravit,
763 1119 945 1190 fudit,
978 1118 1229 1191 occidit,
1261 1127 1328 1180 ut
1356 1134 1492 1179 cum
1519 1118 1851 1179 admodum
1875 1118 2115 1194 paucis,
2143 1128 2328 1181 nocte

238 1212 463 1276 tectus,
508 1211 672 1264 metu
702 1202 1087 1277 perterritus,
1128 1202 1418 1277 princeps
1461 1202 1760 1262 latronum
1792 1202 2045 1279 duxque
2079 1204 2326 1278 sugerit.

235 1285 285 1345 Ο
328 1289 523 1347 solem
571 1284 777 1361 ipsum
817 1284 1269 1358 beatissimum,
1325 1284 1459 1359 qui,
1519 1292 1658 1345 ante
1711 1302 1893 1360 quam
1939 1302 2012 1347 se
2049 1288 2325 1361 abderet,

236 1371 440 1429 stratis
470 1369 876 1430 cadaveribus
914 1367 1357 1445 parricidarum
1387 1384 1527 1429 cum
1557 1368 1774 1442 paucis
1808 1368 2144 1444 fugientem
2175 1369 2324 1431 vidit

235 1449 602 1511 Antonium!
693 1451 794 1512 28.
827 1451 923 1510 An
956 1468 1103 1512 vero
1136 1451 1466 1528 quisquam
1498 1449 1798 1512 dubitabit
1827 1454 2144 1527 appellare
2177 1453 2322 1513 Cae-

236 1550 437 1594 sarem
469 1532 945 1609 imperatorem?
1029 1535 1220 1595 Aetas
1258 1534 1391 1595 eius
1428 1542 1591 1595 certe
1620 1534 1698 1593 ab
1732 1535 1850 1595 hac
1883 1536 2191 1597 sententia
2221 1553 2320 1597 ne-

232 1616 456 1678 minem
492 1616 848 1691 deterrebit,
884 1617 1131 1693 quando
1162 1617 1410 1693 quidem
1440 1617 1662 1678 virtute
1691 1619 2010 1693 superavit
2039 1627 2322 1681 aetatem.

240 1704 326 1762 Ac
360 1698 507 1761 mihi
540 1716 787 1776 semper
836 1716 911 1761 eo
954 1701 1187 1762 maiora
1225 1700 1526 1762 beneficia
1568 1701 1630 1760 C.
1663 1700 1943 1763 Caesaris
1987 1702 2125 1762 visa
2159 1712 2315 1775 sunt,
2413 1702 2415 1733 ⁷

240 1802 356 1859 quo
380 1786 579 1845 minus
602 1792 777 1845 erant
796 1784 873 1845 ab
887 1792 1085 1845 aetate
1107 1782 1210 1844 illa
1226 1784 1598 1859 postulanda
1615 1806 1630 1840 a
1659 1785 1760 1845 cui
1787 1800 1974 1861 quum
1997 1784 2318 1861 imperium

232 1867 566 1939 dabamuS‚
606 1868 826 1928 eodem
865 1875 1143 1943 tempore
1184 1867 1368 1929 etiam
1396 1882 1575 1942 spem
1609 1867 1746 1927 eius
1778 1866 2040 1929 nominis
2082 1869 2316 1929 desere-

234 1949 484 2009 bamus:
546 1947 713 2021 quod
757 1964 943 2021 quum
990 1955 1086 2029 est
1128 1956 1534 2021 consecutuS,
1619 1945 2047 2007 auctoritatem
2089 1944 2324 2007 decreti

2413 1796 2416 1875 Ι

234 2031 430 2091 nostri
460 2032 646 2091 rebus
685 2031 881 2104 gestis
912 2031 1040 2089 suis
1085 2029 1530 2105 comprobavit.
1623 2028 1740 2089 Hic
1769 2044 1917 2103 ergo
1949 2028 2324 2089 adolescens
2411 2078 2413 2083 .

236 2111 485 2173 maximi
512 2112 729 2186 animi,
771 2121 838 2172 ut
867 2111 1187 2173 verissime
1222 2111 1434 2175 scribit
1459 2108 1722 2182 Hirtius,
1757 2118 1962 2171 castra
1995 2110 2322 2170 multarum

235 2195 547 2269 legionum
584 2194 798 2270 paucis
830 2195 1183 2256 cohortibus
1224 2202 1454 2256 tutatus
1499 2201 1598 2255 est
1629 2193 2098 2268 secundumque
2137 2208 2322 2266 proe-

236 2278 380 2339 lium
424 2278 586 2339 fecit.
673 2279 762 2339 lta
804 2278 983 2340 trium
1026 2279 1463 2353 imperatorum
1503 2275 1721 2352 populi
1768 2274 2028 2337 Romani
2077 2274 2320 2349 virtute,

236 2360 529 2433 consilio,
573 2358 859 2423 felicitate
908 2378 1032 2423 uno
1082 2361 1183 2422 die
1238 2360 1393 2423 locis
1443 2359 1722 2436 pluribus
1775 2376 1876 2420 res
1925 2358 2177 2434 publica
2229 2369 2321 2420 est

234 2452 620 2505 conservata,
718 2442 822 2502 XI.
867 2444 968 2505 29.
1052 2449 1311 2505 >ecerno
1354 2442 1539 2521 igitur
1585 2458 1798 2503 eorum
1841 2440 2019 2503 trium
2070 2441 2318 2503 nomine

236 2525 681 2601 quinquaginta
737 2525 972 2588 dierum
1035 2527 1560 2603 supplicationes:
1619 2541 1874 2598 causam,
1945 2533 2015 2585 ut
2067 2524 2318 2585 honori·

232 2608 650 2671 ficentissimis
692 2610 897 2670 verbis
976 2610 1242 2685 onsequi
1280 2619 1560 2686 potuero,
1583 2608 1957 2684 complectar
1994 2607 2134 2683 ipsa
2183 2624 2320 2669 sen-

234 2694 441 2755 tentia.

358 2777 469 2837 Est
507 2786 709 2839 autem
750 2776 897 2837 fidei
946 2774 1324 2852 pietatisque
1387 2783 1634 2837 nostrae
1682 2774 1999 2834 declarare
2058 2772 2316 2835 fortissi-

234 2860 349 2919 mis
394 2858 683 2922 militibus
729 2876 913 2936 quam
944 2874 1250 2921 memores
1286 2857 1478 2919 simus
1515 2872 1826 2933 quamque
1859 2855 2034 2931 grati.
2125 2856 2318 2929 Quam

234 2943 315 3003 ob
362 2958 493 3003 rem
546 2944 854 3018 promissa
896 2951 1107 3003 nostra
1147 2950 1334 3017 atque
1377 2958 1481 3014 ea,
1540 2956 1699 3015 quae
1758 2938 2105 3015 legionibus
2154 2938 2316 3001 bello

233 3026 519 3086 contecto
551 3028 880 3088 tributuros
904 3042 1020 3087 nos
1050 3023 1519 3101 spopondimus,
1551 3022 1852 3085 hodierno
1889 3030 2142 3085 senatus
2173 3040 2316 3085 con·

234 3110 397 3171 sulto
426 3110 785 3170 renovanda
818 3125 1079 3170 censeoz
1131 3125 1402 3184 aequum
1442 3114 1538 3169 est
1569 3107 1732 3169 enirn
1779 3106 2060 3179 militum,
2105 3105 2314 3169 talium

234 3190 621 3266 praesertim,
675 3191 971 3252 honorem
1016 3191 1329 3267 coniungi.
1411 3189 1516 3253 30.
1557 3190 1764 3265 Atque
1803 3188 2064 3263 utinam,
2106 3197 2316 3264 patres

233 3273 597 3347 conscripti,
642 3274 878 3334 civibus
922 3273 1205 3336 omnibus
1250 3276 1494 3335 solvere
1536 3273 1716 3347 nobis
1761 3270 2033 3348 praemia
2071 3271 2312 3333 liceret!

228 3358 603 3428 ⁴quamquam
660 3372 776 3415 nos
820 3372 924 3430 ea,
978 3370 1139 3431 quae
1194 3355 1616 3432 promisimus,
1682 3356 1960 3417 studiose
2009 3357 2316 3417 cumulata

2411 2102 2414 2229 l

2411 2240 2413 2332 ι
