2459 3817
236 136 317 204 '12
838 142 988 208 PRO
1016 143 1079 204 P.
1111 142 1378 209 SESTIO
1409 141 1707 206 ORATIO.

237 313 495 375 rumque
526 295 816 360 defendit.
886 293 986 360 77.
1032 294 1395 357 Meministis
1422 303 1578 369 tum,
1623 291 1891 369 iudices,
1937 292 2302 370 corporibus

240 383 462 444 civium
489 381 749 443 Tiberim
784 380 1105 456 compleri,
1154 381 1400 441 cloacas
1429 377 1730 451 resarciri,
1773 395 1810 438 e
1851 378 1984 439 foro
2021 377 2303 454 spongiis

238 467 448 541 effingi
490 465 879 540 sanguinem,
928 470 997 524 ut
1050 479 1263 523 omnes
1307 469 1534 523 tantam
1589 461 1751 521 illam
1797 459 2040 536 copiam
2079 468 2141 522 ct
2180 469 2305 522 tam

239 549 624 624 magnificum
660 555 1021 623 apparatum
1050 562 1174 608 non
1207 545 1508 620 privatum
1549 551 1654 606 aut
1684 543 2018 620 plebeium,
2051 544 2164 606 scd
2190 560 2303 619 pa-

240 632 477 693 tricium
506 640 567 691 et
582 630 967 706 praetorium
996 645 1141 690 esse
1173 629 1628 690 arbitrarentur.

406 714 673 774 XXXVI.
725 713 884 775 Nihil
926 729 1129 789 neque
1168 721 1308 772 ante
1340 713 1459 773 hoc
1499 720 1741 787 tempus
1774 726 1979 785 neque
2005 710 2124 770 hoc
2159 707 2302 784 ipso

239 797 763 860 turbulentissimo
787 797 889 858 die
906 795 1305 858 criminamini
1320 794 1606 858 Sestium.
1623 827 1705 840 -
1728 795 1911 870 Atqui
1945 794 2040 854 vis
2068 792 2132 853 in
2165 794 2301 854 foro

238 890 486 943 versata
522 890 635 942 est.
686 915 772 928 —-
821 880 1024 942 Certe=
1083 880 1334 954 quando
1377 878 1538 940 enim
1577 877 1814 940 maior}
1871 875 2307 951 Lapidationes

241 980 545 1041 persaepe
574 963 868 1025 vidimus=
920 979 1045 1024 non
1075 961 1159 1023 ita
1187 978 1408 1038 saepe,
1449 963 1563 1022 sed
1605 959 1853 1024 nimium
1887 968 2084 1021 tamen
2115 974 2306 1034 saepe

240 1048 512 1124 gladios,
546 1050 800 1109 caedem
838 1063 986 1108 vero
1016 1055 1276 1119 tantam,
1319 1053 1522 1106 tantos
1552 1061 1810 1106 acervos
1841 1059 2166 1119 corporum
2193 1058 2304 1102 ex·

242 1140 538 1205 structos,
587 1131 707 1192 nisi
747 1132 903 1193 forte
945 1130 1048 1192 illo
1080 1129 1352 1191 Cinnano
1394 1137 1582 1203 atque
1623 1126 1955 1188 Octaviano
1987 1124 2114 1198 die,
2161 1123 2304 1200 quis

241 1231 529 1291 umquam
560 1214 620 1274 in
652 1216 787 1275 roro
810 1213 1006 1275 vidit?
1050 1229 1172 1290 qua
1196 1230 1278 1275 ex
1305 1211 1714 1274 concitatione
1733 1209 2115 1272 animorum?
2150 1209 2307 1269 Nam

242 1313 320 1358 ex
358 1297 693 1373 pertinacia
730 1306 835 1358 aut
865 1296 1210 1358 constantia
1241 1296 1672 1357 intercessoris
1702 1294 1892 1356 oritur
1921 1309 2112 1368 saepe
2140 1292 2304 1352 sedi-

240 1380 357 1452 tio,
408 1382 591 1455 culpa
629 1389 815 1454 atque
848 1381 1232 1454 improbitate
1266 1381 1476 1440 latoris
1519 1379 1840 1440 commodo
1869 1376 2081 1452 aliquo
2113 1374 2304 1451 impe-

242 1460 373 1522 ritis
415 1470 521 1522 aut
559 1461 880 1537 largitione
922 1463 1274 1538 proposita:
1327 1463 1518 1523 oritur
1561 1477 1640 1522 ex
1683 1459 2135 1522 concertatione
2176 1475 2303 1518 ma-

243 1543 635 1620 gistratuum:
672 1544 860 1607 oritur
884 1545 1113 1606 sensim
1136 1562 1219 1606 ex
1241 1546 1508 1606 clamore
1534 1543 1809 1620 primum,
1840 1541 2064 1605 deinde
2098 1541 2305 1618 aliqua

243 1626 632 1690 discessione
668 1627 1003 1690 contionisae
1054 1627 1187 1702 vix,
1220 1643 1362 1690 sero
1393 1636 1454 1689 et
1492 1643 1631 1690 raro
1665 1630 1745 1690 ad
1775 1643 1994 1688 manus
2023 1626 2303 1702 perveni-

242 1718 367 1773 tur=
420 1713 587 1774 nullo
617 1728 765 1774 vero
798 1713 983 1774 verbo
1016 1713 1206 1786 facto,
1257 1713 1423 1772 nulla
1455 1710 1738 1772 contione
1765 1712 2099 1785 advocata,
2141 1712 2306 1771 nulla

241 1797 379 1871 lege
406 1795 657 1858 recitata
686 1796 1047 1858 concitatam
1080 1804 1437 1858 nocturnam
1469 1793 1831 1856 seditionem
1863 1793 2002 1870 quis
2031 1792 2306 1855 audivit?

240 1875 345 1942 78.
384 1881 482 1940 An
527 1879 656 1941 veri
701 1879 895 1942 simile
940 1890 1065 1954 est,
1121 1887 1187 1941 ut
1230 1879 1386 1940 civis
1427 1881 1740 1941 Romanus
1783 1887 1889 1940 aut
1925 1879 2109 1938 homo
2155 1875 2308 1937 liber

244 1960 571 2038 quisquam
600 1979 739 2025 cum
774 1963 977 2040 gladio
1012 1963 1075 2024 in
1110 1965 1310 2026 forum
1349 1961 1740 2024 descenderit
1767 1970 1906 2023 ante
1949 1963 2179 2034 lucem,
2226 1975 2306 2019 nc

242 2047 321 2106 de
354 2063 453 2107 me
479 2047 623 2107 ferri
654 2055 989 2121 pateretur,
1036 2055 1280 2123 praeter
1309 2062 1452 2120 eos,
1498 2045 1602 2121 qui
1653 2047 1732 2106 ab
1771 2047 1872 2108 illo
1910 2044 2202 2122 pestifero
2231 2058 2306 2103 ac

243 2129 483 2203 perdito
516 2129 636 2190 civi
678 2129 797 2189 iam
840 2129 1076 2205 pridem
1115 2129 1205 2191 rei
1249 2129 1534 2206 publicae
1565 2128 1864 2205 sanguine
1907 2126 2308 2203 saginanturr

240 2211 355 2272 I-Iic
384 2211 504 2272 iam
531 2212 609 2272 de
640 2209 780 2286 ipso
808 2220 1169 2274 accusatore
1202 2229 1464 2289 quaero,
1509 2212 1612 2288 qui
1642 2213 1705 2272 P.
1736 2211 2001 2274 Sestium
2032 2210 2305 2288 queritur

242 2311 381 2356 cum
411 2293 791 2355 multitudine
819 2295 879 2355 in
912 2295 1217 2358 tribunatu
1248 2305 1308 2357 ct
1337 2313 1474 2358 cum
1507 2297 1813 2372 praesidio
1845 2311 2066 2372 magno
2089 2293 2303 2366 fuisse,

243 2394 389 2438 num
423 2379 526 2439 illo
558 2376 659 2437 die
691 2377 912 2440 fuerit?
973 2379 1147 2441 Certe
1178 2397 1302 2440 non
1336 2381 1465 2442 fuit.
1534 2379 1711 2440 Victa
1755 2377 1938 2455 igitur
1976 2387 2072 2440 est
2111 2393 2301 2439 causa

242 2459 332 2522 rei
366 2458 647 2535 publicae
674 2470 735 2521 et
770 2460 929 2524 victa
956 2477 1080 2522 non
1117 2463 1444 2539 auspiciis,
1488 2480 1611 2525 non
1660 2462 2134 2530 intercessione,
2177 2477 2302 2521 non

246 2538 572 2615 suffragiis,
607 2543 721 2601 sed
744 2541 821 2611 vi,
845 2557 1046 2616 manu,
1082 2543 1267 2603 ferro.
1322 2547 1472 2604 Nam
1493 2545 1547 2605 si
1571 2545 1993 2607 obnuntiasset
2015 2545 2293 2606 Fabricio

245 2621 299 2682 is
333 2629 595 2697 praetor,
632 2623 739 2698 qui
772 2639 845 2684 se
876 2639 1168 2686 servasse
1190 2627 1270 2686 de
1301 2629 1473 2687 caelo
1511 2628 1772 2701 diceret,
1810 2628 2158 2704 accepisset
2188 2645 2293 2690 res

245 2705 490 2799 publica
506 2707 765 2782 plagam,
790 2707 904 2767 scd
928 2722 1077 2779 eam,
1106 2725 1286 2782 quam
1302 2717 1618 2786 acceptam
1631 2726 1880 2785 gemere
1902 2727 2024 2772 non
2045 2719 2291 2786 posset:

246 2803 299 2847 si
339 2788 794 2852 intercessisset
841 2794 1079 2870 collega
1118 2794 1430 2871 Fabricio,
1484 2796 1769 2859 laesisset
1806 2815 1933 2860 rem
1978 2797 2306 2876 publicam,

244 2871 359 2930 sed
416 2885 543 2932 rem
570 2874 875 2948 publicam
932 2876 1064 2939 iure
1097 2877 1399 2941 laesisset.
1477 2880 1855 2942 Gladiatores
1899 2891 1962 2943 tu
2003 2879 2309 2955 novicios,

240 2967 358 3048 pro
390 2963 749 3051 egtspcctata
776 2958 1085 3022 aedilitate
1115 2963 1508 3039 suppositos,
1553 2981 1688 3025 cum
1719 2964 1958 3027 sicariis
1992 2980 2027 3025 e
2055 2980 2308 3025 carcere

240 3050 489 3098 emissis
518 3047 659 3101 ante
699 3042 900 3104 lucem
935 3043 1268 3107 immittas?
1321 3046 1708 3124 magistratus
1747 3049 1974 3124 templo
2010 3047 2312 3109 deiicias?

241 3120 493 3218 caedem
524 3123 846 3188 maximam
876 3127 1109 3188 facias?
1142 3130 1340 3192 forum
1372 3139 1646 3208 purges?
1672 3140 1760 3205 et,
1797 3149 1982 3208 quum
2009 3130 2213 3192 omnia
2245 3130 2309 3190 vi
2391 3179 2396 3187 .

239 3209 301 3262 ct
328 3219 515 3266 armis
535 3206 767 3282 egeris,
798 3225 1060 3272 accuses
1082 3228 1251 3286 eum,
1286 3214 1390 3290 qui
1421 3232 1491 3276 se
1514 3213 1822 3293 praesidio
1847 3214 2145 3287 munierit,
2177 3229 2308 3276 non

240 3291 305 3347 ut
330 3293 391 3348 te
420 3300 834 3364 oppugnaret,
866 3293 979 3354 sed
1015 3304 1080 3356 ut
1108 3294 1292 3356 vitam
1321 3313 1494 3358 suam
1529 3307 1745 3374 posset
1772 3299 2146 3359 defendere?

268 3393 285 3403 ·
400 3369 699 3434 XXXVII.
754 3371 855 3438 79.
906 3376 1097 3452 Atqui
1137 3395 1215 3440 ne
1245 3392 1327 3442 ex
1363 3395 1438 3442 eo
1484 3380 1732 3457 quidem
1769 3389 2045 3458 tempore
2085 3380 2148 3442 id
2177 3377 2309 3455 egit
