2459 3817
260 147 389 215 246
562 152 639 213 m
663 151 744 213 M.
775 147 1174 213 amomum
1204 145 1488 211 ORATIO
1515 144 1942 211 PHILIPPICA
1963 146 2039 211 11.

268 300 362 364 rei
402 308 545 364 tuae
583 318 775 367 causa
815 301 1094 376 venisse,
1136 303 1432 378 populum
1477 299 1660 364 etiam
1693 299 1966 363 dicacem
2009 298 2074 361 in
2101 306 2166 361 te
2191 301 2333 364 red·

268 385 495 447 didisti.
582 385 705 447 Sed
737 384 915 446 nimis
941 387 1127 446 multa
1156 386 1238 445 de
1280 386 1490 461 nugis:
1529 386 1616 445 ad
1645 384 1878 445 maiora
1905 382 2250 445 veniamus.

392 468 633 531 XXXll.
672 469 737 529 c.
768 467 1017 528 Caesari
1042 483 1123 528 ex
1152 467 1450 543 Hispania
1487 466 1768 529 redeunti
1796 467 1877 528 ob
1905 466 2068 527 viam
2094 468 2336 544 longis·

267 548 422 613 sime
462 549 843 626 processisti.
928 549 1215 612 celeriter
1239 550 1361 623 isti,
1386 549 1618 622 redisti,
1650 558 1720 612 ut
1745 558 2150 626 cognosceret
2179 558 2248 611 te
2281 552 2336 613 si

264 633 464 694 minus
496 634 729 704 sortem,
758 640 823 693 at
846 640 1047 694 tamen
1072 641 1406 695 strenuum.
1442 632 1666 694 Factus
1693 648 1766 693 es
1791 632 1852 694 ei
1877 648 2094 695 rursus
2113 634 2332 695 nescio

266 731 393 789 quo
431 715 617 776 modo
658 714 991 779 familiaris.
1084 716 1366 778 Habebat
1403 716 1524 776 boc
1560 715 1806 777 omniuo
1851 716 2108 779 Caesar*
2144 732 2332 791 quem

264 798 449 871 plane
483 796 787 873 perditum
812 813 959 859 aere
985 799 1187 861 alieno
1216 807 1642 875 egentemque,
1675 798 1730 860 si
1757 800 2039 861 eumdem
2061 814 2330 873 nequam

262 878 573 943 hominem
592 883 1015 958 audacemque
1038 892 1350 957 cognorat,
1382 882 1542 944 hunc
1561 880 1624 941 in
1654 880 2118 944 familiaritatem
2139 882 2328 942 liben-

266 963 503 1025 tissime
540 964 890 1041 recipiebat.
977 963 1079 1029 79.
1118 964 1229 1027 His
1259 963 1440 1041 igitur
1469 964 1658 1026 rebus
1687 966 2000 1041 praeclare
2019 980 2328 1026 commen-

262 1046 465 1120 datus,
497 1047 709 1111 iussus
734 1064 807 1109 es
838 1045 1171 1111 renuntiari
1206 1049 1422 1110 consul
1449 1046 1786 1122 etquidem
1813 1063 1950 1109 cum
1979 1048 2144 1123 ipso.
2227 1048 2327 1108 Ni·

260 1128 351 1190 hil
378 1145 607 1207 queror
637 1131 718 1193 dc
742 1132 1075 1204 Dolabella,
1100 1131 1206 1207 qui
1232 1137 1360 1192 tum
1391 1138 1490 1193 est
1512 1129 1833 1207 impulsus,
1867 1130 2176 1204 inductus,
2199 1133 2328 1192 elu-

264 1228 397 1275 sus.
481 1213 613 1288 Qua
650 1215 714 1275 iu
754 1230 825 1275 re
859 1220 1085 1289 quanta
1130 1213 1312 1273 ruerit
1351 1222 1612 1289 uterque
1649 1222 1920 1276 vestrum
1959 1213 2226 1290 perfidia
2267 1216 2328 1274 in

261 1295 641 1358 Dolabellam
667 1295 805 1373 quis
838 1298 1117 1371 ignoratn
1143 1295 1247 1357 ille
1275 1294 1514 1357 induxit
1537 1305 1605 1357 ut
1633 1302 1884 1372 peteret.
1935 1296 2042 1358 ille
2061 1295 2324 1372 promis-

263 1393 403 1439 sum
428 1387 491 1439 et
513 1388 827 1454 receptum
856 1378 1193 1440 intervertit
1222 1378 1306 1439 ad
1337 1394 1530 1454 seque
1552 1379 1881 1441 transtulite
1923 1387 1989 1442 tu
2018 1379 2156 1441 eius
2186 1396 2326 1456 pei»
2427 1446 2429 1455 ,

262 1460 450 1521 fidiae
488 1461 861 1522 voluntatem
900 1470 1066 1523 tuam
1111 1460 1474 1536 ascripsisti.
1571 1462 1840 1523 Veniunt
1873 1462 2196 1525 Kalendae
2235 1464 2325 1523 la·

264 1541 547 1604 nuariaen
592 1543 867 1617 cogimur
902 1543 965 1603 in
994 1550 1302 1617 senatum,
1341 1542 1622 1606 invectus
1660 1554 1758 1607 est
1783 1543 2102 1621 copiosius
2133 1546 2324 1607 multo

261 1624 327 1687 in
356 1625 539 1687 istum
568 1633 630 1689 et
656 1627 925 1701 paratius
951 1626 1266 1688 Dolabella
1295 1642 1478 1701 quam
1512 1643 1674 1688 nunc
1709 1642 1848 1702 ego.
1931 1624 2036 1690 80.
2072 1626 2194 1689 Hie
2219 1644 2324 1689 au-

262 1718 384 1771 tem
420 1708 610 1773 iratus
652 1726 811 1786 quae
837 1708 1023 1785 dixit,
1060 1708 1125 1770 di
1152 1709 1330 1771 bonit
1371 1710 1634 1772 Primum
1657 1725 1842 1785 quum
1871 1710 2100 1773 Caesar
2119 1719 2324 1772 osteu-

264 1792 461 1855 disset
487 1809 589 1865 se,
620 1793 791 1869 prius
822 1808 1005 1869 quam
1032 1792 1556 1869 proficisceretur,
1595 1792 1970 1854 Dolabellam
2005 1796 2325 1856 consulem
2428 1812 2429 1817 ¹

264 1892 411 1937 esse
442 1876 782 1939 iussurum=
828 1891 1008 1952 quem
1048 1883 1275 1951 negant
1309 1890 1520 1950 regem
1535 1920 1552 1949 ,
1592 1873 1698 1952 qui
1736 1883 1799 1939 et
1823 1876 2054 1937 taceret
2079 1892 2326 1952 semper

266 1959 403 2021 eius
445 1959 609 2021 modi
655 1959 885 2036 aliquid
924 1966 989 2021 ct
1011 1958 1271 2032 diceret,
1311 1958 1426 2019 sed
1468 1975 1656 2034 quum
1685 1958 1914 2019 caesar
1935 1959 2018 2021 ita
2042 1958 2325 2033 dixisset,

261 2049 389 2103 tum
421 2042 521 2103 hic
547 2043 747 2107 bonus
780 2058 977 2117 augur
1000 2058 1077 2103 co
1108 2058 1181 2104 se
1208 2041 1556 2103 sacerdotio
1597 2041 1936 2116 praeditum
1977 2056 2121 2102 esse
2153 2042 2326 2116 dixit,

261 2133 333 2185 ut
358 2124 603 2187 comitia
631 2123 927 2201 auspiciis
950 2125 1046 2185 vel
1076 2123 1375 2200 impedire
1401 2125 1502 2186 vel
1533 2122 1747 2185 vitiare
1778 2131 2015 2200 posset,
2045 2122 2240 2197 idque
2257 2142 2329 2186 se
2425 2158 2427 2193 ἢ

262 2208 569 2268 facturum
628 2224 774 2269 esse
824 2208 1231 2269 adseveravit.
1328 2207 1398 2267 Iu
1441 2222 1567 2282 quo
1607 2205 1866 2281 primum
1905 2206 2328 2269 incredibilem
2426 2222 2427 2239 ¹

265 2289 680 2364 stupiditatem
732 2290 994 2353 hominis
1046 2289 1416 2365 cognoscite.
1512 2286 1615 2349 81.
1670 2288 1828 2362 Quid
1885 2288 2093 2351 enimv
2139 2289 2326 2362 istud,

264 2374 433 2450 quod
460 2379 522 2433 te
549 2372 879 2434 sacerdotii
906 2372 1040 2435 iure
1069 2375 1274 2433 faeere
1300 2387 1494 2447 posse
1518 2370 1744 2447 dixisti,
1775 2370 1830 2435 si
1857 2386 2054 2447 augur
2079 2387 2209 2433 nou
2231 2388 2326 2435 es·

262 2472 370 2516 ses
411 2462 473 2516 et
498 2458 720 2515 consul
751 2470 959 2529 esses,
1000 2454 1200 2516 minus
1233 2456 1440 2517 facere
1469 2454 1827 2530 potuissent
1851 2455 2012 2517 Vide
2031 2469 2110 2515 ne
2143 2454 2325 2517 etiam

262 2538 523 2599 facilius.
632 2538 760 2599 Nos
798 2537 959 2599 enim
1010 2537 1453 2600 nuntiationem
1497 2541 1700 2600 solum
1737 2537 2055 2614 babemus,
2101 2553 2326 2600 consu·

259 2622 355 2683 les
385 2630 447 2684 et
476 2621 695 2697 reliqui
722 2620 1111 2695 magistratus
1141 2620 1322 2682 ctiam
1371 2621 1772 2697 spectionem.
1853 2620 2035 2683 Esto=
2068 2620 2193 2682 hoc
2221 2622 2326 2680 im·

264 2705 494 2781 perite:
522 2721 642 2767 nec
672 2704 833 2765 enim
860 2713 957 2766 est
981 2704 1060 2765 ab
1092 2703 1340 2765 bomine
1369 2720 1699 2781 numquam
1722 2702 1932 2766 sobrio
1956 2704 2327 2779 postulanda

261 2787 621 2865 prudentia,
658 2789 773 2851 sed
810 2786 1015 2849 videte
1057 2784 1514 2861 impudentiam.
1600 2786 1809 2849 Multis
1840 2794 1984 2848 unte
2006 2786 2324 2849 mensibus
2424 2802 2425 2849 ÷

263 2869 331 2933 iu
374 2879 595 2933 senatu
632 2871 787 2933 dixit
832 2885 902 2931 se
935 2870 1292 2933 Dolabellae
1329 2868 1576 2931 comitia
1611 2877 1719 2933 aut
1749 2868 2194 2945 prohibiturum
2219 2885 2325 2930 au-

265 2950 480 3029 spiciis
519 2963 627 3015 aut
652 2954 716 3015 id
746 2956 1043 3015 facturum
1065 2968 1239 3024 esse,
1285 2953 1453 3035 quod
1481 2951 1645 3015 fecit.
1729 2950 2148 3029 Quisquamne
2175 2952 2324 3012 divi-

258 3052 409 3098 nare
451 3043 656 3111 potest
694 3036 843 3113 quid
882 3036 1011 3097 vitii
1052 3036 1116 3097 iu
1166 3034 1461 3112 auspiciis
1496 3038 1762 3097 futurum
1791 3033 1900 3108 sit,
1939 3033 2059 3095 nisi
2097 3034 2210 3110 qui
2249 3034 2325 3095 de

260 3120 435 3181 caelo
464 3134 714 3181 servare
747 3117 1108 3181 constituit?
1145 3118 1316 3194 quod
1361 3134 1563 3189 neque
1612 3116 1759 3179 licet
1795 3115 2058 3179 comitiis
2099 3132 2216 3193 per
2243 3118 2324 3177 le·

260 3216 391 3275 ges,
421 3210 501 3275 et,
534 3200 639 3279 qui
672 3201 955 3273 servavit,
987 3216 1110 3261 uon
1126 3197 1392 3264 comitiis
1421 3198 1665 3272 habitis,
1687 3200 1801 3262 sed
1823 3199 1992 3275 prius
2014 3214 2200 3274 quam
2221 3198 2323 3259 ha·

258 3281 549 3357 beantur,
580 3284 763 3345 debet
802 3282 1099 3344 nuntiare.
1183 3284 1416 3343 Verum
1449 3282 1760 3357 implicata
1780 3280 2104 3343 inscientia
2131 3284 2323 3356 impu·

259 3360 465 3424 dentia
510 3372 607 3426 est
644 3379 760 3427 uec
798 3364 914 3425 scit
950 3365 1120 3441 quod
1149 3379 1444 3440 augurem
1479 3379 1597 3426 nec
1625 3364 1770 3427 tacit
1797 3364 1964 3441 quod
1995 3364 2324 3441 pudentem
