2459 3817
240 88 367 157 192
774 92 923 154 Pno
966 92 1035 167 Q.
1074 90 1390 155 LIGARIO
1436 90 1748 156 ORATIO.

226 259 337 335 qui
362 274 475 322 vos
496 264 704 321 tantae
726 256 923 321 laudis
947 258 1281 321 occasione
1300 260 1658 336 privaverit.
1715 260 1816 321 IX.
1845 257 1952 321 26.
1977 260 2122 321 Sed
2151 262 2324 337 vide,

224 358 500 423 quaeso,
543 343 799 419 Caesar,
838 344 1246 405 constantiam
1277 342 1650 407 ornatissimi
1685 342 1798 403 viri
1828 344 1892 404 L.
1923 344 2322 419 Tuberonis,

230 446 418 506 quam
450 444 601 503 ego,
642 442 923 503 quamvis
972 442 1111 503 lpse
1154 426 1506 502 probarem,
1553 434 1624 487 ut
1667 426 1891 503 probo,
1937 434 2152 486 tamen
2207 444 2329 488 non

228 526 800 582 commemorarem,
846 508 963 569 nisi
994 526 1031 571 a
1060 518 1120 570 te
1148 508 1582 585 cognovissem
1615 506 1676 567 in
1708 508 1916 582 primis
1949 524 2098 568 eam
2131 511 2328 571 virtu-

224 602 348 655 tem
376 594 579 653 solere
616 592 869 653 laudari.
956 590 1127 665 Quae
1154 590 1267 653 mit
1293 592 1474 666 igitur
1499 606 1785 665 umquam
1813 588 1876 650 ln
1904 592 2032 651 ullo
2065 591 2330 653 homine

226 682 395 737 tanta
422 674 810 737 constantie?
834 674 1238 736 constantiam
1265 674 1452 734 dieo!
1473 674 1685 734 nescio
1716 688 1792 732 an
1825 674 2049 735 mellus
2077 676 2326 750 patien-

226 758 371 821 tiam
401 756 635 833 poesim
662 756 888 818 dicere.
966 758 1200 832 Quotus
1230 757 1388 817 enim
1413 754 1581 817 istud
1617 756 1883 831 quisque
1913 756 2202 832 fecisset,
2241 768 2323 833 ut,

226 857 269 902 a
290 840 514 919 quibus
540 841 605 901 in
626 839 1021 903 dissensione
1046 840 1215 903 civili
1237 846 1360 901 non
1389 848 1559 901 esset
1587 846 1890 914 receptus,
1917 849 2098 901 esset
2133 841 2320 903 etiam

227 940 369 987 eum
400 922 757 985 erudelitate
782 923 1071 994 reiectus,
1103 924 1185 985 ad
1213 940 1326 985 eos
1363 925 1538 1000 ipsos
1567 922 1838 983 rediret!
1859 922 2074 997 Magni
2107 926 2320 987 euius·

217 1008 369 1069 dam
397 1005 579 1067 animi
608 1015 791 1083 atque
818 1006 955 1068 eius
986 1006 1098 1067 viri
1126 1016 1251 1082 est,
1299 1023 1478 1081 quem
1519 1006 1598 1067 de
1621 1014 1910 1081 suscepta
1939 1022 2143 1068 eausa
2169 1014 2318 1084 pro-

231 1090 559 1167 positaque
587 1090 887 1153 sententie
917 1092 1082 1152 nulla
1108 1088 1504 1163 contumelia,
1531 1088 1698 1150 nulla
1729 1088 1844 1161 vis,
1881 1088 2124 1150 nullum
2157 1090 2318 1167 pen’-

230 1177 435 1235 eulum
482 1172 680 1249 possit
708 1174 1039 1249 depellere.
1090 1170 1191 1235 27.
1220 1173 1302 1234 Ut
1329 1172 1490 1233 enim
1561 1178 1765 1233 cetere
1795 1170 1968 1246 paria
1995 1173 2317 1235 Tuberoni

230 1272 371 1317 eum
408 1256 575 1317 Varo
616 1253 905 1329 fuissent,
955 1257 1184 1329 honos,
1239 1254 1555 1330 nobilitas,
1601 1255 1922 1329 splendor,
1973 1254 2314 1331 ing-eninm,

230 1352 393 1413 quae
434 1352 826 1413 nequaquam
858 1340 1129 1411 suerunt,
1170 1338 1292 1400 hoe
1335 1344 1501 1399 certe
1539 1336 1936 1413 praecipuum
1961 1336 2315 1402 Tuberonis

230 1421 364 1493 fuit,
400 1420 569 1493 quod
600 1418 761 1479 iusto
796 1436 931 1481 eum
962 1420 1218 1495 imperio
1248 1436 1328 1482 ex
1359 1428 1612 1483 senatus
1637 1422 1918 1481 consulto
1961 1422 2024 1481 in
2057 1423 2304 1496 provin-

229 1504 387 1563 ciam
428 1517 604 1563 suam
648 1510 922 1567 venerat.
1009 1504 1167 1563 Hine
1192 1504 1534 1579 prohibitus
1557 1518 1684 1564 nen
1709 1502 1793 1563 ad
1821 1502 2193 1580 caesarem,
2237 1522 2314 1567 ne

232 1585 453 1661 iratus,
482 1601 607 1647 non
630 1585 908 1662 domum,
936 1602 1013 1647 ne
1044 1586 1243 1659 iners,
1295 1602 1418 1648 non
1459 1587 1522 1647 in
1553 1587 1816 1661 aliquam
1843 1587 2169 1661 regionem
2187 1635 2202 1662 ‚
2239 1604 2312 1650 ne

232 1670 647 1731 condemnere
689 1686 933 1731 eausam
972 1670 1165 1744 illam,
1200 1686 1382 1747 quam
1407 1678 1655 1731 seculus
1683 1678 1831 1743 erat,
1871 1668 2221 1732 videretur:
2251 1672 2308 1733 in

236 1753 659 1815 Macedoniam
691 1753 769 1815 ad
802 1754 905 1815 cn.
936 1752 1206 1831 Pompeii
1235 1760 1436 1814 eastra
1462 1752 1644 1825 venit,
1675 1752 1732 1811 in
1764 1768 1897 1813 eam
1923 1752 2132 1828 ipsam
2167 1770 2292 1816 eau

234 1853 397 1909 snm,
438 1854 476 1897 a
526 1854 657 1913 qua
706 1845 839 1900 erat
884 1836 1151 1897 reiectus
1192 1834 1431 1896 iniuria.
1529 1834 1636 1898 ²8.
1682 1834 1878 1909 Quid?
1933 1852 2129 1911 quum
2191 1838 2306 1901 ista

232 1936 337 1979 res
364 1918 512 1979 nihil
540 1921 974 1981 commovisset
1000 1920 1135 1981 elus
1168 1919 1432 1979 animum
1451 1964 1467 1991 ,
1495 1918 1576 1977 ad
1603 1932 1788 1993 quem
1817 1920 2144 1993 veneratis,
2181 1921 2304 1981 lan-

232 2001 529 2076 guidiore,
550 2002 758 2072 eredo,
789 2002 989 2062 studio
1013 2002 1074 2063 in
1106 2016 1298 2063 eausa
1319 2000 1552 2061 fuistis:
1574 2008 1803 2062 tuntum
1827 2001 2008 2062 modo
2037 2001 2100 2061 in
2130 2020 2307 2077 prae-

232 2084 411 2144 sidiis
446 2083 648 2154 eretis,
680 2081 862 2143 animi
888 2100 1037 2146 vero
1063 2099 1100 2144 a
1122 2100 1314 2146 eausa
1339 2085 1772 2145 abhorrebante
1803 2099 1901 2158 an,
1928 2090 1997 2145 ut
2023 2085 2098 2144 fit
2124 2085 2192 2145 in
2219 2088 2306 2147 ei-

234 2166 460 2227 vilibus
484 2165 662 2227 bellis
692 2208 914 2225 ......
952 2184 1069 2229 nee
1101 2168 1163 2228 in
1206 2168 1384 2229 vobis
1418 2166 1608 2243 magis
1661 2182 1844 2243 quam
1894 2167 1955 2226 in
2005 2169 2309 2244 reliquis!

234 2264 452 2309 omnes
483 2247 643 2309 enim
666 2247 953 2309 vincendi
974 2250 1177 2313 studio
1200 2251 1570 2311 tenebamur.
1621 2250 1800 2311 Pacis
1826 2248 2116 2325 equidem
2141 2268 2300 2312 sem·

239 2347 353 2407 per
378 2337 593 2391 auctor
620 2330 725 2402 fui,
760 2332 873 2393 sed
894 2340 1019 2393 tum
1044 2348 1183 2395 sero
1199 2356 1215 2388 ι
1249 2344 1377 2394 erat
1405 2333 1564 2394 enim
1595 2332 1869 2406 amentiS,
1895 2348 2080 2411 quum
2105 2335 2303 2396 eciem

240 2414 513 2485 videres,
557 2428 771 2489 pacem
816 2416 1103 2493 cogitare.
1190 2416 1446 2488 OmneS,
1475 2416 1746 2492 inquam,
1775 2412 2021 2477 vincere
2051 2419 2300 2479 voleba-

239 2514 408 2559 mus=
442 2506 510 2558 tu
546 2506 709 2558 certe
738 2496 1097 2572 praecipue,
1126 2500 1227 2573 qui
1265 2498 1324 2559 in
1354 2516 1492 2559 eum
1523 2503 1724 2561 locum
1755 2514 2032 2573 veneras,
2059 2501 2167 2561 ubi
2199 2500 2298 2563 tibi

236 2588 411 2641 esset
438 2580 835 2657 pereundum,
864 2580 983 2641 nisi
1018 2580 1293 2641 vicisses.
1376 2582 1752 2658 Quamquam
1769 2630 1785 2647 .
1826 2592 1892 2645 ut
1913 2598 2077 2644 nune
2099 2600 2171 2645 se
2199 2600 2296 2644 res

240 2664 439 2735 habet,
473 2681 594 2725 non
624 2663 832 2725 dubito
864 2662 1007 2740 quin
1035 2664 1193 2725 hene
1223 2665 1478 2727 salutem
1503 2675 1844 2743 anteponas
1863 2666 1956 2727 illi
1987 2666 2296 2728 victoriae.

240 2746 317 2807 X.
344 2746 447 2809 29.
473 2748 643 2808 Haec
673 2764 789 2824 ego
821 2764 941 2810 non
966 2748 1252 2820 dicerem,
1282 2748 1540 2823 Tubero,
1571 2749 1626 2811 si
1659 2756 1762 2810 aut
1782 2747 1897 2811 vos
1919 2750 2298 2811 constantiae

241 2839 483 2892 vestrae
510 2839 619 2893 aut
645 2833 967 2894 Caesarem
996 2832 1276 2894 beneficii
1301 2833 1396 2893 sui
1429 2834 1780 2909 poeniteret.
1865 2833 2039 2893 Nune
2070 2848 2297 2906 quaero

244 2921 441 2974 utrum
470 2922 711 2975 vestras
742 2915 993 2977 iniurias
1034 2934 1110 2977 an
1150 2915 1239 2977 rei
1285 2913 1563 2993 publicae
1604 2912 2087 2991 persequamini=
2131 2916 2183 2975 si
2213 2912 2300 2974 rei
2424 2912 2425 2921 ³

244 2996 562 3071 publicae,
594 2998 742 3071 quid
774 2999 850 3059 de
882 3008 1084 3061 vestra
1120 3001 1178 3059 in
1206 2998 1310 3059 illa
1329 3000 1526 3060 'eausa
1559 2998 2016 3074 perseverantia
2045 3012 2299 3073 respon·
2424 2996 2425 2999 ’

244 3076 509 3140 debitis?
550 3077 605 3139 si
650 3088 914 3153 vestras,
960 3082 1165 3143 videte
1204 3098 1284 3142 ne
1312 3080 1554 3157 erretiS,
1594 3081 1698 3155 qui
1727 3081 2046 3141 Caesarem
2073 3078 2297 3141 vestris

246 3160 504 3224 inimicis
534 3161 748 3223 iratum
780 3164 913 3223 flore
944 3163 1185 3238 putetis,
1212 3180 1397 3238 quum
1427 3163 1726 3237 ignoverit
1751 3163 1899 3223 suis.

364 3246 576 3318 Itaque
625 3260 769 3303 num
797 3245 900 3304 tibi
932 3244 1145 3303 videor
1179 3244 1242 3302 in
1280 3258 1466 3303 eausa
1499 3244 1720 3318 Ligarii
1749 3260 1892 3305 esse
1923 3254 2302 3321 occupatus?

249 3336 387 3380 num
412 3326 489 3382 de
519 3326 653 3385 eius
685 3327 844 3386 iacto
876 3326 1123 3385 dicere?
1158 3324 1466 3399 Quidquid
1495 3324 1649 3398 dixi,
1680 3326 1759 3385 ad
1791 3341 1972 3386 unam
1998 3340 2300 3387 summam
