2459 3817
208 121 294 187 54
801 123 953 186 PRO
982 125 1045 184 P.
1080 125 1345 187 SESTIO
1382 125 1687 188 ORATIO.

208 289 403 348 toque
426 271 749 338 coniuncta
768 283 953 350 atque
975 276 1318 339 communia
1331 323 1348 352 ,
1379 279 1498 339 hoc
1521 295 1704 339 unum
1723 277 1908 342 habet
1926 275 2256 354 proprium,

206 367 273 418 ut
298 373 379 416 ex
407 357 555 417 urbe
582 357 914 434 expulerit,
945 361 1256 434 relegarit,
1292 377 1415 421 non
1446 362 1584 424 dico
1615 361 1879 435 equitem
1899 363 2256 436 Romanum,

206 457 326 500 non
362 439 809 500 ornatissimum
840 449 1026 516 atque
1066 443 1359 518 optimum
1391 443 1617 518 virum,
1659 461 1784 506 nen
1820 443 2256 506 amicissimum

203 523 293 582 rei
334 523 613 598 publicae
654 523 878 597 civem,
930 543 1065 586 non-
1088 526 1192 586 illo
1235 527 1372 602 ipso
1406 536 1681 602 tempore
1711 543 1833 588 uua
1861 543 2000 590 cum
2039 537 2261 590 senatu

204 615 425 666 etcum
447 605 626 666 bonis
648 607 931 671 omnibus
956 625 1166 670 casum
1188 609 1368 672 amici
1393 609 1607 686 reique
1629 611 1910 686 publicae
1930 612 2250 685 lugentem,

205 691 317 750 sed
342 691 541 748 civem
562 690 905 750 Romanum
924 689 1060 750 sine
1079 694 1203 752 ullo
1226 692 1454 754 iudicio
1480 700 1547 754 ut
1568 693 1772 754 edicto
1797 708 1875 752 ex
1895 690 2092 765 patria
2111 705 2255 751 con-

204 775 303 833 sul
328 772 593 832 eiecerit.
650 772 750 832 30.
774 771 937 833 Nihil
952 774 1238 836 acerbius
1261 775 1428 836 socii
1441 783 1503 836 et
1522 775 1720 839 Latini
1741 777 1906 836 ferre
1925 771 2083 834 soliti
2111 780 2258 834 sunt

208 871 389 928 quam
422 871 521 926 se,
568 855 631 914 id
662 855 829 930 quod
866 873 1115 930 perraro
1156 857 1406 930 accidit,
1457 873 1537 918 ex
1575 858 1726 920 urbe
1766 855 1938 918 exite
1967 873 2005 915 a
2037 871 2253 916 consu

204 937 365 998 libus
399 936 613 998 iuberi.
696 940 903 1014 Atque
938 938 1057 1000 illis
1082 947 1211 1004 tum
1255 949 1392 1002 crat
1420 939 1652 1000 reditus
1687 941 1748 1000 in
1779 955 1928 1000 suas
1961 937 2254 1010 civitates,

204 1006 327 1080 ad
314 1037 466 1086 suos
482 1021 685 1081 Lares
702 1021 1027 1084 familiares
1058 1023 1153 1083 et
1136 1041 1200 1083 ιιι
1227 1023 1332 1083 illo
1361 1021 1664 1084 communi
1685 1021 2070 1087 incommodo
2095 1022 2260 1082 nulla

203 1104 265 1165 in
306 1119 675 1179 quemquam
712 1104 962 1180 propria
1004 1105 1337 1202 ignominia
1375 1104 1723 1168 nominatim
1766 1106 2040 1168 cadebat.
2123 1105 2257 1164 Hoc

204 1203 353 1248 vero
398 1189 544 1261 quid
586 1195 723 1250 est?
774 1187 1198 1251 exterminabit
1243 1189 1412 1250 cives
1445 1190 1760 1250 Romanos
1797 1187 1997 1248 edicto
2039 1187 2258 1250 consul

203 1288 243 1330 a
272 1269 403 1331 suis
432 1269 527 1329 dis
560 1270 925 1345 penatibus?
953 1273 1219 1346 expellet
1239 1287 1318 1332 ex
1349 1273 1580 1346 patria?
1607 1272 1831 1346 deliget
1851 1287 2034 1346 quem
2071 1269 2256 1337 volet,

203 1352 511 1414 damnabit
540 1363 725 1428 atque
754 1353 957 1416 eiiciet
974 1353 1368 1416 nominatim?
1417 1354 1560 1426 Hic,
1597 1354 1650 1419 si
1677 1370 1962 1430 umquam
1987 1368 2099 1413 vos
2122 1368 2252 1422 eos,

205 1437 310 1510 qui
340 1453 501 1496 nunc
531 1437 712 1509 estis,
756 1436 819 1496 iu
846 1453 917 1497 re
945 1437 1348 1512 publica‘fore
1376 1446 1684 1512 putasset,
1731 1435 1787 1498 si
1815 1436 2078 1512 denique
2109 1435 2252 1492 ima-

202 1520 403 1595 ginem
434 1519 796 1582 iudiciorum
825 1528 929 1584 aut
954 1521 1340 1581 simulacrum
1369 1519 1617 1594 aliquod
1647 1522 1907 1582 futurum
1931 1518 1994 1579 in
2016 1517 2260 1578 civitate

202 1604 501 1677 reliquum
543 1603 934 1674 credidisset,
983 1620 1270 1679 umquam
1310 1619 1499 1664 ausus
1541 1613 1710 1666 esset
1753 1612 2030 1664 senatum
2071 1601 2150 1660 de
2188 1615 2258 1658 re

202 1685 447 1761 publica
485 1687 727 1759 tollere,
776 1685 1047 1762 equitum
1072 1688 1483 1748 Romanorum
1529 1703 1748 1762 preces
1779 1682 2126 1761 aspernari,
2173 1680 2258 1742 ci-

204 1769 369 1830 vium
408 1769 677 1846 denique
707 1769 967 1832 omnium
1000 1770 1179 1833 novis
1220 1778 1284 1832 et
1320 1769 1609 1831 inauditis
1639 1769 1855 1830 edictis
1884 1767 1982 1829 ius
2016 1766 2256 1829 liberta-

201 1859 447 1928 temque
468 1861 861 1928 perverteret
914 1853 1015 1914 31.
1044 1853 1180 1916 Etsi
1198 1869 1296 1914 me
1317 1851 1734 1914 attentissimis
1757 1850 1990 1923 animis,
2022 1864 2260 1912 summa

202 1952 339 1997 cum
377 1937 746 2012 benignitate
785 1937 1035 2008 audine,
1084 1936 1350 2010 iudices,
1397 1945 1596 1998 tamen
1625 1951 1846 1997 vereor
1877 1949 1955 1994 ne
1986 1932 2127 2008 quis
2155 1945 2255 1990 ve·

202 2029 395 2080 strum
424 2021 579 2080 forte
619 2021 866 2080 miretur
894 1981 1043 2094 quid
1070 2018 1224 2079 haec
1253 2035 1388 2080 mea
1416 2018 1608 2080 oratio
1642 2026 1764 2080 tam
1793 2019 1976 2092 longa
2003 2023 2108 2075 aut
2137 2021 2257 2074 tam

200 2103 321 2161 alte
360 2102 617 2174 repetita
655 2101 801 2162 velit
837 2111 941 2162 aut
974 2101 1121 2176 quid
1160 2102 1240 2161 ad
1269 2102 1330 2160 P.
1364 2101 1548 2164 Sestii
1577 2117 1826 2162 causam
1858 2113 2097 2171 eorum,
2153 2092 2260 2169 qui

202 2191 343 2245 ante
382 2183 563 2245 huius
601 2183 965 2245 tribunatum
998 2199 1125 2242 rem
1162 2183 1462 2256 publicam
1494 2191 1820 2256 vexarunt,
1869 2179 2089 2242 delicta
2122 2194 2256 2253 per-

200 2267 456 2329 tineant:
530 2265 675 2326 mihi
708 2275 911 2326 autem
951 2265 1068 2328 hoc
1109 2266 1496 2340 propositum
1523 2277 1648 2340 est,
1699 2265 2022 2327 ostendere
2051 2259 2256 2322 omnia

202 2349 459 2410 consilia
496 2349 559 2407 P.
595 2348 781 2410 Sestii
812 2355 1197 2423 mentemque
1237 2349 1422 2412 totius
1467 2349 1804 2411 tribunatus
1843 2348 2002 2408 hanc
2046 2344 2254 2416 fuisse,

204 2441 269 2494 ut
306 2430 591 2492 adflictae
628 2439 691 2490 et
732 2430 1017 2506 perditae,
1045 2431 1134 2491 rei
1174 2433 1455 2507 publicae
1489 2441 1778 2506 quantum
1809 2437 2025 2506 posset
2050 2427 2253 2488 mede·

202 2523 385 2578 retur.
437 2517 532 2576 Ac
558 2513 613 2574 si
643 2513 704 2573 in
734 2513 1121 2588 exponendis
1149 2514 1504 2576 vulneribus
1531 2513 1652 2578 illis
1683 2515 1760 2574 de
1787 2531 1884 2574 me
1913 2513 2052 2588 ipso
2083 2511 2258 2586 plura

201 2599 407 2658 dicere
436 2597 722 2669 videbor,
752 2597 1146 2672 ignoscitote!
1207 2598 1361 2659 Nam
1385 2605 1445 2658 et
1464 2598 1628 2661 illam
1655 2613 1852 2658 meam
1879 2596 2112 2656 cladem
2144 2607 2256 2651 vos

202 2689 262 2741 et
290 2696 503 2740 omnes
536 2680 679 2740 boni
710 2679 1035 2744 maximum
1064 2697 1208 2742 esse
1235 2680 1327 2742 rei
1353 2681 1634 2756 publicae
1684 2682 1906 2742 vulnus
1939 2672 2256 2739 iudicastis

201 2769 263 2824 et
286 2763 349 2822 P.
381 2762 619 2824 Sestius
652 2771 749 2824 est
778 2780 923 2826 reus
953 2781 1075 2825 non
1106 2781 1253 2837 suc,
1301 2763 1415 2824 sed
1447 2779 1582 2824 meo
1614 2762 1889 2836 nomine,
1935 2759 2039 2836 qui
2072 2773 2256 2833 quum

201 2862 441 2908 omnem
468 2845 589 2906 vim
632 2846 733 2908 sui
755 2846 1095 2910 tribunatus
1135 2847 1197 2906 in
1242 2862 1381 2906 mea
1405 2849 1601 2907 salute
1629 2840 2106 2921 consumpserit,
2151 2856 2257 2900 ne-

200 2945 383 2991 cesse
411 2937 506 2990 est
532 2945 729 2989 meam
762 2947 1011 2992 causam
1038 2929 1350 3006 praeteriti
1379 2928 1668 3006 temporis
1705 2945 1844 2990 cum
1871 2925 2052 2990 huius
2079 2939 2256 3000 prae·

200 3012 358 3074 senti
389 3012 747 3074 defensione
776 3029 919 3072 esse
953 3014 1355 3074 coniunctam.

364 3095 523 3154 XIV.
552 3093 673 3154 32..
699 3095 843 3156 Erat
869 3096 1048 3170 igitur
1070 3097 1135 3157 in
1177 3098 1342 3156 luctu
1371 3103 1652 3156 senatus·
1695 3094 2015 3168 squalebat
2041 3088 2258 3152 civitas

198 3178 445 3254 publico
488 3175 746 3240 consilio
792 3187 963 3240 veste
1010 3185 1263 3241 mutata.
1315 3178 1546 3238 nullum
1587 3185 1716 3237 erat
1755 3176 1964 3236 Italiae
2005 3169 2260 3234 munici-

197 3262 394 3336 pium,
424 3262 590 3322 nulla
616 3261 887 3336 colonia,
919 3263 1081 3322 nulla
1113 3263 1518 3337 praefectura,
1547 3261 1712 3320 nulla
1729 3259 1961 3318 Romae
1989 3255 2260 3318 societas

197 3343 611 3420 vectigalium,
654 3344 880 3407 nullum
910 3343 1230 3417 collegium
1261 3351 1366 3404 aut
1395 3342 1715 3404 concilium
1745 3349 1848 3402 aut
1878 3339 2122 3403 omnino
2151 3335 2266 3399 ali·
