2459 3817
243 87 327 154 98
726 95 803 156 IN
833 95 895 155 C.
926 95 1256 155 VERREM
1277 95 1448 155 Ac'r.
1483 96 1555 154 11.
1583 97 1726 156 LIB.
1754 96 1858 156 lv.

250 261 391 322 pam
425 244 779 320 crimenque
810 253 1079 320 cuperet,
1100 253 1301 306 tamen
1329 243 1384 306 is
1407 245 1708 320 proficere
1736 243 1882 306 nihil
1910 254 2144 321 posset.
2177 247 2299 309 Eos

248 328 410 390 enim
441 326 671 389 deduxi
698 333 889 388 testes
912 333 972 388 et
992 343 1101 388 eas
1129 326 1360 388 litteras
1390 326 1730 403 deportavi,
1753 335 1819 390 ut
1838 328 1917 388 de
1937 327 2116 390 istius
2141 330 2299 390 facto

250 409 497 472 dubium
527 426 669 471 esse
700 409 926 471 nemini
957 418 1189 485 posset.
1244 409 1346 472 92.
1382 408 1670 471 Publicae
1708 409 1942 472 litterae
1981 418 2154 482 sunt,
2197 413 2302 473 de·

248 500 549 569 portatum
570 492 933 554 Mercurium
960 507 1103 554 esse
1124 491 1473 552 Messanam
1503 500 1748 568 sumptu
1775 492 2018 568 publico
2035 515 2050 546 =
2081 493 2302 568 dicent,

252 574 460 651 quanti
474 598 490 631 ε
543 575 888 650 praefuisse
939 573 1081 636 huic
1130 575 1376 649 negotio
1433 573 1676 650 publice
1731 575 1996 649 legatum
2038 575 2300 637 Poleam.

250 657 450 732 Quid?
488 655 544 717 is
580 657 683 718 ubi
712 664 846 718 est?
896 657 1145 717 Praesto
1174 664 1299 718 este
1340 655 1516 718 testis
1561 665 1674 718 est.
1732 655 2023 732 Proagori
2061 657 2320 733 Sopatri.

251 740 445 801 iussu.
488 739 637 813 Quis
666 747 763 801 est
787 737 931 800 hic?
982 738 1089 814 qui
1126 739 1209 800 ad
1251 747 1506 802 statuam
1535 737 1822 800 astrictus
1851 747 1964 802 est.
2021 739 2219 814 Quid?
2247 741 2303 802 is

248 823 354 883 ubi
384 829 521 883 est?
564 822 823 883 Vidistis
854 821 1161 882 hominem
1191 829 1252 884 et
1274 823 1464 884 verba
1487 821 1624 884 eius
1651 819 1928 882 audistis.
1961 823 2304 884 Demolien·

254 904 397 966 dum
431 905 663 966 curavit
690 903 1031 966 Demetrius
1056 903 1580 980 gymnasiarchus,
1603 904 1770 979 quod
1797 902 1851 962 is
1873 903 1931 963 ei
1957 905 2098 966 loco
2128 921 2304 980 prae·

254 996 399 1049 erat.
466 986 668 1064 Quid?
707 987 826 1048 hoc
868 1002 982 1048 nos
1025 984 1327 1046 dicimus?
1383 987 1572 1047 Immo
1603 1001 1754 1046 vero
1795 984 1933 1061 ipse
1974 1003 2272 1061 praesens

250 1072 482 1131 Romae
522 1086 718 1144 nuper
772 1068 977 1144 ipsum
1004 1067 1186 1130 istum
1218 1083 1364 1130 esse
1389 1067 1753 1143 pollicitum,
1787 1083 1932 1130 sese
1969 1068 2036 1128 id
2061 1068 2300 1144 signum

250 1152 465 1228 legatis
490 1152 863 1214 redditurum
878 1198 894 1225 ,
940 1150 995 1213 si
1024 1149 1159 1212 eius
1195 1150 1288 1212 rei
1321 1149 1659 1213 testificatio
1697 1151 2008 1212 tolleretur
2033 1160 2314 1214 cautum--

254 1252 374 1311 que
397 1243 565 1297 esset
592 1252 703 1297 eos
733 1233 1139 1298 testimonium
1162 1250 1286 1296 non
1305 1249 1450 1296 esse
1473 1232 1760 1296 dicturos.
1803 1232 1968 1294 Dixit
1994 1233 2112 1296 hoc
2139 1237 2302 1309 apud

251 1333 369 1376 vos
394 1317 703 1391 Zosippus
732 1325 793 1378 et
820 1317 1143 1390 Ismenias,
1173 1315 1450 1378 homines
1493 1314 1856 1378 nobilissimi
1897 1324 1957 1377 et
1989 1314 2300 1392 principes

252 1398 697 1476 Tyndaritanae
731 1398 1010 1459 civitatis.

417 1480 621 1540 XLIII.
664 1479 764 1541 93.
796 1479 993 1554 Qutdr
1019 1481 1349 1555 Agrigento
1379 1495 1584 1542 nonne
1611 1479 1888 1542 eiusdem
1907 1481 1970 1540 P.
1996 1479 2300 1557 Scipionis

254 1571 734 1634 monumentum,
778 1563 1018 1638 signum
1050 1560 1353 1638 Apollinis
1392 1562 1891 1638 pulcherrimum,
1920 1563 2095 1626 cuius
2123 1563 2184 1624 in
2217 1566 2304 1624 fe-

252 1663 420 1709 more
458 1646 672 1709 litteris
711 1645 956 1708 minutis
1002 1645 1306 1721 argenteis
1353 1659 1574 1706 nomen
1599 1644 1876 1723 Myronis
1927 1653 2058 1708 erat
2089 1644 2300 1708 inseri-

251 1739 439 1806 ptum,
470 1728 915 1805 eersculapii
936 1727 1400 1805 religiosissimo
1431 1730 1572 1790 fano
1599 1727 1938 1790 sustulisti?
1967 1729 2143 1803 Quod
2171 1728 2305 1806 qui-

253 1813 408 1885 dem,
442 1813 693 1888 iudices,
722 1830 908 1888 quum
937 1814 1051 1876 iste
1080 1815 1236 1874 clam
1271 1810 1536 1884 fecisset,
1561 1828 1745 1884 quum
1771 1812 1852 1870 ad
1885 1827 2062 1874 suum
2099 1814 2303 1873 scelus

251 1895 401 1954 illud
431 1896 777 1970 furtumque
808 1896 1103 1956 nefarium
1132 1897 1439 1972 quosdam
1465 1892 1744 1955 homines
1765 1892 2080 1968 improbos
2109 1895 2302 1956 duces

254 1985 438 2048 atque
462 1975 771 2036 adiutores
798 1977 1193 2049 adhibuisset,
1217 1978 1606 2040 vehementer
1628 1985 1928 2038 commota
1947 1976 2160 2039 civitas
2187 1979 2301 2038 est.
2348 2028 2368 2044 „

254 2057 389 2116 Uno
420 2057 579 2116 enim
622 2065 893 2131 tempore
923 2058 1304 2133 Agrigentini
1333 2057 1700 2122 beneficium
1729 2059 2029 2134 Africani,
2061 2058 2304 2134 religio·
2369 2115 2376 2120 .

254 2155 392 2199 nem
407 2138 819 2212 domesticam,
843 2147 1258 2200 ornamentum
1278 2139 1465 2212 urbis,
1489 2140 1778 2204 indicium
1801 2139 2105 2214 victoriae,
2135 2141 2303 2202 testi-

254 2223 520 2284 monium
554 2219 863 2284 societatis
890 2220 1297 2296 requirebant.
1365 2223 1574 2297 Itaque
1605 2225 1682 2284 ab
1707 2222 1818 2296 iis,
1861 2225 1966 2299 qui
1993 2223 2306 2300 principes

255 2304 315 2365 in
347 2321 419 2366 ea
449 2305 690 2366 civitate
723 2310 912 2376 erant,
943 2302 1311 2378 praecipitur
1339 2312 1400 2366 et
1423 2307 1734 2379 negotium
1766 2307 1944 2368 datur
1967 2305 2305 2382 quaestori·

254 2389 370 2447 bus
400 2395 459 2448 et
486 2385 804 2457 aedilibuS,
833 2393 901 2446 ut
939 2394 1123 2447 noctu
1155 2385 1392 2461 vigilias
1432 2397 1684 2462 agerent
1721 2389 1802 2448 ad
1838 2390 2028 2450 aedes
2071 2405 2304 2450 sacras·

256 2469 491 2528 Etenim
517 2468 974 2543 isteAgrigenti,
998 2469 1181 2529 credo
1205 2477 1456 2544 propter
1476 2469 1913 2532 multitudinem
1935 2472 2174 2532 illorum
2193 2471 2307 2532 ho-

254 2550 479 2611 minum
501 2558 684 2626 atque
696 2549 990 2622 virtutem,
1016 2558 1078 2611 et
1099 2553 1264 2625 quod
1289 2551 1456 2612 cives
1477 2552 1752 2628 Romani,
1773 2553 1888 2613 viri
1911 2556 2099 2615 sortes
2121 2562 2310 2629 atque

256 2634 529 2708 honesti,
574 2632 853 2709 permulti
884 2633 943 2694 in
984 2633 1088 2694 illo
1125 2632 1355 2709 oppido
1387 2634 1882 2698 coniunctissimo
1923 2637 2124 2697 animo
2167 2652 2309 2698 cum

255 2715 409 2790 ipsis
437 2715 848 2792 Agrigentinis
880 2718 1089 2776 vivunt
1113 2732 1187 2776 ac
1220 2717 1622 2792 negotiantur,
1666 2735 1786 2778 non
1817 2720 2080 2780 audebat
2106 2721 2312 2794 palam

258 2813 519 2873 poscere
547 2808 651 2860 aut
671 2799 884 2860 tollere
908 2815 1066 2874 quae
1089 2798 1430 2873 placebant.
1471 2798 1571 2861 94.
1599 2799 1878 2862 Herculis
1902 2802 2189 2876 templum
2213 2810 2314 2862 est

254 2880 419 2956 apud
450 2880 911 2958 AgrigentinOS,
956 2898 1077 2942 non
1117 2884 1300 2957 longe
1343 2899 1378 2942 a
1421 2884 1586 2956 foro,
1627 2899 1776 2943 sane
1819 2891 2094 2946 sanctum
2139 2884 2315 2958 apud

253 2962 392 3024 illos
416 2972 476 3024 et
495 2963 864 3039 religiosum.
895 2964 982 3024 Ibi
1004 2972 1095 3024 est
1118 2979 1196 3024 ex
1220 2981 1362 3025 aere
1385 2963 1769 3026 simulacrum
1791 2962 1990 3040 ipsius
2007 2965 2315 3038 HerculiS,

256 3063 377 3122 quo
400 3064 520 3108 non
548 3047 723 3108 facile
746 3047 999 3106 dixerim
1024 3047 1357 3122 quidquam
1377 3063 1476 3107 me
1499 3047 1729 3108 vidisse
1754 3047 2042 3122 pulcrius,
2067 3047 2316 3108 tametsi

255 3147 377 3190 non
420 3137 539 3191 tam
580 3131 829 3190 multum
867 3129 927 3190 in
969 3129 1103 3190 istis
1144 3131 1330 3190 rebus
1370 3129 1670 3204 intelligo,
1713 3133 2120 3204 quam-multa
2161 3128 2316 3204 vidi,

253 3229 453 3288 usque
484 3230 579 3284 eo,
613 3211 868 3288 iudiceS,
894 3221 963 3274 ut
986 3212 1200 3274 rictum
1232 3212 1366 3274 eius
1396 3229 1469 3272 ac
1497 3221 1762 3273 mentum
1792 3213 1997 3288 paullo
2035 3212 2114 3274 sit
2139 3211 2317 3293 ειιιή·ἱ

256 3295 393 3370 tius,
424 3297 591 3370 quod
619 3296 677 3356 in
709 3296 995 3374 precibus
1025 3303 1084 3356 et
1116 3294 1614 3369 gratulationibus
1644 3311 1768 3356 non
1798 3296 1996 3357 solum
2023 3294 2089 3356 id
2122 3311 2324 3356 vene-
