2459 3817
853 219 1016 279 CAP.
1058 227 1322 283 zzz—26.
1362 224 1415 284 s.
1442 226 1707 281 64—71.
2094 232 2099 236 ·
2222 218 2305 282 19

245 380 432 445 atque
461 369 795 442 dedecore,
837 367 956 430 nisi
980 372 1316 442 praerupta
1336 363 1611 435 audacia,
1638 364 1758 427 nisi
1798 376 1961 427 tanta
1998 364 2301 427 temeritas

245 462 314 512 ut
351 468 476 512 non
517 454 734 526 procul
773 451 1098 513 abhorreat
1144 450 1222 509 ab
1267 450 1522 512 insania.
1589 449 1865 511 Accedat
1906 449 2029 509 huc
2057 458 2301 521 oportet

245 534 454 597 odium
483 533 752 608 parentis
767 578 782 605 ,
825 531 1375 597 animadversionis
1404 541 1695 606 paternae
1719 539 1945 604 metue,
1988 530 2165 591 amici
2193 531 2301 589 im—

242 615 454 691 probi,
497 616 660 679 servi
687 614 950 687 conscii,
993 624 1237 689 tempus
1272 614 1587 686 idoneum,
1622 616 1797 675 locus
1826 622 2170 688 opportune
2200 629 2299 671 ea-

241 708 386 773 ptus
427 698 506 761 ad
547 714 684 761 eam
710 714 870 757 rems
913 713 1113 771 paene
1143 696 1370 769 dicam,
1402 712 1723 771 respersas
1756 712 1973 757 manus
2002 696 2301 769 sanguine

239 790 498 855 paterno
531 780 768 844 iudices
800 779 1048 841 videant
1079 788 1325 854 oportet
1346 824 1362 852 ‚
1391 780 1444 841 si
1471 788 1703 840 tantum
1738 778 2005 852 racinuS,
2036 788 2160 839 tam
2186 778 2297 839 im-

239 880 448 935 mane,
490 871 614 925 tam
637 863 925 925 acerbum
953 861 1240 925 credituri
1274 871 1431 925 sunt.
1516 861 1618 923 69.
1666 860 1865 934 Quare
1888 861 2010 921 hoc
2040 878 2165 935 quo
2190 860 2299 921 mi-

239 962 360 1007 nus
394 954 490 1007 est
519 944 840 1018 credibile,
879 945 996 1006 nisi
1029 944 1401 1018 ostenditur,
1432 959 1506 1005 eo
1534 943 1729 1017 magis
1758 952 1881 1016 est,
1908 943 1963 1003 si
1991 944 2298 1005 convinci·

240 1038 367 1100 tur,
405 1027 854 1091 vindicandum.
896 1028 1081 1091 XXV.
1111 1028 1325 1100 Itaque
1352 1044 1543 1102 quum
1570 1026 1773 1089 multis
1802 1042 1882 1087 ex
1907 1027 2091 1085 rebus
2124 1025 2297 1087 intel·

238 1110 346 1184 ligi
371 1118 575 1185 potest
599 1108 862 1173 maiores
885 1119 1135 1173 nostros
1161 1126 1285 1173 uon
1326 1110 1511 1171 modo
1544 1108 1729 1171 armis
1760 1110 1901 1183 plus
1938 1126 2120 1183 quam
2158 1125 2298 1170 cae-

237 1203 405 1255 teras
433 1193 715 1255 nationes
731 1239 746 1266 ,
787 1208 999 1255 verum
1030 1192 1212 1255 etiam
1245 1191 1503 1255 consilio
1534 1190 1959 1267 sapientiaque
1998 1191 2297 1267 potuisse,

238 1284 370 1335 tum
399 1290 477 1335 ex
509 1275 624 1335 hac
657 1291 726 1335 re
747 1277 846 1335 vel
867 1275 1159 1348 maxime,
1191 1276 1361 1349 quod
1388 1274 1449 1335 in
1476 1274 1698 1349 impios
1728 1274 2037 1348 singulare
2065 1274 2296 1349 suppli·

243 1356 404 1417 cium
433 1354 812 1417 invenerunt.
863 1356 993 1429 Qua
1019 1356 1083 1419 in
1110 1373 1178 1417 re
1207 1365 1499 1433 quantum
1533 1356 1855 1431 prudentia
1890 1356 2299 1431 praestiterint

237 1438 347 1511 iis,
391 1437 496 1513 qui
529 1439 696 1512 apud
737 1448 1011 1501 caeteros
1041 1438 1475 1514 sapientissimi
1509 1438 1703 1499 fuisse
1736 1438 2048 1512 dicuntur,
2095 1437 2295 1500 consi-

239 1522 465 1581 derate.
553 1518 654 1583 70.
707 1521 1180 1585 Prudentissima
1227 1521 1443 1583 civitas
1482 1521 1945 1583 Atheniensium
1960 1568 1975 1596 ,
2030 1524 2175 1583 dum
2222 1538 2298 1580 ea

237 1620 438 1663 rerum
481 1604 675 1679 potita
717 1613 837 1677 est,
897 1604 1090 1665 fuisse
1129 1606 1401 1665 traditur.
1476 1604 1623 1665 Eius
1664 1620 1851 1679 porro
1892 1604 2153 1665 civitatis
2199 1620 2294 1663 sa-

239 1684 680 1759 pientissimum
723 1686 1011 1749 Solonem
1052 1686 1261 1749 dicunt
1289 1688 1513 1760 fuisse,
1560 1704 1728 1759 eum,
1776 1686 1881 1761 qui
1912 1689 2113 1760 leges,
2163 1687 2293 1761 qui-

239 1768 356 1828 bus
383 1768 568 1831 hodie
599 1785 848 1844 quoque
877 1778 1152 1841 utuntur,
1185 1769 1519 1845 scripserit.
1587 1770 1649 1829 Is
1682 1784 1868 1841 quum
1895 1770 2293 1843 interrogare-

237 1859 333 1911 tur
375 1866 484 1913 cm·
513 1852 744 1913 nullum
783 1850 1153 1926 supplicium
1195 1851 1617 1912 constituisset
1638 1849 1701 1909 in
1730 1866 1901 1922 eum,
1946 1850 2052 1923 qui
2080 1866 2294 1924 paren-

236 1940 358 1994 tem
397 1941 714 2004 necasset,
764 1934 1086 2005 respondit
1125 1951 1194 1995 se
1235 1934 1299 1991 id
1337 1932 1638 1991 neminem
1684 1934 1981 1993 facturum
2024 1942 2293 2007 putasse.

240 2013 562 2089 Sapienter
607 2014 834 2075 fecisse
873 2013 1121 2088 dicitur,
1163 2032 1353 2089 quum
1394 2016 1471 2075 de
1500 2031 1578 2075 eo
1608 2015 1755 2075 nihil
1784 2017 2081 2089 sanxerit,
2124 2016 2294 2091 quod

236 2105 420 2158 antea
448 2096 840 2157 commissum
867 2112 992 2155 non
1025 2106 1182 2171 erat,
1211 2114 1291 2157 ne
1318 2114 1441 2158 non
1469 2106 1591 2157 tam
1618 2097 1945 2174 prohibere
1976 2115 2157 2173 quam
2186 2099 2292 2157 ad-

237 2192 490 2238 monere
532 2178 856 2239 videretur.
925 2178 1160 2252 Quanto
1194 2181 1389 2241 nostri
1438 2180 1704 2243 maiores
1742 2180 2125 2256 sapientius?
2188 2180 2293 2253 qui

239 2276 427 2333 quum
463 2258 867 2335 intelligerent
910 2262 1058 2322 nihil
1100 2279 1243 2323 esse
1287 2272 1410 2324 tam
1450 2271 1759 2337 sanctum,
1800 2264 1970 2337 quod
2016 2281 2137 2325 non
2182 2262 2291 2323 ali-

239 2344 483 2415 quando
516 2342 775 2405 violaret
803 2343 1092 2419 audacia,
1125 2346 1495 2421 supplicium
1525 2347 1586 2406 in
1620 2344 1955 2421 parricidas
1986 2344 2293 2419 singulare

237 2425 770 2500 excogitaverunt,
807 2434 902 2499 ut,
946 2444 1104 2501 quos
1137 2437 1352 2490 natura
1378 2428 1515 2503 ipsa
1540 2428 1803 2489 retinere
1830 2427 1893 2487 in
1928 2426 2137 2488 officio
2167 2445 2291 2489 non

235 2507 565 2581 potuisset,
605 2508 1016 2583 magnitudine
1054 2527 1292 2585 poenae
1332 2528 1371 2570 a
1402 2510 1702 2572 maleficio
1746 2520 2290 2571 summoverentur.

234 2588 400 2649 Insui
424 2591 747 2651 voluerunt
766 2592 828 2651 in
851 2593 1090 2653 culeum
1109 2592 1290 2654 vivos
1312 2600 1497 2668 atque
1516 2592 1579 2652 in
1602 2592 1825 2654 flumen
1852 2591 2049 2653 deiici.
2078 2594 2289 2653 XXVI.

234 2668 333 2733 71.
380 2670 428 2731 Ο
458 2672 826 2748 singularem
849 2674 1239 2749 sapientiam,
1269 2675 1535 2736 iudices!
1578 2676 1792 2735 Nonne
1819 2675 2103 2737 videntur
2129 2676 2289 2736 hunc

233 2754 542 2814 hominem
583 2772 662 2815 ex
701 2772 903 2817 rerum
945 2766 1158 2817 natura
1197 2757 1525 2821 sustulisse
1567 2765 1627 2818 et
1667 2758 2001 2832 eripuisse,
2058 2758 2155 2819 cui
2194 2775 2288 2819 re-

233 2839 419 2910 pente
449 2840 683 2899 caelum
699 2885 715 2912 ,
763 2840 987 2913 solem,
1029 2857 1253 2915 aquam
1278 2848 1623 2914 terramque
1652 2840 2013 2913 ademerint,
2045 2850 2141 2916 ut,
2185 2840 2289 2916 qui

234 2934 374 2979 eum
401 2930 714 2994 necasset,
740 2922 904 2981 unde
931 2922 1067 2996 ipse
1095 2932 1275 2984 natus
1298 2931 1491 2995 esset,
1522 2932 1755 2983 careret
1780 2922 1855 2983 iis
1885 2924 2069 2985 rebus
2100 2923 2288 2984 omni-

236 3014 384 3073 nus,
425 3018 506 3061 cx
552 3003 774 3077 quibus
803 3004 1008 3065 omnia
1049 3014 1190 3065 nata
1220 3020 1364 3065 esse
1393 3004 1716 3065 dicuntur?
1774 3007 2109 3067 Noluerunt
2140 3005 2287 3066 feris

233 3100 460 3158 corpus
491 3084 784 3159 obiicere,
817 3102 896 3145 ne
922 3086 1137 3147 bestiis
1173 3102 1451 3161 quoque,
1486 3104 1642 3161 quae
1670 3096 1893 3149 tantum
1926 3090 2129 3150 scelus
2157 3086 2287 3148 atti-

233 3164 497 3240 gissent,
541 3166 997 3229 irnmanioribus
1037 3166 1372 3230 uteremur:
1430 3186 1551 3230 non
1595 3170 1684 3230 sic
1724 3174 1925 3231 nudos
1968 3171 2029 3230 in
2062 3172 2285 3230 flumen

233 3247 528 3323 deiicere,
558 3266 666 3323 ne,
710 3268 897 3325 quum
926 3250 1109 3312 delati
1138 3260 1349 3313 essent
1374 3251 1435 3311 in
1464 3269 1659 3325 mare,
1699 3254 1899 3328 ipsum
1930 3254 2285 3327 polluerent,

233 3348 356 3405 quo
387 3340 656 3405 caetera,
706 3350 864 3408 quae
895 3332 1122 3396 violata
1161 3344 1333 3409 sunt,
1376 3333 1610 3408 expiari
1651 3344 1963 3408 putantur:
2023 3331 2287 3407 denique

233 3412 380 3473 nihil
422 3422 539 3474 tam
573 3414 690 3475 vile
729 3432 932 3491 neque
959 3424 1079 3477 tam
1115 3418 1364 3491 vulgare
1395 3424 1491 3475 est
1519 3416 1691 3476 cuius
1721 3426 1956 3491 partem
1984 3416 2163 3475 ullam
2193 3433 2287 3475 re-

1732 3509 1834 3573 2*
