2459 3817
278 155 365 222 80
890 152 1040 216 PRO
1069 155 1133 214 P.
1168 152 1436 216 SESTIO
1467 153 1770 214 ORATIO.

286 326 508 387 meque
538 307 805 384 optabile
836 305 1118 368 omnibus
1148 304 1318 366 sanis
1345 303 1614 366 ethonis
1643 313 1705 365 et
1728 303 1955 380 beatis,
1987 319 2126 366 cum
2155 301 2338 382 'digni-

283 403 407 458 tate
439 394 648 454 otium.
714 393 847 452 Hoc
881 389 987 465 qui
1018 391 1258 462 volunt,
1293 405 1510 448 omnes
1540 387 1892 464 optimates=
1927 388 2032 464 qui
2059 389 2340 462 efficiunt,

285 476 506 540 summi
532 474 649 535 viri
676 483 739 535 et
766 481 1239 534 conservatores
1268 471 1527 532 civitatis
1557 479 1862 546 putantur.
1940 472 2158 547 Neque
2189 471 2340 532 enim

282 576 485 622 rerum
516 557 922 633 gerendarum
953 555 1246 631 dignitate
1279 554 1558 614 homines
1587 554 1791 614 efferri
1822 553 1905 614 ita
1931 555 2242 627 convenit,
2280 564 2344 616 ut

282 643 409 703 otio
466 657 589 701 non
632 639 1036 716 prospiciant,
1088 653 1292 713 neque
1335 639 1522 697 ullum
1560 639 1895 712 amplexari
1940 637 2134 698 otium
2181 640 2343 713 quod

284 726 609 787 abhorreat
634 740 675 783 a
702 723 1010 798 dignitate.
1068 722 1275 781 XLVI.
1311 719 1508 780 Huius
1535 728 1736 781 autem
1773 721 2013 782 otiosae
2039 720 2344 794 dignitatis

282 808 439 870 haec
462 807 853 867 fundamenta
876 813 1035 878 sunt,
1060 805 1213 865 haec
1235 804 1521 877 membra,
1545 819 1707 878 quae
1727 805 1954 864 tuenda
1968 803 2344 878 principibus

283 901 347 953 et
366 893 467 952 vel
498 889 719 966 capitis
749 889 1023 965 periculo
1049 888 1439 948 defendenda
1461 895 1629 946 sunt=
1659 887 2018 962 religiones,
2053 886 2342 961 auspicia,

282 983 622 1050 potestates
650 973 1105 1048 magistratuum
1122 1017 1138 1044 ,
1172 979 1423 1031 senatus
1447 969 1806 1042 auctoritaS,
1833 971 2034 1045 leges,
2065 985 2199 1030 mos
2223 985 2344 1028 ma·

281 1059 509 1131 iorum,
540 1056 790 1130 iudicia,
834 1055 983 1116 iuris
1013 1053 1229 1126 dictio,
1259 1054 1447 1125 fides,
1481 1053 1863 1128 provinciae,
1900 1052 2081 1124 socii,
2111 1051 2344 1126 imperii

285 1143 449 1216 laus,
500 1157 603 1202 res
646 1138 948 1210 militaris,
996 1137 1316 1198 aerarium.
1407 1135 1510 1196 99.
1551 1137 1778 1196 Harum
1818 1153 2019 1196 rerum
2045 1143 2132 1196 tot
2161 1142 2346 1208 atque

284 1233 584 1286 tantarum
632 1239 775 1284 esse
826 1222 1214 1282 defensorem
1263 1228 1326 1280 et
1377 1227 1699 1294 patronum
1746 1220 1950 1294 magni
2003 1217 2182 1278 animi
2233 1225 2345 1290 est,

285 1307 489 1382 magni
524 1303 752 1380 ingenii
793 1319 1173 1378 magnaeque
1214 1301 1614 1364 constantiae.
1695 1302 1928 1362 Etenim
1960 1301 2022 1363 in
2063 1309 2228 1363 tanto
2263 1301 2344 1360 ci-

284 1389 451 1448 vium
492 1402 743 1448 numero
788 1403 1006 1460 magna
1049 1385 1368 1447 multitudo
1403 1394 1498 1447 est
1529 1402 1768 1459 eorum,
1819 1385 1924 1461 qui
1956 1394 2064 1446 aut
2100 1391 2348 1460 propter

284 1479 509 1532 metum
538 1484 781 1545 poenae
810 1477 1202 1544 peccatorum
1225 1485 1475 1530 suorum
1500 1469 1731 1530 conscii
1755 1485 1952 1530 novos
1973 1479 2178 1530 motus
2205 1485 2346 1528 con-

283 1553 731 1628 versionesque
764 1552 853 1612 rei
888 1551 1171 1627 publicae
1200 1561 1528 1626 quaerant,
1561 1561 1666 1614 aut
1695 1553 1798 1626 qui
1831 1562 2082 1628 propter
2108 1551 2348 1612 insitum

286 1638 613 1714 quemdam
651 1635 835 1696 animi
874 1637 1140 1697 furorem
1182 1634 1510 1695 discordiis
1551 1635 1772 1696 civium
1805 1652 1877 1696 ac
1909 1635 2210 1696 seditione
2244 1651 2348 1710 pa·

286 1730 563 1796 scantur,
614 1728 721 1781 aut
760 1719 867 1795 qui
910 1727 1159 1795 propter
1196 1718 1664 1793 implicationem
1705 1718 1794 1780 rei
1836 1718 2146 1779 familiaris
2188 1734 2348 1779 com-

286 1806 450 1868 muni
478 1802 761 1866 incendio
792 1803 1002 1864 malint
1029 1819 1213 1878 quam
1243 1819 1357 1863 suo
1382 1801 1742 1878 deflagrare.
1799 1803 1912 1876 Qui
1961 1817 2149 1877 quum
2196 1808 2348 1862 tuto-

284 1907 387 1952 res
422 1897 566 1952 sunt
596 1897 657 1950 et
697 1888 889 1949 duces
928 1901 1177 1948 suorum
1219 1885 1560 1947 studiorum
1603 1885 2008 1962 vitiorumque
2033 1887 2259 1956 nancti,
2290 1883 2350 1944 in

285 1990 353 2034 re
376 1975 619 2048 publica
643 1970 868 2031 fluctus
892 1969 1251 2042 excitantur,
1281 1977 1345 2030 ut
1366 1968 1736 2044 vigilandum
1761 1969 1841 2030 sit
1859 1970 1955 2044 iis,
1979 1969 2082 2044 qui
2105 1967 2224 2029 sibi
2243 1984 2350 2042 gn·

283 2057 613 2116 bernacula
644 2053 875 2128 patriae
906 2054 1420 2127 depoposcerunt,
1459 2050 1930 2128 enitendumque
1960 2051 2125 2115 omni
2155 2051 2352 2113 scien·

284 2138 371 2198 tia
401 2152 477 2197 ac
519 2135 857 2210 diligentia,
910 2142 979 2195 ut
1018 2136 1402 2196 conservatis
1446 2135 1552 2207 iis,
1605 2152 1764 2212 quae
1805 2153 1922 2211 ego
1963 2137 2172 2212 paullo
2211 2143 2354 2196 ante

285 2221 680 2282 fundamenta
712 2233 785 2278 ac
824 2217 1093 2277 membra
1123 2232 1266 2278 esse
1297 2216 1454 2292 dixi,
1494 2227 1704 2279 tenere
1741 2236 1983 2280 cursum
2019 2219 2264 2294 possint
2295 2226 2354 2278 et

286 2319 510 2379 capere
552 2299 660 2362 otii
690 2300 857 2360 illum
891 2307 1133 2375 portum
1162 2308 1224 2361 et
1252 2300 1580 2375 dignitatis.
1640 2302 1782 2364 100.
1823 2304 1994 2362 Hanc
2023 2317 2140 2376 ego
2173 2302 2349 2372 viam,

284 2385 551 2460 iudiceS,
588 2383 642 2445 si
672 2391 776 2445 aut
802 2399 1085 2458 asperam
1114 2391 1299 2458 atque
1331 2385 1582 2444 arduam
1610 2394 1716 2446 aut
1743 2387 1984 2460 plenam
2011 2400 2157 2446 esse
2194 2384 2352 2460 peri·

284 2471 560 2530 culorum
590 2475 696 2528 aut
736 2465 1091 2527 insidiarum
1137 2481 1388 2542 negem,
1435 2469 1717 2541 mentiar,
1762 2469 2117 2543 praesertim
2165 2483 2354 2542 quum

283 2551 349 2612 id
377 2549 713 2647 non-modo
737 2548 1135 2611 intellexerim
1165 2565 1428 2626 semper,
1457 2551 1572 2612 sed
1597 2551 1776 2613 etiam
1808 2560 2052 2630 praeter
2108 2559 2356 2613 ceteros

283 2649 600 2696 senserim.

450 2717 683 2777 XLVII.
724 2715 1061 2779 Maioribus
1106 2715 1432 2794 praesidiis
1478 2727 1539 2780 et
1579 2717 1774 2794 copiis
1821 2725 2211 2794 oppugnatur
2251 2733 2360 2778 res

285 2799 529 2875 publica
558 2815 743 2876 quam
772 2801 1144 2875 defenditur,
1187 2809 1517 2877 ‘propterea
1559 2803 1728 2878 quod
1769 2803 2038 2863 audaces
2069 2799 2362 2862 homines

282 2890 347 2943 et
386 2881 605 2957 perditi
648 2889 795 2944 nutu
833 2883 1225 2960 impelluntur
1255 2894 1318 2946 et
1355 2884 1475 2960 ipsi
1519 2885 1700 2946 etiam
1741 2893 1962 2961 sponte
1991 2901 2105 2946 sua
2139 2893 2366 2946 contra

282 2980 412 3024 rem
459 2965 765 3041 publicam
805 2967 1155 3029 incitantur=
1210 2967 1359 3028 boni
1399 2968 1611 3029 nescio
1657 2985 1779 3044 quo
1821 2970 2006 3029 modo
2047 2968 2365 3030 tardiores

284 3056 427 3108 sunt
455 3055 516 3108 et
542 3047 857 3125 principiis
887 3065 1090 3112 rerum
1119 3051 1413 3125 neglectis
1443 3052 1524 3112 ad
1552 3060 1888 3114 extremum
1915 3051 2055 3126 ipsa
2081 3051 2368 3126 denique

282 3129 651 3192 necessitate
688 3131 1055 3207 excitantur,
1107 3133 1190 3193 ita
1230 3141 1448 3194 utnon
1489 3151 1819 3211 numquam
1859 3133 2250 3196 cunctatione
2283 3149 2370 3194 ae

282 3214 587 3286 tarditate,
644 3214 789 3275 dum
840 3216 1029 3276 otium
1076 3217 1286 3276 volunt
1325 3216 1504 3276 etiam
1553 3217 1689 3278 sine
1729 3219 2020 3295 dignitate
2067 3218 2367 3289 retinere,

282 3295 404 3370 ipsi
445 3304 767 3370 utrumque
805 3299 1092 3357 amittant.
1177 3297 1318 3360 101.
1364 3297 1856 3376 Propugnatores
1891 3310 2093 3363 autem
2118 3300 2212 3362 rei
2241 3317 2366 3376 pu-

282 3375 478 3440 blicae
520 3377 625 3456 qui
663 3394 809 3440 esse
837 3382 1187 3455 voluerunt,
1236 3380 1291 3440 si
1331 3383 1596 3446 leviores
1637 3395 1808 3460 sunt,
1858 3383 2248 3447 desciscunta
2305 3384 2370 3446 si
