<?xml version="1.0" encoding="UTF-8"?>
<!DOCTYPE html PUBLIC "-//W3C//DTD XHTML 1.0 Transitional//EN"
    "http://www.w3.org/TR/xhtml1/DTD/xhtml1-transitional.dtd">
<html xmlns="http://www.w3.org/1999/xhtml" xml:lang="en" lang="en">
 <head>
  <title>
</title>
<meta http-equiv="Content-Type" content="text/html;charset=utf-8" />
  <meta name='ocr-system' content='tesseract 3.04.00' />
  <meta name='ocr-capabilities' content='ocr_page ocr_carea ocr_par ocr_line ocrx_word'/>
</head>
<body>
  <div class='ocr_page' id='page_1' title='image "./mtulliiciceroni00klotgoog_0319.png"; bbox 0 0 2459 3817; ppageno 0'>
   <div class='ocr_carea' id='block_1_1' title="bbox 226 87 1710 154">
    <p class='ocr_par' dir='ltr' id='par_1_1' title="bbox 226 87 1710 154">
     <span class='ocr_line' id='line_1_1' title="bbox 226 87 1710 154; baseline 0 -4"><span class='ocrx_word' id='word_1_1' title='bbox 226 87 312 152; x_wconf 80' lang='lat'><strong>24</strong></span> <span class='ocrx_word' id='word_1_2' title='bbox 798 87 951 152; x_wconf 78' lang='lat' dir='ltr'><strong>PRO</strong></span> <span class='ocrx_word' id='word_1_3' title='bbox 991 92 1055 151; x_wconf 91' lang='lat' dir='ltr'><strong>P.</strong></span> <span class='ocrx_word' id='word_1_4' title='bbox 1103 93 1355 154; x_wconf 86' lang='lat' dir='ltr'><strong>SULLA</strong></span> <span class='ocrx_word' id='word_1_5' title='bbox 1400 87 1710 154; x_wconf 83' lang='lat' dir='ltr'><strong>ORATIO.</strong></span> 
     </span>
    </p>
   </div>
   <div class='ocr_carea' id='block_1_2' title="bbox 218 256 2304 3426">
    <p class='ocr_par' dir='ltr' id='par_1_2' title="bbox 218 256 2304 3426">
     <span class='ocr_line' id='line_1_2' title="bbox 232 256 2296 335; baseline 0.002 -18"><span class='ocrx_word' id='word_1_6' title='bbox 232 263 646 333; x_wconf 80' lang='lat' dir='ltr'><strong>compareant.</strong></span> <span class='ocrx_word' id='word_1_7' title='bbox 736 257 907 332; x_wconf 80' lang='lat' dir='ltr'><strong>Quae</strong></span> <span class='ocrx_word' id='word_1_8' title='bbox 957 258 1179 320; x_wconf 86' lang='lat' dir='ltr'><strong>domus</strong></span> <span class='ocrx_word' id='word_1_9' title='bbox 1222 258 1554 320; x_wconf 81' lang='lat' dir='ltr'>celebratio</span> <span class='ocrx_word' id='word_1_10' title='bbox 1599 256 1936 321; x_wconf 86' lang='lat' dir='ltr'><strong>cotidiana!</strong></span> <span class='ocrx_word' id='word_1_11' title='bbox 1997 276 2157 335; x_wconf 89' lang='lat' dir='ltr'><strong>quae</strong></span> <span class='ocrx_word' id='word_1_12' title='bbox 2201 261 2296 321; x_wconf 75' lang='lat' dir='ltr'><strong>fa·</strong></span> 
     </span>
     <span class='ocr_line' id='line_1_3' title="bbox 229 339 2291 419; baseline 0.001 -17"><span class='ocrx_word' id='word_1_13' title='bbox 229 341 547 404; x_wconf 83' lang='lat' dir='ltr'><strong>miliarium</strong></span> <span class='ocrx_word' id='word_1_14' title='bbox 590 339 891 416; x_wconf 78' lang='lat' dir='ltr'>dignitas!</span> <span class='ocrx_word' id='word_1_15' title='bbox 949 359 1111 417; x_wconf 89' lang='lat' dir='ltr'><strong>quae</strong></span> <span class='ocrx_word' id='word_1_16' title='bbox 1150 342 1356 404; x_wconf 88' lang='lat' dir='ltr'><strong>studia</strong></span> <span class='ocrx_word' id='word_1_17' title='bbox 1393 343 1758 404; x_wconf 84' lang='lat' dir='ltr'><strong>amicorum!</strong></span> <span class='ocrx_word' id='word_1_18' title='bbox 1809 359 1972 419; x_wconf 89' lang='lat' dir='ltr'><strong>quae</strong></span> <span class='ocrx_word' id='word_1_19' title='bbox 2011 361 2090 404; x_wconf 87' lang='lat' dir='ltr'><strong>ex</strong></span> <span class='ocrx_word' id='word_1_20' title='bbox 2131 361 2291 418; x_wconf 90' lang='lat' dir='ltr'><strong>quo-</strong></span> 
     </span>
     <span class='ocr_line' id='line_1_4' title="bbox 232 424 2294 502; baseline 0.001 -16"><span class='ocrx_word' id='word_1_21' title='bbox 232 441 356 501; x_wconf 86' lang='lat' dir='ltr'><strong>que</strong></span> <span class='ocrx_word' id='word_1_22' title='bbox 390 424 607 487; x_wconf 80' lang='lat' dir='ltr'><strong>ordine</strong></span> <span class='ocrx_word' id='word_1_23' title='bbox 634 425 991 486; x_wconf 86' lang='lat' dir='ltr'><strong>multitudo!</strong></span> <span class='ocrx_word' id='word_1_24' title='bbox 1032 425 1203 488; x_wconf 91' lang='lat' dir='ltr'><strong>Haec</strong></span> <span class='ocrx_word' id='word_1_25' title='bbox 1233 427 1338 488; x_wconf 87' lang='lat' dir='ltr'><strong>diu</strong></span> <span class='ocrx_word' id='word_1_26' title='bbox 1367 427 1744 502; x_wconf 83' lang='lat' dir='ltr'><strong>multumq&#39;ue</strong></span> <span class='ocrx_word' id='word_1_27' title='bbox 1767 434 1828 488; x_wconf 91' lang='lat' dir='ltr'><strong>et</strong></span> <span class='ocrx_word' id='word_1_28' title='bbox 1855 429 2044 488; x_wconf 90' lang='lat' dir='ltr'><strong>multo</strong></span> <span class='ocrx_word' id='word_1_29' title='bbox 2075 428 2294 488; x_wconf 85' lang='lat' dir='ltr'><strong>labore</strong></span> 
     </span>
     <span class='ocr_line' id='line_1_5' title="bbox 230 508 2292 587; baseline 0 -17"><span class='ocrx_word' id='word_1_30' title='bbox 230 510 513 584; x_wconf 87' lang='lat' dir='ltr'><strong>quaesita</strong></span> <span class='ocrx_word' id='word_1_31' title='bbox 552 524 673 569; x_wconf 87' lang='lat' dir='ltr'><strong>una</strong></span> <span class='ocrx_word' id='word_1_32' title='bbox 704 508 927 585; x_wconf 87' lang='lat' dir='ltr'><strong>eripuit</strong></span> <span class='ocrx_word' id='word_1_33' title='bbox 954 509 1127 571; x_wconf 87' lang='lat' dir='ltr'><strong>hora.</strong></span> <span class='ocrx_word' id='word_1_34' title='bbox 1214 511 1477 587; x_wconf 82' lang='lat' dir='ltr'><strong>Accepit</strong></span> <span class='ocrx_word' id='word_1_35' title='bbox 1513 511 1580 570; x_wconf 92' lang='lat' dir='ltr'><strong>P.</strong></span> <span class='ocrx_word' id='word_1_36' title='bbox 1614 511 1811 578; x_wconf 85' lang='lat' dir='ltr'><strong>Sulla,</strong></span> <span class='ocrx_word' id='word_1_37' title='bbox 1851 509 2116 580; x_wconf 80' lang='lat' dir='ltr'><strong>iudiceS,</strong></span> <span class='ocrx_word' id='word_1_38' title='bbox 2158 514 2292 571; x_wconf 87' lang='lat' dir='ltr'><strong>vul-</strong></span> 
     </span>
     <span class='ocr_line' id='line_1_6' title="bbox 229 592 2296 670; baseline 0.002 -17"><span class='ocrx_word' id='word_1_39' title='bbox 229 609 347 654; x_wconf 86' lang='lat' dir='ltr'><strong>nus</strong></span> <span class='ocrx_word' id='word_1_40' title='bbox 378 593 715 653; x_wconf 86' lang='lat' dir='ltr'><strong>vehemens</strong></span> <span class='ocrx_word' id='word_1_41' title='bbox 747 598 810 653; x_wconf 85' lang='lat' dir='ltr'><strong>et</strong></span> <span class='ocrx_word' id='word_1_42' title='bbox 836 592 1244 665; x_wconf 80' lang='lat' dir='ltr'><strong>mortiferum,</strong></span> <span class='ocrx_word' id='word_1_43' title='bbox 1277 610 1490 656; x_wconf 87' lang='lat' dir='ltr'><strong>verum</strong></span> <span class='ocrx_word' id='word_1_44' title='bbox 1518 601 1721 656; x_wconf 89' lang='lat' dir='ltr'><strong>tamen</strong></span> <span class='ocrx_word' id='word_1_45' title='bbox 1758 592 1892 655; x_wconf 90' lang='lat' dir='ltr'><strong>eius</strong></span> <span class='ocrx_word' id='word_1_46' title='bbox 1924 592 2093 654; x_wconf 89' lang='lat' dir='ltr'><strong>modi</strong></span> <span class='ocrx_word' id='word_1_47' title='bbox 2119 595 2296 670; x_wconf 83' lang='lat' dir='ltr'><strong>quod</strong></span> 
     </span>
     <span class='ocr_line' id='line_1_7' title="bbox 234 675 2303 752; baseline -0.001 -14"><span class='ocrx_word' id='word_1_48' title='bbox 234 676 541 738; x_wconf 87' lang='lat' dir='ltr'><strong>videretur</strong></span> <span class='ocrx_word' id='word_1_49' title='bbox 569 675 749 738; x_wconf 89' lang='lat' dir='ltr'><strong>huius</strong></span> <span class='ocrx_word' id='word_1_50' title='bbox 784 675 907 738; x_wconf 89' lang='lat' dir='ltr'><strong>vita</strong></span> <span class='ocrx_word' id='word_1_51' title='bbox 937 683 1000 736; x_wconf 90' lang='lat' dir='ltr'><strong>et</strong></span> <span class='ocrx_word' id='word_1_52' title='bbox 1024 683 1241 736; x_wconf 86' lang='lat' dir='ltr'><strong>natura</strong></span> <span class='ocrx_word' id='word_1_53' title='bbox 1266 675 1550 752; x_wconf 87' lang='lat' dir='ltr'><strong>accipere</strong></span> <span class='ocrx_word' id='word_1_54' title='bbox 1585 675 1882 750; x_wconf 84' lang='lat' dir='ltr'><strong>potuisse.</strong></span> <span class='ocrx_word' id='word_1_55' title='bbox 1945 675 2303 736; x_wconf 85' lang='lat' dir='ltr'><strong>Honestatis</strong></span> 
     </span>
     <span class='ocr_line' id='line_1_8' title="bbox 232 757 2280 835; baseline -0.002 -14"><span class='ocrx_word' id='word_1_56' title='bbox 232 759 392 821; x_wconf 89' lang='lat' dir='ltr'><strong>enim</strong></span> <span class='ocrx_word' id='word_1_57' title='bbox 421 767 482 820; x_wconf 88' lang='lat' dir='ltr'><strong>et</strong></span> <span class='ocrx_word' id='word_1_58' title='bbox 510 758 817 835; x_wconf 79' lang='lat' dir='ltr'><strong>dignitatis</strong></span> <span class='ocrx_word' id='word_1_59' title='bbox 845 759 1136 820; x_wconf 88' lang='lat' dir='ltr'><strong>habuisse</strong></span> <span class='ocrx_word' id='word_1_60' title='bbox 1166 758 1346 820; x_wconf 89' lang='lat' dir='ltr'><strong>nimis</strong></span> <span class='ocrx_word' id='word_1_61' title='bbox 1375 757 1978 834; x_wconf 83' lang='lat' dir='ltr'><strong>magnam-iudicatus</strong></span> <span class='ocrx_word' id='word_1_62' title='bbox 2007 767 2102 819; x_wconf 87' lang='lat' dir='ltr'><strong>est</strong></span> <span class='ocrx_word' id='word_1_63' title='bbox 2131 759 2280 833; x_wconf 89' lang='lat' dir='ltr'><strong>cupi</strong></span> 
     </span>
     <span class='ocr_line' id='line_1_9' title="bbox 233 841 2300 917; baseline -0.001 -13"><span class='ocrx_word' id='word_1_64' title='bbox 233 842 506 904; x_wconf 82' lang='lat' dir='ltr'><strong>ditatem=</strong></span> <span class='ocrx_word' id='word_1_65' title='bbox 564 860 744 917; x_wconf 89' lang='lat' dir='ltr'><strong>quam</strong></span> <span class='ocrx_word' id='word_1_66' title='bbox 786 844 840 904; x_wconf 89' lang='lat' dir='ltr'><strong>si</strong></span> <span class='ocrx_word' id='word_1_67' title='bbox 878 860 1057 904; x_wconf 88' lang='lat' dir='ltr'><strong>nemo</strong></span> <span class='ocrx_word' id='word_1_68' title='bbox 1098 842 1256 905; x_wconf 88' lang='lat' dir='ltr'><strong>alius</strong></span> <span class='ocrx_word' id='word_1_69' title='bbox 1297 841 1509 904; x_wconf 89' lang='lat' dir='ltr'><strong>habuit</strong></span> <span class='ocrx_word' id='word_1_70' title='bbox 1545 841 1609 902; x_wconf 91' lang='lat' dir='ltr'><strong>in</strong></span> <span class='ocrx_word' id='word_1_71' title='bbox 1649 844 1973 903; x_wconf 78' lang='lat' dir='ltr'><strong>consulatu</strong></span> <span class='ocrx_word' id='word_1_72' title='bbox 2011 842 2300 917; x_wconf 77' lang='lat' dir='ltr'><strong>petendO,</strong></span> 
     </span>
     <span class='ocr_line' id='line_1_10' title="bbox 233 924 2302 1003; baseline -0.001 -16"><span class='ocrx_word' id='word_1_73' title='bbox 233 925 516 1003; x_wconf 87' lang='lat' dir='ltr'><strong>cupidior</strong></span> <span class='ocrx_word' id='word_1_74' title='bbox 543 926 844 988; x_wconf 87' lang='lat' dir='ltr'><strong>iudicatus</strong></span> <span class='ocrx_word' id='word_1_75' title='bbox 878 935 973 988; x_wconf 89' lang='lat' dir='ltr'><strong>est</strong></span> <span class='ocrx_word' id='word_1_76' title='bbox 1000 926 1101 988; x_wconf 84' lang='lat' dir='ltr'><strong>hic</strong></span> <span class='ocrx_word' id='word_1_77' title='bbox 1134 925 1328 987; x_wconf 80' lang='lat' dir='ltr'><strong>fuisse</strong></span> <span class='ocrx_word' id='word_1_78' title='bbox 1358 941 1540 1002; x_wconf 86' lang='lat' dir='ltr'><strong>quam</strong></span> <span class='ocrx_word' id='word_1_79' title='bbox 1621 924 1835 988; x_wconf 83' lang='lat' dir='ltr'><strong>ceteri:</strong></span> <span class='ocrx_word' id='word_1_80' title='bbox 1891 924 1988 986; x_wconf 86' lang='lat' dir='ltr'><strong>sin</strong></span> <span class='ocrx_word' id='word_1_81' title='bbox 2025 924 2209 986; x_wconf 86' lang='lat' dir='ltr'><strong>etiam</strong></span> <span class='ocrx_word' id='word_1_82' title='bbox 2239 924 2302 984; x_wconf 89' lang='lat' dir='ltr'><strong>in</strong></span> 
     </span>
     <span class='ocr_line' id='line_1_11' title="bbox 232 1007 2303 1084; baseline -0 -14"><span class='ocrx_word' id='word_1_83' title='bbox 232 1010 370 1071; x_wconf 90' lang='lat' dir='ltr'><strong>aliis</strong></span> <span class='ocrx_word' id='word_1_84' title='bbox 400 1026 524 1071; x_wconf 91' lang='lat' dir='ltr'><strong>non</strong></span> <span class='ocrx_word' id='word_1_85' title='bbox 555 1010 735 1072; x_wconf 89' lang='lat' dir='ltr'><strong>nullis</strong></span> <span class='ocrx_word' id='word_1_86' title='bbox 773 1010 883 1071; x_wconf 81' lang='lat' dir='ltr'><strong>fuit</strong></span> <span class='ocrx_word' id='word_1_87' title='bbox 908 1009 1025 1072; x_wconf 86' lang='lat' dir='ltr'><strong>iste</strong></span> <span class='ocrx_word' id='word_1_88' title='bbox 1058 1011 1414 1071; x_wconf 88' lang='lat' dir='ltr'><strong>consulatus</strong></span> <span class='ocrx_word' id='word_1_89' title='bbox 1445 1025 1638 1084; x_wconf 89' lang='lat' dir='ltr'><strong>amor,</strong></span> <span class='ocrx_word' id='word_1_90' title='bbox 1673 1010 1914 1070; x_wconf 81' lang='lat' dir='ltr'><strong>fortuna</strong></span> <span class='ocrx_word' id='word_1_91' title='bbox 1945 1007 2008 1068; x_wconf 90' lang='lat' dir='ltr'><strong>in</strong></span> <span class='ocrx_word' id='word_1_92' title='bbox 2040 1009 2160 1068; x_wconf 88' lang='lat' dir='ltr'><strong>hoc</strong></span> <span class='ocrx_word' id='word_1_93' title='bbox 2190 1009 2303 1069; x_wconf 71' lang='lat' dir='ltr'><strong>fuit</strong></span> 
     </span>
     <span class='ocr_line' id='line_1_12' title="bbox 232 1089 2286 1170; baseline -0 -17"><span class='ocrx_word' id='word_1_94' title='bbox 232 1095 495 1155; x_wconf 80' lang='lat' dir='ltr'><strong>fortasse</strong></span> <span class='ocrx_word' id='word_1_95' title='bbox 537 1094 785 1170; x_wconf 75' lang='lat' dir='ltr'><strong>gravior</strong></span> <span class='ocrx_word' id='word_1_96' title='bbox 824 1110 1007 1169; x_wconf 88' lang='lat' dir='ltr'><strong>quam</strong></span> <span class='ocrx_word' id='word_1_97' title='bbox 1036 1094 1101 1154; x_wconf 91' lang='lat' dir='ltr'><strong>in</strong></span> <span class='ocrx_word' id='word_1_98' title='bbox 1181 1092 1424 1154; x_wconf 82' lang='lat' dir='ltr'><strong>ceteris.</strong></span> <span class='ocrx_word' id='word_1_99' title='bbox 1507 1089 1608 1155; x_wconf 85' lang='lat'><strong>74.</strong></span> <span class='ocrx_word' id='word_1_100' title='bbox 1641 1092 1862 1154; x_wconf 80' lang='lat' dir='ltr'><strong>Postea</strong></span> <span class='ocrx_word' id='word_1_101' title='bbox 1888 1108 2036 1152; x_wconf 88' lang='lat' dir='ltr'><strong>vero</strong></span> <span class='ocrx_word' id='word_1_102' title='bbox 2069 1091 2208 1166; x_wconf 88' lang='lat' dir='ltr'><strong>quis</strong></span> <span class='ocrx_word' id='word_1_103' title='bbox 2235 1092 2286 1152; x_wconf 90' lang='lat' dir='ltr'>P</span> 
     </span>
     <span class='ocr_line' id='line_1_13' title="bbox 234 1173 2298 1254; baseline -0.001 -16"><span class='ocrx_word' id='word_1_104' title='bbox 234 1177 461 1250; x_wconf 77' lang='lat' dir='ltr'><strong>Sullam</strong></span> <span class='ocrx_word' id='word_1_105' title='bbox 492 1176 613 1238; x_wconf 90' lang='lat' dir='ltr'><strong>nisi</strong></span> <span class='ocrx_word' id='word_1_106' title='bbox 642 1188 1038 1254; x_wconf 88' lang='lat' dir='ltr'><strong>maerentem,</strong></span> <span class='ocrx_word' id='word_1_107' title='bbox 1079 1177 1414 1239; x_wconf 87' lang='lat' dir='ltr'><strong>demissum</strong></span> <span class='ocrx_word' id='word_1_108' title='bbox 1443 1175 1882 1252; x_wconf 87' lang='lat' dir='ltr'><strong>adflictumque</strong></span> <span class='ocrx_word' id='word_1_109' title='bbox 1914 1175 2102 1237; x_wconf 67' lang='lat' dir='ltr'><strong>vidit?</strong></span> <span class='ocrx_word' id='word_1_110' title='bbox 2158 1173 2298 1252; x_wconf 86' lang='lat' dir='ltr'><strong>quis</strong></span> 
     </span>
     <span class='ocr_line' id='line_1_14' title="bbox 231 1259 2299 1337; baseline -0.002 -15"><span class='ocrx_word' id='word_1_111' title='bbox 231 1277 519 1337; x_wconf 87' lang='lat' dir='ltr'><strong>umquam</strong></span> <span class='ocrx_word' id='word_1_112' title='bbox 559 1268 656 1322; x_wconf 89' lang='lat' dir='ltr'><strong>est</strong></span> <span class='ocrx_word' id='word_1_113' title='bbox 694 1261 1045 1335; x_wconf 86' lang='lat' dir='ltr'><strong>suspicatus</strong></span> <span class='ocrx_word' id='word_1_114' title='bbox 1074 1261 1238 1322; x_wconf 89' lang='lat' dir='ltr'><strong>hunc</strong></span> <span class='ocrx_word' id='word_1_115' title='bbox 1278 1259 1474 1336; x_wconf 79' lang='lat' dir='ltr'><strong>magis</strong></span> <span class='ocrx_word' id='word_1_116' title='bbox 1516 1259 1658 1322; x_wconf 88' lang='lat' dir='ltr'><strong>odio</strong></span> <span class='ocrx_word' id='word_1_117' title='bbox 1701 1276 1885 1334; x_wconf 84' lang='lat' dir='ltr'><strong>quam</strong></span> <span class='ocrx_word' id='word_1_118' title='bbox 1918 1260 2158 1334; x_wconf 89' lang='lat' dir='ltr'><strong>pudore</strong></span> <span class='ocrx_word' id='word_1_119' title='bbox 2189 1259 2299 1318; x_wconf 89' lang='lat' dir='ltr'><strong>ho·</strong></span> 
     </span>
     <span class='ocr_line' id='line_1_15' title="bbox 232 1342 2302 1419; baseline 0 -17"><span class='ocrx_word' id='word_1_120' title='bbox 232 1343 455 1404; x_wconf 90' lang='lat' dir='ltr'><strong>minum</strong></span> <span class='ocrx_word' id='word_1_121' title='bbox 485 1350 805 1418; x_wconf 88' lang='lat' dir='ltr'><strong>aspectum</strong></span> <span class='ocrx_word' id='word_1_122' title='bbox 834 1346 1157 1419; x_wconf 87' lang='lat' dir='ltr'><strong>lucemque</strong></span> <span class='ocrx_word' id='word_1_123' title='bbox 1191 1343 1426 1405; x_wconf 68' lang='lat' dir='ltr'><strong>vitare?</strong></span> <span class='ocrx_word' id='word_1_124' title='bbox 1467 1342 1582 1417; x_wconf 81' lang='lat' dir='ltr'><strong>Qui</strong></span> <span class='ocrx_word' id='word_1_125' title='bbox 1614 1360 1801 1418; x_wconf 89' lang='lat' dir='ltr'><strong>quum</strong></span> <span class='ocrx_word' id='word_1_126' title='bbox 1831 1345 2016 1403; x_wconf 84' lang='lat' dir='ltr'><strong>multa</strong></span> <span class='ocrx_word' id='word_1_127' title='bbox 2049 1342 2302 1403; x_wconf 87' lang='lat' dir='ltr'><strong>haberet</strong></span> 
     </span>
     <span class='ocr_line' id='line_1_16' title="bbox 230 1424 2282 1503; baseline -0.001 -16"><span class='ocrx_word' id='word_1_128' title='bbox 230 1425 623 1492; x_wconf 86' lang='lat' dir='ltr'><strong>invitamenta</strong></span> <span class='ocrx_word' id='word_1_129' title='bbox 658 1425 829 1486; x_wconf 90' lang='lat' dir='ltr'><strong>urbis</strong></span> <span class='ocrx_word' id='word_1_130' title='bbox 875 1434 936 1487; x_wconf 88' lang='lat' dir='ltr'><strong>et</strong></span> <span class='ocrx_word' id='word_1_131' title='bbox 975 1426 1091 1487; x_wconf 78' lang='lat' dir='ltr'><strong>rori</strong></span> <span class='ocrx_word' id='word_1_132' title='bbox 1131 1436 1386 1503; x_wconf 89' lang='lat' dir='ltr'><strong>propter</strong></span> <span class='ocrx_word' id='word_1_133' title='bbox 1429 1444 1666 1488; x_wconf 90' lang='lat' dir='ltr'><strong>summa</strong></span> <span class='ocrx_word' id='word_1_134' title='bbox 1707 1427 1908 1488; x_wconf 90' lang='lat' dir='ltr'><strong>studia</strong></span> <span class='ocrx_word' id='word_1_135' title='bbox 1948 1424 2282 1486; x_wconf 87' lang='lat' dir='ltr'><strong>amicorum</strong></span> 
     </span>
     <span class='ocr_line' id='line_1_17' title="bbox 234 1507 2273 1585; baseline -0.001 -15"><span class='ocrx_word' id='word_1_136' title='bbox 234 1525 393 1585; x_wconf 90' lang='lat' dir='ltr'><strong>quae</strong></span> <span class='ocrx_word' id='word_1_137' title='bbox 423 1517 623 1570; x_wconf 87' lang='lat' dir='ltr'><strong>tamen</strong></span> <span class='ocrx_word' id='word_1_138' title='bbox 668 1507 725 1569; x_wconf 89' lang='lat' dir='ltr'><strong>ei</strong></span> <span class='ocrx_word' id='word_1_139' title='bbox 768 1511 901 1569; x_wconf 90' lang='lat' dir='ltr'><strong>sola</strong></span> <span class='ocrx_word' id='word_1_140' title='bbox 940 1509 1002 1568; x_wconf 90' lang='lat' dir='ltr'><strong>in</strong></span> <span class='ocrx_word' id='word_1_141' title='bbox 1042 1509 1218 1570; x_wconf 90' lang='lat' dir='ltr'><strong>malis</strong></span> <span class='ocrx_word' id='word_1_142' title='bbox 1249 1511 1626 1583; x_wconf 85' lang='lat' dir='ltr'><strong>restiterunt,</strong></span> <span class='ocrx_word' id='word_1_143' title='bbox 1669 1509 1818 1572; x_wconf 81' lang='lat' dir='ltr'><strong>afuit</strong></span> <span class='ocrx_word' id='word_1_144' title='bbox 1854 1511 1931 1570; x_wconf 92' lang='lat' dir='ltr'><strong>ab</strong></span> <span class='ocrx_word' id='word_1_145' title='bbox 1967 1511 2159 1571; x_wconf 89' lang='lat' dir='ltr'><strong>oculis</strong></span> <span class='ocrx_word' id='word_1_146' title='bbox 2193 1526 2273 1569; x_wconf 87' lang='lat' dir='ltr'><strong>ve</strong></span> 
     </span>
     <span class='ocr_line' id='line_1_18' title="bbox 230 1593 2304 1669; baseline 0.001 -17"><span class='ocrx_word' id='word_1_147' title='bbox 230 1593 391 1665; x_wconf 79' lang='lat' dir='ltr'><strong>striS,</strong></span> <span class='ocrx_word' id='word_1_148' title='bbox 415 1601 494 1666; x_wconf 88' lang='lat' dir='ltr'><strong>ct,</strong></span> <span class='ocrx_word' id='word_1_149' title='bbox 517 1609 702 1668; x_wconf 86' lang='lat' dir='ltr'><strong>quum</strong></span> <span class='ocrx_word' id='word_1_150' title='bbox 724 1593 861 1668; x_wconf 79' lang='lat' dir='ltr'><strong>lege</strong></span> <span class='ocrx_word' id='word_1_151' title='bbox 882 1593 1256 1666; x_wconf 81' lang='lat' dir='ltr'><strong>retineretur,</strong></span> <span class='ocrx_word' id='word_1_152' title='bbox 1286 1593 1422 1669; x_wconf 87' lang='lat' dir='ltr'><strong>ipse</strong></span> <span class='ocrx_word' id='word_1_153' title='bbox 1439 1611 1508 1656; x_wconf 89' lang='lat' dir='ltr'><strong>se</strong></span> <span class='ocrx_word' id='word_1_154' title='bbox 1521 1593 1740 1654; x_wconf 85' lang='lat' dir='ltr'><strong>exsilio</strong></span> <span class='ocrx_word' id='word_1_155' title='bbox 1755 1611 1953 1669; x_wconf 83' lang='lat' dir='ltr'><strong>paene</strong></span> <span class='ocrx_word' id='word_1_156' title='bbox 2005 1593 2304 1654; x_wconf 84' lang='lat' dir='ltr'><strong>multavit.</strong></span> 
     </span>
     <span class='ocr_line' id='line_1_19' title="bbox 228 1676 2295 1754; baseline -0.001 -16"><span class='ocrx_word' id='word_1_157' title='bbox 228 1676 469 1738; x_wconf 89' lang='lat' dir='ltr'><strong>XXVII.</strong></span> <span class='ocrx_word' id='word_1_158' title='bbox 512 1677 579 1736; x_wconf 90' lang='lat' dir='ltr'><strong>In</strong></span> <span class='ocrx_word' id='word_1_159' title='bbox 612 1676 731 1737; x_wconf 89' lang='lat' dir='ltr'><strong>hoc</strong></span> <span class='ocrx_word' id='word_1_160' title='bbox 762 1692 875 1738; x_wconf 89' lang='lat' dir='ltr'><strong>vos</strong></span> <span class='ocrx_word' id='word_1_161' title='bbox 905 1678 1163 1754; x_wconf 88' lang='lat' dir='ltr'><strong>pudore,</strong></span> <span class='ocrx_word' id='word_1_162' title='bbox 1196 1677 1455 1750; x_wconf 79' lang='lat' dir='ltr'><strong>iudiceS,</strong></span> <span class='ocrx_word' id='word_1_163' title='bbox 1488 1677 1636 1739; x_wconf 88' lang='lat' dir='ltr'><strong>etin</strong></span> <span class='ocrx_word' id='word_1_164' title='bbox 1667 1678 1782 1737; x_wconf 87' lang='lat' dir='ltr'><strong>hac</strong></span> <span class='ocrx_word' id='word_1_165' title='bbox 1813 1678 1937 1738; x_wconf 89' lang='lat' dir='ltr'><strong>vita</strong></span> <span class='ocrx_word' id='word_1_166' title='bbox 1964 1685 2124 1738; x_wconf 88' lang='lat' dir='ltr'><strong>tanto</strong></span> <span class='ocrx_word' id='word_1_167' title='bbox 2158 1691 2295 1736; x_wconf 91' lang='lat' dir='ltr'><strong>sce-</strong></span> 
     </span>
     <span class='ocr_line' id='line_1_20' title="bbox 230 1759 2296 1838; baseline -0.001 -18"><span class='ocrx_word' id='word_1_168' title='bbox 230 1760 338 1821; x_wconf 89' lang='lat' dir='ltr'><strong>leri</strong></span> <span class='ocrx_word' id='word_1_169' title='bbox 363 1762 566 1821; x_wconf 87' lang='lat' dir='ltr'><strong>locum</strong></span> <span class='ocrx_word' id='word_1_170' title='bbox 580 1759 773 1822; x_wconf 80' lang='lat' dir='ltr'><strong>fuisse</strong></span> <span class='ocrx_word' id='word_1_171' title='bbox 798 1760 1087 1822; x_wconf 67' lang='lat' dir='ltr'><strong>creditis?</strong></span> <span class='ocrx_word' id='word_1_172' title='bbox 1110 1761 1624 1838; x_wconf 87' lang='lat' dir='ltr'><strong>Aspiciteipsum,</strong></span> <span class='ocrx_word' id='word_1_173' title='bbox 1650 1759 2019 1822; x_wconf 82' lang='lat' dir='ltr'><strong>contuemini</strong></span> <span class='ocrx_word' id='word_1_174' title='bbox 2035 1776 2127 1835; x_wconf 88' lang='lat' dir='ltr'><strong>os,</strong></span> <span class='ocrx_word' id='word_1_175' title='bbox 2150 1775 2296 1820; x_wconf 90' lang='lat' dir='ltr'><strong>con-</strong></span> 
     </span>
     <span class='ocr_line' id='line_1_21' title="bbox 230 1843 2296 1920; baseline -0.001 -16"><span class='ocrx_word' id='word_1_176' title='bbox 230 1845 382 1905; x_wconf 78' lang='lat' dir='ltr'><strong>ferte</strong></span> <span class='ocrx_word' id='word_1_177' title='bbox 405 1843 632 1905; x_wconf 87' lang='lat' dir='ltr'><strong>crimen</strong></span> <span class='ocrx_word' id='word_1_178' title='bbox 656 1861 793 1905; x_wconf 88' lang='lat' dir='ltr'><strong>cum</strong></span> <span class='ocrx_word' id='word_1_179' title='bbox 808 1845 959 1907; x_wconf 72' lang='lat' dir='ltr'><strong>vitaz</strong></span> <span class='ocrx_word' id='word_1_180' title='bbox 980 1845 1164 1907; x_wconf 84' lang='lat' dir='ltr'><strong>vitam</strong></span> <span class='ocrx_word' id='word_1_181' title='bbox 1182 1847 1262 1906; x_wconf 89' lang='lat' dir='ltr'><strong>ab</strong></span> <span class='ocrx_word' id='word_1_182' title='bbox 1283 1843 1452 1906; x_wconf 86' lang='lat' dir='ltr'><strong>initio</strong></span> <span class='ocrx_word' id='word_1_183' title='bbox 1477 1860 1676 1920; x_wconf 87' lang='lat' dir='ltr'><strong>usquc</strong></span> <span class='ocrx_word' id='word_1_184' title='bbox 1691 1845 1904 1906; x_wconf 88' lang='lat' dir='ltr'><strong>adhoc</strong></span> <span class='ocrx_word' id='word_1_185' title='bbox 1929 1853 2166 1920; x_wconf 89' lang='lat' dir='ltr'><strong>tempus</strong></span> <span class='ocrx_word' id='word_1_186' title='bbox 2189 1859 2296 1902; x_wconf 87' lang='lat' dir='ltr'><strong>ex·</strong></span> 
     </span>
     <span class='ocr_line' id='line_1_22' title="bbox 229 1925 2294 2005; baseline 0 -19"><span class='ocrx_word' id='word_1_187' title='bbox 229 1927 512 2003; x_wconf 79' lang='lat' dir='ltr'><strong>plicatam</strong></span> <span class='ocrx_word' id='word_1_188' title='bbox 543 1945 680 1990; x_wconf 89' lang='lat' dir='ltr'><strong>cum</strong></span> <span class='ocrx_word' id='word_1_189' title='bbox 704 1927 951 1990; x_wconf 89' lang='lat' dir='ltr'><strong>crimine</strong></span> <span class='ocrx_word' id='word_1_190' title='bbox 978 1928 1422 2005; x_wconf 84' lang='lat' dir='ltr'><strong>recognoscite.</strong></span> <span class='ocrx_word' id='word_1_191' title='bbox 1480 1925 1581 1992; x_wconf 88' lang='grc'><strong>75.</strong></span> <span class='ocrx_word' id='word_1_192' title='bbox 1614 1927 1786 1990; x_wconf 86' lang='lat' dir='ltr'><strong>Mitto</strong></span> <span class='ocrx_word' id='word_1_193' title='bbox 1815 1945 1944 1990; x_wconf 88' lang='lat' dir='ltr'><strong>rem</strong></span> <span class='ocrx_word' id='word_1_194' title='bbox 1967 1927 2294 2003; x_wconf 81' lang='lat' dir='ltr'><strong>publicam,</strong></span> 
     </span>
     <span class='ocr_line' id='line_1_23' title="bbox 230 2010 2297 2088; baseline 0 -18"><span class='ocrx_word' id='word_1_195' title='bbox 230 2027 391 2085; x_wconf 88' lang='lat' dir='ltr'><strong>quae</strong></span> <span class='ocrx_word' id='word_1_196' title='bbox 420 2011 533 2072; x_wconf 84' lang='lat' dir='ltr'><strong>fuit</strong></span> <span class='ocrx_word' id='word_1_197' title='bbox 560 2028 807 2088; x_wconf 87' lang='lat' dir='ltr'><strong>semper</strong></span> <span class='ocrx_word' id='word_1_198' title='bbox 830 2010 1033 2073; x_wconf 79' lang='lat' dir='ltr'><strong>Sullae</strong></span> <span class='ocrx_word' id='word_1_199' title='bbox 1055 2012 1398 2074; x_wconf 82' lang='lat' dir='ltr'><strong>carissima:</strong></span> <span class='ocrx_word' id='word_1_200' title='bbox 1429 2012 1625 2074; x_wconf 89' lang='lat' dir='ltr'><strong>hosne</strong></span> <span class='ocrx_word' id='word_1_201' title='bbox 1649 2010 1902 2086; x_wconf 83' lang='lat' dir='ltr'><strong>amicoS,</strong></span> <span class='ocrx_word' id='word_1_202' title='bbox 1931 2013 2085 2072; x_wconf 89' lang='lat' dir='ltr'><strong>tales</strong></span> <span class='ocrx_word' id='word_1_203' title='bbox 2108 2012 2297 2084; x_wconf 75' lang='lat' dir='ltr'><strong>virOS,</strong></span> 
     </span>
     <span class='ocr_line' id='line_1_24' title="bbox 228 2094 2299 2172; baseline 0 -18"><span class='ocrx_word' id='word_1_204' title='bbox 228 2102 351 2154; x_wconf 88' lang='lat' dir='ltr'><strong>tam</strong></span> <span class='ocrx_word' id='word_1_205' title='bbox 384 2095 641 2169; x_wconf 89' lang='lat' dir='ltr'><strong>cupidos</strong></span> <span class='ocrx_word' id='word_1_206' title='bbox 672 2094 787 2167; x_wconf 89' lang='lat' dir='ltr'><strong>sui,</strong></span> <span class='ocrx_word' id='word_1_207' title='bbox 817 2111 929 2170; x_wconf 88' lang='lat' dir='ltr'><strong>per</strong></span> <span class='ocrx_word' id='word_1_208' title='bbox 956 2111 1116 2172; x_wconf 83' lang='lat' dir='ltr'><strong>quos</strong></span> <span class='ocrx_word' id='word_1_209' title='bbox 1144 2111 1246 2156; x_wconf 86' lang='lat' dir='ltr'><strong>res</strong></span> <span class='ocrx_word' id='word_1_210' title='bbox 1277 2096 1411 2157; x_wconf 90' lang='lat' dir='ltr'><strong>eius</strong></span> <span class='ocrx_word' id='word_1_211' title='bbox 1447 2097 1756 2156; x_wconf 89' lang='lat' dir='ltr'><strong>secundae</strong></span> <span class='ocrx_word' id='word_1_212' title='bbox 1787 2097 2094 2171; x_wconf 88' lang='lat' dir='ltr'><strong>quondam</strong></span> <span class='ocrx_word' id='word_1_213' title='bbox 2126 2101 2299 2155; x_wconf 82' lang='lat' dir='ltr'><strong>erant</strong></span> 
     </span>
     <span class='ocr_line' id='line_1_25' title="bbox 232 2177 2289 2256; baseline -0.001 -17"><span class='ocrx_word' id='word_1_214' title='bbox 232 2185 502 2252; x_wconf 87' lang='lat' dir='ltr'><strong>ornatae,</strong></span> <span class='ocrx_word' id='word_1_215' title='bbox 532 2193 694 2237; x_wconf 90' lang='lat' dir='ltr'><strong>nunc</strong></span> <span class='ocrx_word' id='word_1_216' title='bbox 727 2177 1122 2239; x_wconf 84' lang='lat' dir='ltr'><strong>sublevantur</strong></span> <span class='ocrx_word' id='word_1_217' title='bbox 1146 2179 1471 2254; x_wconf 87' lang='lat' dir='ltr'><strong>adversae,</strong></span> <span class='ocrx_word' id='word_1_218' title='bbox 1504 2179 1926 2241; x_wconf 89' lang='lat' dir='ltr'><strong>crudelissime</strong></span> <span class='ocrx_word' id='word_1_219' title='bbox 1955 2177 2156 2256; x_wconf 88' lang='lat' dir='ltr'><strong>perire</strong></span> <span class='ocrx_word' id='word_1_220' title='bbox 2183 2194 2289 2238; x_wconf 88' lang='lat' dir='ltr'><strong>vo—</strong></span> 
     </span>
     <span class='ocr_line' id='line_1_26' title="bbox 226 2259 2293 2339; baseline 0.001 -19"><span class='ocrx_word' id='word_1_221' title='bbox 226 2259 353 2334; x_wconf 57' lang='lat' dir='ltr'><strong>luit,</strong></span> <span class='ocrx_word' id='word_1_222' title='bbox 384 2269 450 2322; x_wconf 88' lang='lat' dir='ltr'><strong>ut</strong></span> <span class='ocrx_word' id='word_1_223' title='bbox 478 2277 615 2321; x_wconf 88' lang='lat' dir='ltr'><strong>cum</strong></span> <span class='ocrx_word' id='word_1_224' title='bbox 640 2260 895 2322; x_wconf 88' lang='lat' dir='ltr'><strong>Lentulo</strong></span> <span class='ocrx_word' id='word_1_225' title='bbox 920 2269 981 2322; x_wconf 82' lang='lat' dir='ltr'><strong>et</strong></span> <span class='ocrx_word' id='word_1_226' title='bbox 1002 2261 1254 2322; x_wconf 86' lang='lat' dir='ltr'><strong>Catilina</strong></span> <span class='ocrx_word' id='word_1_227' title='bbox 1281 2271 1342 2324; x_wconf 89' lang='lat' dir='ltr'><strong>et</strong></span> <span class='ocrx_word' id='word_1_228' title='bbox 1363 2264 1627 2339; x_wconf 85' lang='lat' dir='ltr'><strong>Cethego</strong></span> <span class='ocrx_word' id='word_1_229' title='bbox 1659 2262 2079 2324; x_wconf 78' lang='lat' dir='ltr'><strong>foedissimam</strong></span> <span class='ocrx_word' id='word_1_230' title='bbox 2110 2261 2293 2322; x_wconf 85' lang='lat' dir='ltr'><strong>vitam</strong></span> 
     </span>
     <span class='ocr_line' id='line_1_27' title="bbox 226 2342 2294 2422; baseline 0 -18"><span class='ocrx_word' id='word_1_231' title='bbox 226 2359 301 2404; x_wconf 89' lang='lat' dir='ltr'><strong>ac</strong></span> <span class='ocrx_word' id='word_1_232' title='bbox 346 2342 743 2404; x_wconf 88' lang='lat' dir='ltr'><strong>miserrimam</strong></span> <span class='ocrx_word' id='word_1_233' title='bbox 787 2343 1141 2420; x_wconf 86' lang='lat' dir='ltr'><strong>turpissima</strong></span> <span class='ocrx_word' id='word_1_234' title='bbox 1181 2355 1376 2407; x_wconf 90' lang='lat' dir='ltr'><strong>morte</strong></span> <span class='ocrx_word' id='word_1_235' title='bbox 1420 2347 1739 2422; x_wconf 86' lang='lat' dir='ltr'><strong>proposita</strong></span> <span class='ocrx_word' id='word_1_236' title='bbox 1779 2348 2071 2422; x_wconf 65' lang='lat' dir='ltr'><strong>degeret?</strong></span> <span class='ocrx_word' id='word_1_237' title='bbox 2140 2345 2294 2418; x_wconf 88' lang='lat' dir='ltr'><strong>Non,</strong></span> 
     </span>
     <span class='ocr_line' id='line_1_28' title="bbox 226 2425 2292 2506; baseline 0 -19"><span class='ocrx_word' id='word_1_238' title='bbox 226 2426 505 2502; x_wconf 87' lang='lat' dir='ltr'><strong>inquam,</strong></span> <span class='ocrx_word' id='word_1_239' title='bbox 550 2426 711 2488; x_wconf 87' lang='lat' dir='ltr'><strong>cadit</strong></span> <span class='ocrx_word' id='word_1_240' title='bbox 737 2425 798 2488; x_wconf 89' lang='lat' dir='ltr'><strong>in</strong></span> <span class='ocrx_word' id='word_1_241' title='bbox 827 2428 945 2489; x_wconf 88' lang='lat' dir='ltr'><strong>bos</strong></span> <span class='ocrx_word' id='word_1_242' title='bbox 973 2445 1209 2503; x_wconf 80' lang='lat' dir='ltr'><strong>moreS‚</strong></span> <span class='ocrx_word' id='word_1_243' title='bbox 1253 2447 1377 2491; x_wconf 90' lang='lat' dir='ltr'><strong>non</strong></span> <span class='ocrx_word' id='word_1_244' title='bbox 1414 2431 1477 2490; x_wconf 91' lang='lat' dir='ltr'><strong>in</strong></span> <span class='ocrx_word' id='word_1_245' title='bbox 1507 2431 1668 2491; x_wconf 89' lang='lat' dir='ltr'><strong>hunc</strong></span> <span class='ocrx_word' id='word_1_246' title='bbox 1696 2431 2028 2506; x_wconf 82' lang='lat' dir='ltr'><strong>pudorem,</strong></span> <span class='ocrx_word' id='word_1_247' title='bbox 2077 2445 2202 2491; x_wconf 88' lang='lat' dir='ltr'><strong>non</strong></span> <span class='ocrx_word' id='word_1_248' title='bbox 2231 2428 2292 2488; x_wconf 90' lang='lat' dir='ltr'><strong>in</strong></span> 
     </span>
     <span class='ocr_line' id='line_1_29' title="bbox 228 2508 2293 2590; baseline 0 -20"><span class='ocrx_word' id='word_1_249' title='bbox 228 2511 385 2570; x_wconf 83' lang='lat' dir='ltr'><strong>hanc</strong></span> <span class='ocrx_word' id='word_1_250' title='bbox 411 2508 613 2584; x_wconf 88' lang='lat' dir='ltr'><strong>vitam,</strong></span> <span class='ocrx_word' id='word_1_251' title='bbox 646 2526 767 2571; x_wconf 88' lang='lat' dir='ltr'><strong>non</strong></span> <span class='ocrx_word' id='word_1_252' title='bbox 796 2510 858 2571; x_wconf 91' lang='lat' dir='ltr'><strong>in</strong></span> <span class='ocrx_word' id='word_1_253' title='bbox 884 2511 1047 2572; x_wconf 87' lang='lat' dir='ltr'><strong>hunc</strong></span> <span class='ocrx_word' id='word_1_254' title='bbox 1068 2513 1376 2574; x_wconf 83' lang='lat' dir='ltr'><strong>hominem</strong></span> <span class='ocrx_word' id='word_1_255' title='bbox 1403 2513 1520 2574; x_wconf 89' lang='lat' dir='ltr'><strong>ista</strong></span> <span class='ocrx_word' id='word_1_256' title='bbox 1549 2515 1834 2590; x_wconf 88' lang='lat' dir='ltr'><strong>suspitio.</strong></span> <span class='ocrx_word' id='word_1_257' title='bbox 1907 2515 2082 2576; x_wconf 85' lang='lat' dir='ltr'><strong>Nova</strong></span> <span class='ocrx_word' id='word_1_258' title='bbox 2107 2529 2293 2588; x_wconf 89' lang='lat' dir='ltr'><strong>quae·</strong></span> 
     </span>
     <span class='ocr_line' id='line_1_30' title="bbox 226 2591 2294 2672; baseline 0.001 -20"><span class='ocrx_word' id='word_1_259' title='bbox 226 2595 366 2652; x_wconf 88' lang='lat' dir='ltr'><strong>dam</strong></span> <span class='ocrx_word' id='word_1_260' title='bbox 396 2591 499 2654; x_wconf 88' lang='lat' dir='ltr'><strong>illa</strong></span> <span class='ocrx_word' id='word_1_261' title='bbox 530 2594 871 2658; x_wconf 88' lang='lat' dir='ltr'><strong>immanitas</strong></span> <span class='ocrx_word' id='word_1_262' title='bbox 906 2604 1120 2657; x_wconf 85' lang='lat' dir='ltr'><strong>exorta</strong></span> <span class='ocrx_word' id='word_1_263' title='bbox 1152 2604 1274 2657; x_wconf 71' lang='lat' dir='ltr'><strong>esta</strong></span> <span class='ocrx_word' id='word_1_264' title='bbox 1322 2597 1694 2658; x_wconf 87' lang='lat' dir='ltr'><strong>incredibilis</strong></span> <span class='ocrx_word' id='word_1_265' title='bbox 1723 2599 1836 2659; x_wconf 80' lang='lat' dir='ltr'><strong>fuit</strong></span> <span class='ocrx_word' id='word_1_266' title='bbox 1861 2614 1934 2660; x_wconf 83' lang='lat' dir='ltr'><strong>ac</strong></span> <span class='ocrx_word' id='word_1_267' title='bbox 1965 2594 2294 2672; x_wconf 73' lang='lat' dir='ltr'><strong>singularis</strong></span> 
     </span>
     <span class='ocr_line' id='line_1_31' title="bbox 226 2678 2294 2757; baseline 0.001 -21"><span class='ocrx_word' id='word_1_268' title='bbox 226 2678 423 2737; x_wconf 80' lang='lat' dir='ltr'><strong>ruror=</strong></span> <span class='ocrx_word' id='word_1_269' title='bbox 481 2694 559 2738; x_wconf 87' lang='lat' dir='ltr'><strong>ex</strong></span> <span class='ocrx_word' id='word_1_270' title='bbox 598 2679 801 2741; x_wconf 88' lang='lat' dir='ltr'><strong>multis</strong></span> <span class='ocrx_word' id='word_1_271' title='bbox 837 2679 913 2740; x_wconf 89' lang='lat' dir='ltr'><strong>ab</strong></span> <span class='ocrx_word' id='word_1_272' title='bbox 944 2680 1363 2756; x_wconf 73' lang='lat' dir='ltr'><strong>adolescentia</strong></span> <span class='ocrx_word' id='word_1_273' title='bbox 1395 2682 1669 2742; x_wconf 79' lang='lat' dir='ltr'><strong>collectis</strong></span> <span class='ocrx_word' id='word_1_274' title='bbox 1699 2681 2070 2757; x_wconf 90' lang='lat' dir='ltr'><strong>perditorum</strong></span> <span class='ocrx_word' id='word_1_275' title='bbox 2099 2678 2294 2740; x_wconf 87' lang='lat' dir='ltr'><strong>homi—</strong></span> 
     </span>
     <span class='ocr_line' id='line_1_32' title="bbox 226 2760 2293 2840; baseline 0.001 -20"><span class='ocrx_word' id='word_1_276' title='bbox 226 2777 371 2820; x_wconf 88' lang='lat' dir='ltr'><strong>num</strong></span> <span class='ocrx_word' id='word_1_277' title='bbox 417 2760 579 2822; x_wconf 86' lang='lat' dir='ltr'><strong>vitiis</strong></span> <span class='ocrx_word' id='word_1_278' title='bbox 626 2772 878 2839; x_wconf 86' lang='lat' dir='ltr'><strong>repente</strong></span> <span class='ocrx_word' id='word_1_279' title='bbox 917 2763 1035 2826; x_wconf 87' lang='lat' dir='ltr'><strong>ista</strong></span> <span class='ocrx_word' id='word_1_280' title='bbox 1074 2772 1242 2826; x_wconf 87' lang='lat' dir='ltr'><strong>tanta</strong></span> <span class='ocrx_word' id='word_1_281' title='bbox 1281 2763 1705 2840; x_wconf 87' lang='lat' dir='ltr'><strong>importunitas</strong></span> <span class='ocrx_word' id='word_1_282' title='bbox 1747 2764 2004 2826; x_wconf 87' lang='lat' dir='ltr'><strong>inauditi</strong></span> <span class='ocrx_word' id='word_1_283' title='bbox 2038 2762 2293 2825; x_wconf 83' lang='lat' dir='ltr'><strong>sceleris</strong></span> 
     </span>
     <span class='ocr_line' id='line_1_33' title="bbox 224 2843 2294 2921; baseline 0 -17"><span class='ocrx_word' id='word_1_284' title='bbox 224 2843 472 2906; x_wconf 88' lang='lat' dir='ltr'><strong>exarsit.</strong></span> <span class='ocrx_word' id='word_1_285' title='bbox 557 2843 658 2908; x_wconf 83' lang='lat'><strong>76.</strong></span> <span class='ocrx_word' id='word_1_286' title='bbox 699 2847 925 2920; x_wconf 88' lang='lat' dir='ltr'><strong>Nolite,</strong></span> <span class='ocrx_word' id='word_1_287' title='bbox 959 2847 1227 2921; x_wconf 80' lang='lat' dir='ltr'><strong>iudiceS,</strong></span> <span class='ocrx_word' id='word_1_288' title='bbox 1259 2847 1536 2909; x_wconf 87' lang='lat' dir='ltr'><strong>arbitrari</strong></span> <span class='ocrx_word' id='word_1_289' title='bbox 1569 2849 1876 2910; x_wconf 87' lang='lat' dir='ltr'><strong>hominum</strong></span> <span class='ocrx_word' id='word_1_290' title='bbox 1904 2847 2071 2910; x_wconf 90' lang='lat' dir='ltr'><strong>illum</strong></span> <span class='ocrx_word' id='word_1_291' title='bbox 2099 2845 2294 2921; x_wconf 88' lang='lat' dir='ltr'><strong>impe·</strong></span> 
     </span>
     <span class='ocr_line' id='line_1_34' title="bbox 222 2931 2295 3008; baseline 0.001 -20"><span class='ocrx_word' id='word_1_292' title='bbox 222 2936 349 2988; x_wconf 90' lang='lat' dir='ltr'><strong>tum</strong></span> <span class='ocrx_word' id='word_1_293' title='bbox 383 2936 445 2988; x_wconf 88' lang='lat' dir='ltr'><strong>et</strong></span> <span class='ocrx_word' id='word_1_294' title='bbox 486 2939 771 2991; x_wconf 88' lang='lat' dir='ltr'><strong>conatum</strong></span> <span class='ocrx_word' id='word_1_295' title='bbox 816 2931 1041 2992; x_wconf 78' lang='lat' dir='ltr'><strong>fuisse=</strong></span> <span class='ocrx_word' id='word_1_296' title='bbox 1092 2948 1297 3007; x_wconf 85' lang='lat' dir='ltr'><strong>neque</strong></span> <span class='ocrx_word' id='word_1_297' title='bbox 1331 2932 1492 2994; x_wconf 89' lang='lat' dir='ltr'><strong>enim</strong></span> <span class='ocrx_word' id='word_1_298' title='bbox 1524 2934 1648 2993; x_wconf 89' lang='lat' dir='ltr'><strong>ulla</strong></span> <span class='ocrx_word' id='word_1_299' title='bbox 1689 2949 1843 3008; x_wconf 83' lang='lat' dir='ltr'><strong>gens</strong></span> <span class='ocrx_word' id='word_1_300' title='bbox 1881 2940 2003 2994; x_wconf 84' lang='lat' dir='ltr'><strong>tam</strong></span> <span class='ocrx_word' id='word_1_301' title='bbox 2031 2931 2295 2991; x_wconf 87' lang='lat' dir='ltr'><strong>barbara</strong></span> 
     </span>
     <span class='ocr_line' id='line_1_35' title="bbox 221 3011 2293 3091; baseline 0.001 -19"><span class='ocrx_word' id='word_1_302' title='bbox 221 3019 329 3072; x_wconf 90' lang='lat' dir='ltr'><strong>aut</strong></span> <span class='ocrx_word' id='word_1_303' title='bbox 356 3020 477 3073; x_wconf 89' lang='lat' dir='ltr'><strong>tam</strong></span> <span class='ocrx_word' id='word_1_304' title='bbox 501 3011 780 3075; x_wconf 88' lang='lat' dir='ltr'><strong>immanis</strong></span> <span class='ocrx_word' id='word_1_305' title='bbox 802 3031 1088 3089; x_wconf 90' lang='lat' dir='ltr'><strong>umquam</strong></span> <span class='ocrx_word' id='word_1_306' title='bbox 1115 3015 1225 3077; x_wconf 80' lang='lat' dir='ltr'><strong>fuit</strong></span> <span class='ocrx_word' id='word_1_307' title='bbox 1251 3016 1312 3076; x_wconf 90' lang='lat' dir='ltr'><strong>in</strong></span> <span class='ocrx_word' id='word_1_308' title='bbox 1340 3034 1460 3091; x_wconf 87' lang='lat' dir='ltr'><strong>qua</strong></span> <span class='ocrx_word' id='word_1_309' title='bbox 1482 3033 1607 3077; x_wconf 91' lang='lat' dir='ltr'><strong>non</strong></span> <span class='ocrx_word' id='word_1_310' title='bbox 1636 3017 1821 3077; x_wconf 88' lang='lat' dir='ltr'><strong>modo</strong></span> <span class='ocrx_word' id='word_1_311' title='bbox 1849 3023 1954 3090; x_wconf 89' lang='lat' dir='ltr'><strong>tot,</strong></span> <span class='ocrx_word' id='word_1_312' title='bbox 1986 3015 2098 3076; x_wconf 88' lang='lat' dir='ltr'><strong>sed</strong></span> <span class='ocrx_word' id='word_1_313' title='bbox 2127 3031 2293 3074; x_wconf 87' lang='lat' dir='ltr'><strong>unus</strong></span> 
     </span>
     <span class='ocr_line' id='line_1_36' title="bbox 220 3094 2294 3175; baseline -0 -19"><span class='ocrx_word' id='word_1_314' title='bbox 220 3103 343 3156; x_wconf 87' lang='lat' dir='ltr'><strong>tam</strong></span> <span class='ocrx_word' id='word_1_315' title='bbox 388 3094 653 3157; x_wconf 87' lang='lat' dir='ltr'><strong>crudelis</strong></span> <span class='ocrx_word' id='word_1_316' title='bbox 700 3097 898 3159; x_wconf 86' lang='lat' dir='ltr'><strong>hostis</strong></span> <span class='ocrx_word' id='word_1_317' title='bbox 942 3098 1174 3173; x_wconf 85' lang='lat' dir='ltr'><strong>patriae</strong></span> <span class='ocrx_word' id='word_1_318' title='bbox 1215 3098 1295 3161; x_wconf 89' lang='lat' dir='ltr'><strong>sit</strong></span> <span class='ocrx_word' id='word_1_319' title='bbox 1336 3100 1651 3162; x_wconf 88' lang='lat' dir='ltr'><strong>inventus·</strong></span> <span class='ocrx_word' id='word_1_320' title='bbox 1714 3101 1934 3162; x_wconf 83' lang='lat' dir='ltr'><strong>beluae</strong></span> <span class='ocrx_word' id='word_1_321' title='bbox 1986 3097 2294 3175; x_wconf 87' lang='lat' dir='ltr'><strong>quaedam</strong></span> 
     </span>
     <span class='ocr_line' id='line_1_37' title="bbox 221 3179 2290 3258; baseline -0 -18"><span class='ocrx_word' id='word_1_322' title='bbox 221 3179 361 3241; x_wconf 83' lang='lat' dir='ltr'><strong>illae</strong></span> <span class='ocrx_word' id='word_1_323' title='bbox 389 3199 468 3242; x_wconf 84' lang='lat' dir='ltr'><strong>ex</strong></span> <span class='ocrx_word' id='word_1_324' title='bbox 500 3180 798 3258; x_wconf 80' lang='lat' dir='ltr'><strong>portentis</strong></span> <span class='ocrx_word' id='word_1_325' title='bbox 826 3180 1121 3247; x_wconf 84' lang='lat' dir='ltr'><strong>immanes</strong></span> <span class='ocrx_word' id='word_1_326' title='bbox 1150 3199 1223 3242; x_wconf 87' lang='lat' dir='ltr'><strong>ac</strong></span> <span class='ocrx_word' id='word_1_327' title='bbox 1255 3184 1439 3256; x_wconf 76' lang='lat' dir='ltr'><strong>ferae,</strong></span> <span class='ocrx_word' id='word_1_328' title='bbox 1469 3185 1663 3245; x_wconf 79' lang='lat' dir='ltr'><strong>forma</strong></span> <span class='ocrx_word' id='word_1_329' title='bbox 1685 3183 1998 3244; x_wconf 90' lang='lat' dir='ltr'><strong>hominum</strong></span> <span class='ocrx_word' id='word_1_330' title='bbox 2019 3181 2290 3252; x_wconf 87' lang='lat' dir='ltr'><strong>indutae,</strong></span> 
     </span>
     <span class='ocr_line' id='line_1_38' title="bbox 218 3261 2290 3342; baseline -0.002 -17"><span class='ocrx_word' id='word_1_331' title='bbox 218 3264 598 3326; x_wconf 83' lang='lat' dir='ltr'><strong>exstiterunt.</strong></span> <span class='ocrx_word' id='word_1_332' title='bbox 681 3265 1017 3340; x_wconf 86' lang='lat' dir='ltr'><strong>Perspicite</strong></span> <span class='ocrx_word' id='word_1_333' title='bbox 1066 3265 1248 3326; x_wconf 86' lang='lat' dir='ltr'><strong>etiam</strong></span> <span class='ocrx_word' id='word_1_334' title='bbox 1295 3276 1480 3342; x_wconf 88' lang='lat' dir='ltr'><strong>atque</strong></span> <span class='ocrx_word' id='word_1_335' title='bbox 1531 3267 1743 3342; x_wconf 87' lang='lat' dir='ltr'><strong>etiam,</strong></span> <span class='ocrx_word' id='word_1_336' title='bbox 1807 3265 2074 3327; x_wconf 90' lang='lat' dir='ltr'><strong>iudices·</strong></span> <span class='ocrx_word' id='word_1_337' title='bbox 2142 3261 2290 3322; x_wconf 88' lang='lat' dir='ltr'><strong>nihil</strong></span> 
     </span>
     <span class='ocr_line' id='line_1_39' title="bbox 219 3313 2292 3426; baseline -0 -19"><span class='ocrx_word' id='word_1_338' title='bbox 219 3347 377 3407; x_wconf 88' lang='lat' dir='ltr'><strong>enim</strong></span> <span class='ocrx_word' id='word_1_339' title='bbox 408 3361 502 3410; x_wconf 86' lang='lat' dir='ltr'><strong>est</strong></span> <span class='ocrx_word' id='word_1_340' title='bbox 530 3349 740 3424; x_wconf 85' lang='lat' dir='ltr'><strong>quod</strong></span> <span class='ocrx_word' id='word_1_341' title='bbox 722 3365 783 3409; x_wconf 88' lang='lat' dir='ltr'><strong>m</strong></span> <span class='ocrx_word' id='word_1_342' title='bbox 812 3349 929 3410; x_wconf 81' lang='lat' dir='ltr'><strong>hac</strong></span> <span class='ocrx_word' id='word_1_343' title='bbox 962 3365 1151 3410; x_wconf 82' lang='lat' dir='ltr'><strong>causa</strong></span> <span class='ocrx_word' id='word_1_344' title='bbox 1181 3347 1304 3410; x_wconf 87' lang='lat' dir='ltr'><strong>dici</strong></span> <span class='ocrx_word' id='word_1_345' title='bbox 1333 3351 1532 3425; x_wconf 88' lang='lat' dir='ltr'><strong>possit</strong></span> <span class='ocrx_word' id='word_1_346' title='bbox 1563 3313 2014 3412; x_wconf 83' lang='lat' dir='ltr'><strong>vehementius·</strong></span> <span class='ocrx_word' id='word_1_347' title='bbox 2043 3346 2292 3426; x_wconf 86' lang='lat' dir='ltr'><strong>penitus</strong></span> 
     </span>
    </p>
   </div>
  </div>
 </body>
</html>
