<?xml version="1.0" encoding="UTF-8"?>
<!DOCTYPE html PUBLIC "-//W3C//DTD XHTML 1.0 Transitional//EN"
    "http://www.w3.org/TR/xhtml1/DTD/xhtml1-transitional.dtd">
<html xmlns="http://www.w3.org/1999/xhtml" xml:lang="en" lang="en">
 <head>
  <title>
</title>
<meta http-equiv="Content-Type" content="text/html;charset=utf-8" />
  <meta name='ocr-system' content='tesseract 3.04.00' />
  <meta name='ocr-capabilities' content='ocr_page ocr_carea ocr_par ocr_line ocrx_word'/>
</head>
<body>
  <div class='ocr_page' id='page_1' title='image "./mtulliiciceroni00klotgoog_0200.png"; bbox 0 0 2459 3817; ppageno 0'>
   <div class='ocr_carea' id='block_1_1' title="bbox 722 162 2136 231">
    <p class='ocr_par' dir='ltr' id='par_1_1' title="bbox 722 162 2136 231">
     <span class='ocr_line' id='line_1_1' title="bbox 722 162 2136 231; baseline 0.001 -6"><span class='ocrx_word' id='word_1_1' title='bbox 722 166 885 225; x_wconf 86' lang='lat' dir='ltr'><strong>CAP.</strong></span> <span class='ocrx_word' id='word_1_2' title='bbox 919 176 1043 227; x_wconf 77' lang='grc'><strong>5-</strong></span> <span class='ocrx_word' id='word_1_3' title='bbox 1064 174 1115 228; x_wconf 89' lang='grc'><strong>7.</strong></span> <span class='ocrx_word' id='word_1_4' title='bbox 1157 172 1210 231; x_wconf 75' lang='grc' dir='ltr'><strong>ς.</strong></span> <span class='ocrx_word' id='word_1_5' title='bbox 1241 176 1402 227; x_wconf 85' lang='lat'><strong>12—-</strong></span> <span class='ocrx_word' id='word_1_6' title='bbox 1420 174 1502 229; x_wconf 81' lang='lat'><strong>19.</strong></span> <span class='ocrx_word' id='word_1_7' title='bbox 2013 162 2136 227; x_wconf 83' lang='lat'><strong>189</strong></span> 
     </span>
    </p>
   </div>
   <div class='ocr_carea' id='block_1_2' title="bbox 36 312 2152 3450">
    <p class='ocr_par' dir='ltr' id='par_1_2' title="bbox 36 312 2152 3450">
     <span class='ocr_line' id='line_1_2' title="bbox 82 312 2139 391; baseline -0 -15"><span class='ocrx_word' id='word_1_8' title='bbox 82 312 372 391; x_wconf 81' lang='lat' dir='ltr'><strong>quiescit:</strong></span> <span class='ocrx_word' id='word_1_9' title='bbox 421 316 507 374; x_wconf 86' lang='lat' dir='ltr'><strong>ita</strong></span> <span class='ocrx_word' id='word_1_10' title='bbox 548 318 752 390; x_wconf 88' lang='lat' dir='ltr'><strong>neque</strong></span> <span class='ocrx_word' id='word_1_11' title='bbox 794 331 871 375; x_wconf 84' lang='lat' dir='ltr'><strong>ex</strong></span> <span class='ocrx_word' id='word_1_12' title='bbox 911 326 1091 391; x_wconf 88' lang='lat' dir='ltr'><strong>portu</strong></span> <span class='ocrx_word' id='word_1_13' title='bbox 1131 332 1334 391; x_wconf 82' lang='lat' dir='ltr'><strong>neque</strong></span> <span class='ocrx_word' id='word_1_14' title='bbox 1375 332 1456 374; x_wconf 87' lang='lat' dir='ltr'><strong>ex</strong></span> <span class='ocrx_word' id='word_1_15' title='bbox 1494 315 1770 377; x_wconf 82' lang='lat' dir='ltr'><strong>decumis</strong></span> <span class='ocrx_word' id='word_1_16' title='bbox 1813 332 2016 391; x_wconf 87' lang='lat' dir='ltr'><strong>neque</strong></span> <span class='ocrx_word' id='word_1_17' title='bbox 2057 332 2139 375; x_wconf 83' lang='lat' dir='ltr'><strong>cx</strong></span> 
     </span>
     <span class='ocr_line' id='line_1_3' title="bbox 84 396 2138 473; baseline -0 -15"><span class='ocrx_word' id='word_1_18' title='bbox 84 398 391 472; x_wconf 87' lang='lat' dir='ltr'><strong>scriptura</strong></span> <span class='ocrx_word' id='word_1_19' title='bbox 420 396 680 472; x_wconf 78' lang='lat' dir='ltr'><strong>vectigal</strong></span> <span class='ocrx_word' id='word_1_20' title='bbox 700 400 1055 459; x_wconf 88' lang='lat' dir='ltr'><strong>conservari</strong></span> <span class='ocrx_word' id='word_1_21' title='bbox 1081 407 1309 473; x_wconf 84' lang='lat' dir='ltr'><strong>potest=</strong></span> <span class='ocrx_word' id='word_1_22' title='bbox 1341 416 1460 473; x_wconf 84' lang='lat' dir='ltr'><strong>qua</strong></span> <span class='ocrx_word' id='word_1_23' title='bbox 1483 414 1552 457; x_wconf 84' lang='lat' dir='ltr'><strong>re</strong></span> <span class='ocrx_word' id='word_1_24' title='bbox 1575 414 1764 473; x_wconf 87' lang='lat' dir='ltr'><strong>saepe</strong></span> <span class='ocrx_word' id='word_1_25' title='bbox 1786 398 1971 459; x_wconf 87' lang='lat' dir='ltr'><strong>totius</strong></span> <span class='ocrx_word' id='word_1_26' title='bbox 1993 398 2138 458; x_wconf 88' lang='lat' dir='ltr'><strong>anni</strong></span> 
     </span>
     <span class='ocr_line' id='line_1_4' title="bbox 86 479 2137 557; baseline -0 -16"><span class='ocrx_word' id='word_1_27' title='bbox 86 485 321 542; x_wconf 75' lang='lat' dir='ltr'><strong>fructus</strong></span> <span class='ocrx_word' id='word_1_28' title='bbox 362 497 485 540; x_wconf 88' lang='lat' dir='ltr'><strong>uno</strong></span> <span class='ocrx_word' id='word_1_29' title='bbox 526 495 771 541; x_wconf 83' lang='lat' dir='ltr'><strong>rumore</strong></span> <span class='ocrx_word' id='word_1_30' title='bbox 814 481 1066 556; x_wconf 85' lang='lat' dir='ltr'><strong>periculi</strong></span> <span class='ocrx_word' id='word_1_31' title='bbox 1110 490 1296 557; x_wconf 88' lang='lat' dir='ltr'><strong>atque</strong></span> <span class='ocrx_word' id='word_1_32' title='bbox 1336 497 1458 541; x_wconf 90' lang='lat' dir='ltr'><strong>uno</strong></span> <span class='ocrx_word' id='word_1_33' title='bbox 1493 480 1632 541; x_wconf 85' lang='lat' dir='ltr'><strong>belli</strong></span> <span class='ocrx_word' id='word_1_34' title='bbox 1663 489 1896 541; x_wconf 87' lang='lat' dir='ltr'><strong>terrore</strong></span> <span class='ocrx_word' id='word_1_35' title='bbox 1923 479 2137 542; x_wconf 84' lang='lat' dir='ltr'><strong>amitti-</strong></span> 
     </span>
     <span class='ocr_line' id='line_1_5' title="bbox 81 560 2135 639; baseline 0 -17"><span class='ocrx_word' id='word_1_36' title='bbox 81 572 197 623; x_wconf 87' lang='lat' dir='ltr'><strong>tur.</strong></span> <span class='ocrx_word' id='word_1_37' title='bbox 264 560 363 625; x_wconf 82' lang='lat' dir='ltr'><strong>lo.</strong></span> <span class='ocrx_word' id='word_1_38' title='bbox 418 563 549 636; x_wconf 82' lang='lat' dir='ltr'><strong>Quo</strong></span> <span class='ocrx_word' id='word_1_39' title='bbox 590 564 835 624; x_wconf 86' lang='lat' dir='ltr'><strong>tandem</strong></span> <span class='ocrx_word' id='word_1_40' title='bbox 863 562 1043 639; x_wconf 81' lang='lat' dir='ltr'><strong>igitur</strong></span> <span class='ocrx_word' id='word_1_41' title='bbox 1074 563 1275 624; x_wconf 88' lang='lat' dir='ltr'><strong>animo</strong></span> <span class='ocrx_word' id='word_1_42' title='bbox 1306 580 1450 625; x_wconf 89' lang='lat' dir='ltr'><strong>esse</strong></span> <span class='ocrx_word' id='word_1_43' title='bbox 1479 562 1835 624; x_wconf 86' lang='lat' dir='ltr'><strong>existimatis</strong></span> <span class='ocrx_word' id='word_1_44' title='bbox 1867 572 1971 625; x_wconf 83' lang='lat' dir='ltr'><strong>aut</strong></span> <span class='ocrx_word' id='word_1_45' title='bbox 2003 580 2135 635; x_wconf 80' lang='lat' dir='ltr'><strong>eoS‚</strong></span> 
     </span>
     <span class='ocr_line' id='line_1_6' title="bbox 88 644 2138 721; baseline -0.001 -14"><span class='ocrx_word' id='word_1_46' title='bbox 88 644 194 720; x_wconf 90' lang='lat' dir='ltr'><strong>qui</strong></span> <span class='ocrx_word' id='word_1_47' title='bbox 232 644 556 721; x_wconf 76' lang='lat' dir='ltr'><strong>vectigalia</strong></span> <span class='ocrx_word' id='word_1_48' title='bbox 583 645 761 707; x_wconf 86' lang='lat' dir='ltr'><strong>nobis</strong></span> <span class='ocrx_word' id='word_1_49' title='bbox 788 646 1127 721; x_wconf 83' lang='lat' dir='ltr'><strong>pensitant,</strong></span> <span class='ocrx_word' id='word_1_50' title='bbox 1174 656 1280 709; x_wconf 84' lang='lat' dir='ltr'><strong>aut</strong></span> <span class='ocrx_word' id='word_1_51' title='bbox 1307 662 1450 719; x_wconf 77' lang='lat' dir='ltr'><strong>eoS,</strong></span> <span class='ocrx_word' id='word_1_52' title='bbox 1497 646 1602 720; x_wconf 89' lang='lat' dir='ltr'><strong>qui</strong></span> <span class='ocrx_word' id='word_1_53' title='bbox 1635 654 1926 708; x_wconf 67' lang='lat' dir='ltr'><strong>exercent</strong></span> <span class='ocrx_word' id='word_1_54' title='bbox 1951 654 2138 721; x_wconf 85' lang='lat' dir='ltr'><strong>atque</strong></span> 
     </span>
     <span class='ocr_line' id='line_1_7' title="bbox 81 728 2139 804; baseline 0.001 -17"><span class='ocrx_word' id='word_1_55' title='bbox 81 728 360 803; x_wconf 83' lang='lat' dir='ltr'><strong>exigunt,</strong></span> <span class='ocrx_word' id='word_1_56' title='bbox 406 744 590 803; x_wconf 89' lang='lat' dir='ltr'><strong>quum</strong></span> <span class='ocrx_word' id='word_1_57' title='bbox 632 730 753 788; x_wconf 89' lang='lat' dir='ltr'><strong>duo</strong></span> <span class='ocrx_word' id='word_1_58' title='bbox 796 743 975 804; x_wconf 84' lang='lat' dir='ltr'><strong>reges</strong></span> <span class='ocrx_word' id='word_1_59' title='bbox 1018 744 1157 789; x_wconf 90' lang='lat' dir='ltr'><strong>cum</strong></span> <span class='ocrx_word' id='word_1_60' title='bbox 1200 728 1478 790; x_wconf 82' lang='lat' dir='ltr'><strong>maximis</strong></span> <span class='ocrx_word' id='word_1_61' title='bbox 1519 728 1714 802; x_wconf 87' lang='lat' dir='ltr'><strong>copiis</strong></span> <span class='ocrx_word' id='word_1_62' title='bbox 1755 736 2006 804; x_wconf 86' lang='lat' dir='ltr'><strong>propter</strong></span> <span class='ocrx_word' id='word_1_63' title='bbox 2031 728 2139 789; x_wconf 88' lang='lat' dir='ltr'><strong>ad-</strong></span> 
     </span>
     <span class='ocr_line' id='line_1_8' title="bbox 83 810 2138 887; baseline 0 -16"><span class='ocrx_word' id='word_1_64' title='bbox 83 813 245 873; x_wconf 71' lang='lat' dir='ltr'><strong>sint?</strong></span> <span class='ocrx_word' id='word_1_65' title='bbox 287 827 475 887; x_wconf 88' lang='lat' dir='ltr'><strong>quum</strong></span> <span class='ocrx_word' id='word_1_66' title='bbox 514 826 637 872; x_wconf 85' lang='lat' dir='ltr'><strong>una</strong></span> <span class='ocrx_word' id='word_1_67' title='bbox 678 810 963 872; x_wconf 83' lang='lat' dir='ltr'><strong>excursio</strong></span> <span class='ocrx_word' id='word_1_68' title='bbox 1009 812 1312 887; x_wconf 78' lang='lat' dir='ltr'><strong>equitatus</strong></span> <span class='ocrx_word' id='word_1_69' title='bbox 1342 810 1624 885; x_wconf 81' lang='lat' dir='ltr'><strong>perbrevi</strong></span> <span class='ocrx_word' id='word_1_70' title='bbox 1653 820 1926 887; x_wconf 87' lang='lat' dir='ltr'><strong>tempore</strong></span> <span class='ocrx_word' id='word_1_71' title='bbox 1955 811 2138 873; x_wconf 86' lang='lat' dir='ltr'><strong>totius</strong></span> 
     </span>
     <span class='ocr_line' id='line_1_9' title="bbox 80 892 2152 969; baseline 0 -16"><span class='ocrx_word' id='word_1_72' title='bbox 80 892 223 955; x_wconf 88' lang='lat' dir='ltr'><strong>anni</strong></span> <span class='ocrx_word' id='word_1_73' title='bbox 268 893 529 968; x_wconf 81' lang='lat' dir='ltr'><strong>vectigal</strong></span> <span class='ocrx_word' id='word_1_74' title='bbox 561 895 802 955; x_wconf 81' lang='lat' dir='ltr'><strong>auferre</strong></span> <span class='ocrx_word' id='word_1_75' title='bbox 831 896 1073 968; x_wconf 68' lang='lat' dir='ltr'><strong>possit?</strong></span> <span class='ocrx_word' id='word_1_76' title='bbox 1108 912 1297 969; x_wconf 89' lang='lat' dir='ltr'><strong>quum</strong></span> <span class='ocrx_word' id='word_1_77' title='bbox 1325 894 1633 969; x_wconf 86' lang='lat' dir='ltr'><strong>publicani</strong></span> <span class='ocrx_word' id='word_1_78' title='bbox 1665 892 1920 953; x_wconf 76' lang='lat' dir='ltr'><strong>familias</strong></span> <span class='ocrx_word' id='word_1_79' title='bbox 1949 894 2152 953; x_wconf 87' lang='lat' dir='ltr'><strong>maxi-&#39;</strong></span> 
     </span>
     <span class='ocr_line' id='line_1_10' title="bbox 82 974 2140 1053; baseline -0.001 -16"><span class='ocrx_word' id='word_1_80' title='bbox 82 994 247 1053; x_wconf 86' lang='lat' dir='ltr'><strong>mas,</strong></span> <span class='ocrx_word' id='word_1_81' title='bbox 287 993 443 1053; x_wconf 88' lang='lat' dir='ltr'><strong>quas</strong></span> <span class='ocrx_word' id='word_1_82' title='bbox 472 976 534 1036; x_wconf 89' lang='lat' dir='ltr'><strong>in</strong></span> <span class='ocrx_word' id='word_1_83' title='bbox 564 978 818 1038; x_wconf 86' lang='lat' dir='ltr'><strong>saltibus</strong></span> <span class='ocrx_word' id='word_1_84' title='bbox 846 976 1099 1050; x_wconf 88' lang='lat' dir='ltr'><strong>habent,</strong></span> <span class='ocrx_word' id='word_1_85' title='bbox 1148 994 1302 1051; x_wconf 86' lang='lat' dir='ltr'><strong>quas</strong></span> <span class='ocrx_word' id='word_1_86' title='bbox 1330 977 1391 1037; x_wconf 87' lang='lat' dir='ltr'><strong>in</strong></span> <span class='ocrx_word' id='word_1_87' title='bbox 1421 974 1616 1051; x_wconf 76' lang='lat' dir='ltr'><strong>agris,</strong></span> <span class='ocrx_word' id='word_1_88' title='bbox 1662 992 1814 1051; x_wconf 89' lang='lat' dir='ltr'><strong>quas</strong></span> <span class='ocrx_word' id='word_1_89' title='bbox 1842 975 1906 1035; x_wconf 90' lang='lat' dir='ltr'><strong>in</strong></span> <span class='ocrx_word' id='word_1_90' title='bbox 1933 984 2140 1049; x_wconf 90' lang='lat' dir='ltr'><strong>portu-</strong></span> 
     </span>
     <span class='ocr_line' id='line_1_11' title="bbox 82 1057 2141 1135; baseline -0.001 -16"><span class='ocrx_word' id='word_1_91' title='bbox 82 1061 197 1121; x_wconf 89' lang='lat' dir='ltr'><strong>bus</strong></span> <span class='ocrx_word' id='word_1_92' title='bbox 237 1068 420 1135; x_wconf 83' lang='lat' dir='ltr'><strong>atque</strong></span> <span class='ocrx_word' id='word_1_93' title='bbox 462 1057 792 1132; x_wconf 90' lang='lat' dir='ltr'><strong>custodiis,</strong></span> <span class='ocrx_word' id='word_1_94' title='bbox 831 1074 1051 1133; x_wconf 83' lang='lat' dir='ltr'><strong>magno</strong></span> <span class='ocrx_word' id='word_1_95' title='bbox 1085 1060 1355 1134; x_wconf 88' lang='lat' dir='ltr'><strong>periculo</strong></span> <span class='ocrx_word' id='word_1_96' title='bbox 1388 1076 1460 1119; x_wconf 87' lang='lat' dir='ltr'><strong>se</strong></span> <span class='ocrx_word' id='word_1_97' title='bbox 1487 1058 1714 1119; x_wconf 85' lang='lat' dir='ltr'><strong>habere</strong></span> <span class='ocrx_word' id='word_1_98' title='bbox 1743 1057 2141 1119; x_wconf 60' lang='lat' dir='ltr'><strong>arbitrentur?</strong></span> 
     </span>
     <span class='ocr_line' id='line_1_12' title="bbox 87 1140 2136 1216; baseline -0 -14"><span class='ocrx_word' id='word_1_99' title='bbox 87 1142 395 1204; x_wconf 85' lang='lat' dir='ltr'><strong>Putatisne</strong></span> <span class='ocrx_word' id='word_1_100' title='bbox 422 1157 539 1200; x_wconf 86' lang='lat' dir='ltr'><strong>vos</strong></span> <span class='ocrx_word' id='word_1_101' title='bbox 567 1140 687 1201; x_wconf 90' lang='lat' dir='ltr'><strong>illis</strong></span> <span class='ocrx_word' id='word_1_102' title='bbox 714 1141 901 1201; x_wconf 88' lang='lat' dir='ltr'><strong>rebus</strong></span> <span class='ocrx_word' id='word_1_103' title='bbox 929 1141 1045 1200; x_wconf 86' lang='lat' dir='ltr'><strong>frui</strong></span> <span class='ocrx_word' id='word_1_104' title='bbox 1076 1156 1296 1215; x_wconf 90' lang='lat' dir='ltr'><strong>posse,</strong></span> <span class='ocrx_word' id='word_1_105' title='bbox 1343 1140 1462 1202; x_wconf 87' lang='lat' dir='ltr'><strong>nisi</strong></span> <span class='ocrx_word' id='word_1_106' title='bbox 1489 1156 1631 1213; x_wconf 83' lang='lat' dir='ltr'><strong>eos,</strong></span> <span class='ocrx_word' id='word_1_107' title='bbox 1673 1140 1776 1216; x_wconf 90' lang='lat' dir='ltr'><strong>qui</strong></span> <span class='ocrx_word' id='word_1_108' title='bbox 1804 1140 1984 1202; x_wconf 89' lang='lat' dir='ltr'><strong>vobis</strong></span> <span class='ocrx_word' id='word_1_109' title='bbox 2021 1141 2136 1201; x_wconf 81' lang='lat' dir='ltr'><strong>rru-</strong></span> 
     </span>
     <span class='ocr_line' id='line_1_13' title="bbox 84 1222 2139 1296; baseline -0 -12"><span class='ocrx_word' id='word_1_110' title='bbox 84 1223 211 1286; x_wconf 86' lang='lat' dir='ltr'><strong>ctui</strong></span> <span class='ocrx_word' id='word_1_111' title='bbox 254 1233 430 1296; x_wconf 84' lang='lat' dir='ltr'><strong>sunt,</strong></span> <span class='ocrx_word' id='word_1_112' title='bbox 481 1222 915 1283; x_wconf 86' lang='lat' dir='ltr'><strong>conservaritis</strong></span> <span class='ocrx_word' id='word_1_113' title='bbox 954 1238 1077 1283; x_wconf 90' lang='lat' dir='ltr'><strong>non</strong></span> <span class='ocrx_word' id='word_1_114' title='bbox 1119 1224 1348 1296; x_wconf 88' lang='lat' dir='ltr'><strong>solum,</strong></span> <span class='ocrx_word' id='word_1_115' title='bbox 1395 1231 1464 1283; x_wconf 89' lang='lat' dir='ltr'><strong>ut</strong></span> <span class='ocrx_word' id='word_1_116' title='bbox 1504 1231 1643 1283; x_wconf 78' lang='lat' dir='ltr'><strong>ante</strong></span> <span class='ocrx_word' id='word_1_117' title='bbox 1687 1222 1842 1295; x_wconf 84' lang='lat' dir='ltr'><strong>dixi,</strong></span> <span class='ocrx_word' id='word_1_118' title='bbox 1897 1222 2139 1283; x_wconf 87' lang='lat' dir='ltr'><strong>calami-</strong></span> 
     </span>
     <span class='ocr_line' id='line_1_14' title="bbox 86 1302 2140 1380; baseline -0.001 -13"><span class='ocrx_word' id='word_1_119' title='bbox 86 1316 239 1380; x_wconf 86' lang='lat' dir='ltr'><strong>tate,</strong></span> <span class='ocrx_word' id='word_1_120' title='bbox 270 1306 382 1366; x_wconf 90' lang='lat' dir='ltr'><strong>sed</strong></span> <span class='ocrx_word' id='word_1_121' title='bbox 412 1302 590 1365; x_wconf 85' lang='lat' dir='ltr'><strong>etiam</strong></span> <span class='ocrx_word' id='word_1_122' title='bbox 622 1304 981 1365; x_wconf 81' lang='lat' dir='ltr'><strong>calamitatis</strong></span> <span class='ocrx_word' id='word_1_123' title='bbox 1011 1304 1331 1365; x_wconf 80' lang='lat' dir='ltr'><strong>formidine</strong></span> <span class='ocrx_word' id='word_1_124' title='bbox 1359 1303 1688 1368; x_wconf 67' lang='lat' dir='ltr'><strong>liberatos?</strong></span> <span class='ocrx_word' id='word_1_125' title='bbox 1743 1306 1874 1365; x_wconf 84' lang='lat' dir='ltr'><strong>Vll.</strong></span> <span class='ocrx_word' id='word_1_126' title='bbox 1905 1304 2006 1369; x_wconf 90' lang='grc'><strong>17.</strong></span> <span class='ocrx_word' id='word_1_127' title='bbox 2049 1310 2140 1365; x_wconf 87' lang='lat' dir='ltr'><strong>Ac</strong></span> 
     </span>
     <span class='ocr_line' id='line_1_15' title="bbox 84 1386 2140 1464; baseline -0 -15"><span class='ocrx_word' id='word_1_128' title='bbox 84 1406 163 1449; x_wconf 89' lang='lat' dir='ltr'><strong>ne</strong></span> <span class='ocrx_word' id='word_1_129' title='bbox 195 1388 345 1449; x_wconf 89' lang='lat' dir='ltr'><strong>illud</strong></span> <span class='ocrx_word' id='word_1_130' title='bbox 375 1387 623 1463; x_wconf 88' lang='lat' dir='ltr'><strong>quidem</strong></span> <span class='ocrx_word' id='word_1_131' title='bbox 656 1386 839 1449; x_wconf 85' lang='lat' dir='ltr'><strong>vobis</strong></span> <span class='ocrx_word' id='word_1_132' title='bbox 868 1388 1297 1463; x_wconf 80' lang='lat' dir='ltr'><strong>negligendum</strong></span> <span class='ocrx_word' id='word_1_133' title='bbox 1332 1396 1456 1459; x_wconf 90' lang='lat' dir='ltr'><strong>est,</strong></span> <span class='ocrx_word' id='word_1_134' title='bbox 1505 1388 1672 1463; x_wconf 89' lang='lat' dir='ltr'><strong>quod</strong></span> <span class='ocrx_word' id='word_1_135' title='bbox 1704 1387 1849 1449; x_wconf 87' lang='lat' dir='ltr'><strong>mihi</strong></span> <span class='ocrx_word' id='word_1_136' title='bbox 1884 1405 1998 1464; x_wconf 83' lang='lat' dir='ltr'><strong>ego</strong></span> <span class='ocrx_word' id='word_1_137' title='bbox 2035 1405 2140 1449; x_wconf 86' lang='lat' dir='ltr'><strong>ex·-</strong></span> 
     </span>
     <span class='ocr_line' id='line_1_16' title="bbox 82 1471 2137 1547; baseline 0 -15"><span class='ocrx_word' id='word_1_138' title='bbox 82 1484 335 1533; x_wconf 85' lang='lat' dir='ltr'><strong>tremum</strong></span> <span class='ocrx_word' id='word_1_139' title='bbox 368 1486 831 1545; x_wconf 81' lang='lat' dir='ltr'><strong>proposueram,</strong></span> <span class='ocrx_word' id='word_1_140' title='bbox 868 1488 1051 1547; x_wconf 89' lang='lat' dir='ltr'><strong>quum</strong></span> <span class='ocrx_word' id='word_1_141' title='bbox 1080 1486 1283 1531; x_wconf 86' lang='lat' dir='ltr'><strong>essem</strong></span> <span class='ocrx_word' id='word_1_142' title='bbox 1313 1472 1392 1533; x_wconf 88' lang='lat' dir='ltr'><strong>de</strong></span> <span class='ocrx_word' id='word_1_143' title='bbox 1420 1471 1562 1531; x_wconf 80' lang='lat' dir='ltr'><strong>belli</strong></span> <span class='ocrx_word' id='word_1_144' title='bbox 1590 1487 1814 1547; x_wconf 82' lang='lat' dir='ltr'><strong>genere</strong></span> <span class='ocrx_word' id='word_1_145' title='bbox 1849 1472 2137 1545; x_wconf 86' lang='lat' dir='ltr'><strong>dicturus,</strong></span> 
     </span>
     <span class='ocr_line' id='line_1_17' title="bbox 90 1552 2136 1630; baseline 0.001 -15"><span class='ocrx_word' id='word_1_146' title='bbox 90 1555 254 1630; x_wconf 85' lang='lat' dir='ltr'><strong>quod</strong></span> <span class='ocrx_word' id='word_1_147' title='bbox 290 1554 369 1615; x_wconf 90' lang='lat' dir='ltr'><strong>ad</strong></span> <span class='ocrx_word' id='word_1_148' title='bbox 409 1554 733 1615; x_wconf 86' lang='lat' dir='ltr'><strong>multorum</strong></span> <span class='ocrx_word' id='word_1_149' title='bbox 764 1554 929 1615; x_wconf 89' lang='lat' dir='ltr'><strong>bona</strong></span> <span class='ocrx_word' id='word_1_150' title='bbox 958 1552 1183 1615; x_wconf 89' lang='lat' dir='ltr'><strong>civium</strong></span> <span class='ocrx_word' id='word_1_151' title='bbox 1208 1555 1622 1615; x_wconf 85' lang='lat' dir='ltr'><strong>Romanorum</strong></span> <span class='ocrx_word' id='word_1_152' title='bbox 1652 1553 1942 1630; x_wconf 84' lang='lat' dir='ltr'><strong>pertinet,</strong></span> <span class='ocrx_word' id='word_1_153' title='bbox 1988 1572 2136 1630; x_wconf 79' lang='lat' dir='ltr'><strong>quo·</strong></span> 
     </span>
     <span class='ocr_line' id='line_1_18' title="bbox 84 1634 2136 1711; baseline 0.001 -15"><span class='ocrx_word' id='word_1_154' title='bbox 84 1654 219 1698; x_wconf 85' lang='lat' dir='ltr'><strong>rum</strong></span> <span class='ocrx_word' id='word_1_155' title='bbox 248 1634 429 1698; x_wconf 86' lang='lat' dir='ltr'><strong>vobis</strong></span> <span class='ocrx_word' id='word_1_156' title='bbox 464 1652 577 1711; x_wconf 88' lang='lat' dir='ltr'><strong>pro</strong></span> <span class='ocrx_word' id='word_1_157' title='bbox 605 1645 815 1699; x_wconf 83' lang='lat' dir='ltr'><strong>vestra</strong></span> <span class='ocrx_word' id='word_1_158' title='bbox 840 1635 1167 1711; x_wconf 80' lang='lat' dir='ltr'><strong>sapientia,</strong></span> <span class='ocrx_word' id='word_1_159' title='bbox 1214 1636 1508 1711; x_wconf 81' lang='lat' dir='ltr'><strong>Quirites,</strong></span> <span class='ocrx_word' id='word_1_160' title='bbox 1550 1637 1832 1701; x_wconf 84' lang='lat' dir='ltr'><strong>habenda</strong></span> <span class='ocrx_word' id='word_1_161' title='bbox 1861 1646 1958 1698; x_wconf 90' lang='lat' dir='ltr'><strong>est</strong></span> <span class='ocrx_word' id='word_1_162' title='bbox 1985 1636 2136 1699; x_wconf 79' lang='lat' dir='ltr'><strong>ratic</strong></span> 
     </span>
     <span class='ocr_line' id='line_1_19' title="bbox 84 1718 2140 1795; baseline 0 -16"><span class='ocrx_word' id='word_1_163' title='bbox 84 1718 421 1795; x_wconf 84' lang='lat' dir='ltr'><strong>diligenter.</strong></span> <span class='ocrx_word' id='word_1_164' title='bbox 506 1719 655 1779; x_wconf 89' lang='lat' dir='ltr'><strong>Nam</strong></span> <span class='ocrx_word' id='word_1_165' title='bbox 697 1728 757 1781; x_wconf 87' lang='lat' dir='ltr'><strong>et</strong></span> <span class='ocrx_word' id='word_1_166' title='bbox 801 1718 1106 1794; x_wconf 88' lang='lat' dir='ltr'><strong>publicani</strong></span> <span class='ocrx_word' id='word_1_167' title='bbox 1124 1766 1138 1793; x_wconf 95' lang='lat'><strong>,</strong></span> <span class='ocrx_word' id='word_1_168' title='bbox 1178 1720 1458 1781; x_wconf 87' lang='lat' dir='ltr'><strong>homines</strong></span> <span class='ocrx_word' id='word_1_169' title='bbox 1497 1718 1916 1780; x_wconf 83' lang='lat' dir='ltr'><strong>honestissimi</strong></span> <span class='ocrx_word' id='word_1_170' title='bbox 1956 1726 2140 1793; x_wconf 86' lang='lat' dir='ltr'><strong>atquc</strong></span> 
     </span>
     <span class='ocr_line' id='line_1_20' title="bbox 84 1798 2142 1878; baseline 0 -18"><span class='ocrx_word' id='word_1_171' title='bbox 84 1798 469 1875; x_wconf 85' lang='lat' dir='ltr'><strong>ornatissimi,</strong></span> <span class='ocrx_word' id='word_1_172' title='bbox 506 1818 653 1863; x_wconf 81' lang='lat' dir='ltr'><strong>suas</strong></span> <span class='ocrx_word' id='word_1_173' title='bbox 682 1800 951 1863; x_wconf 86' lang='lat' dir='ltr'><strong>rationes</strong></span> <span class='ocrx_word' id='word_1_174' title='bbox 978 1810 1040 1863; x_wconf 90' lang='lat' dir='ltr'><strong>et</strong></span> <span class='ocrx_word' id='word_1_175' title='bbox 1068 1802 1281 1878; x_wconf 87' lang='lat' dir='ltr'><strong>copias</strong></span> <span class='ocrx_word' id='word_1_176' title='bbox 1309 1804 1371 1863; x_wconf 90' lang='lat' dir='ltr'><strong>in</strong></span> <span class='ocrx_word' id='word_1_177' title='bbox 1401 1803 1561 1863; x_wconf 85' lang='lat' dir='ltr'><strong>illam</strong></span> <span class='ocrx_word' id='word_1_178' title='bbox 1592 1801 1966 1877; x_wconf 86' lang='lat' dir='ltr'><strong>provinciam</strong></span> <span class='ocrx_word' id='word_1_179' title='bbox 1996 1817 2142 1861; x_wconf 88' lang='lat' dir='ltr'><strong>con·</strong></span> 
     </span>
     <span class='ocr_line' id='line_1_21' title="bbox 85 1883 2144 1961; baseline 0 -14"><span class='ocrx_word' id='word_1_180' title='bbox 85 1886 363 1959; x_wconf 88' lang='lat' dir='ltr'><strong>tulerunt,</strong></span> <span class='ocrx_word' id='word_1_181' title='bbox 394 1902 652 1961; x_wconf 86' lang='lat' dir='ltr'><strong>quorum</strong></span> <span class='ocrx_word' id='word_1_182' title='bbox 686 1884 961 1960; x_wconf 86' lang='lat' dir='ltr'><strong>ipsorum</strong></span> <span class='ocrx_word' id='word_1_183' title='bbox 991 1900 1101 1961; x_wconf 86' lang='lat' dir='ltr'><strong>per</strong></span> <span class='ocrx_word' id='word_1_184' title='bbox 1128 1902 1199 1946; x_wconf 91' lang='lat' dir='ltr'><strong>se</strong></span> <span class='ocrx_word' id='word_1_185' title='bbox 1224 1902 1328 1947; x_wconf 89' lang='lat' dir='ltr'><strong>res</strong></span> <span class='ocrx_word' id='word_1_186' title='bbox 1357 1894 1418 1946; x_wconf 92' lang='lat' dir='ltr'><strong>et</strong></span> <span class='ocrx_word' id='word_1_187' title='bbox 1450 1886 1724 1945; x_wconf 73' lang='lat' dir='ltr'><strong>fortunae</strong></span> <span class='ocrx_word' id='word_1_188' title='bbox 1753 1883 1929 1944; x_wconf 89' lang='lat' dir='ltr'><strong>vobis</strong></span> <span class='ocrx_word' id='word_1_189' title='bbox 1959 1900 2144 1947; x_wconf 86' lang='lat' dir='ltr'><strong>curae</strong></span> 
     </span>
     <span class='ocr_line' id='line_1_22' title="bbox 84 1966 2144 2043; baseline -0 -14"><span class='ocrx_word' id='word_1_190' title='bbox 84 1984 231 2029; x_wconf 89' lang='lat' dir='ltr'><strong>esse</strong></span> <span class='ocrx_word' id='word_1_191' title='bbox 267 1968 510 2029; x_wconf 88' lang='lat' dir='ltr'><strong>debent.</strong></span> <span class='ocrx_word' id='word_1_192' title='bbox 594 1967 831 2029; x_wconf 84' lang='lat' dir='ltr'><strong>Etenim</strong></span> <span class='ocrx_word' id='word_1_193' title='bbox 873 1966 929 2029; x_wconf 90' lang='lat' dir='ltr'><strong>si</strong></span> <span class='ocrx_word' id='word_1_194' title='bbox 960 1966 1282 2043; x_wconf 82' lang='lat' dir='ltr'><strong>vectigalia</strong></span> <span class='ocrx_word' id='word_1_195' title='bbox 1311 1984 1538 2028; x_wconf 83' lang='lat' dir='ltr'><strong>nervos</strong></span> <span class='ocrx_word' id='word_1_196' title='bbox 1569 1983 1712 2028; x_wconf 91' lang='lat' dir='ltr'><strong>esse</strong></span> <span class='ocrx_word' id='word_1_197' title='bbox 1740 1966 1829 2027; x_wconf 88' lang='lat' dir='ltr'><strong>rei</strong></span> <span class='ocrx_word' id='word_1_198' title='bbox 1863 1966 2144 2041; x_wconf 86' lang='lat' dir='ltr'><strong>publicae</strong></span> 
     </span>
     <span class='ocr_line' id='line_1_23' title="bbox 88 2049 2140 2127; baseline 0 -15"><span class='ocrx_word' id='word_1_199' title='bbox 88 2067 335 2126; x_wconf 87' lang='lat' dir='ltr'><strong>semper</strong></span> <span class='ocrx_word' id='word_1_200' title='bbox 368 2049 685 2124; x_wconf 87' lang='lat' dir='ltr'><strong>duximus,</strong></span> <span class='ocrx_word' id='word_1_201' title='bbox 728 2068 865 2112; x_wconf 87' lang='lat' dir='ltr'><strong>eum</strong></span> <span class='ocrx_word' id='word_1_202' title='bbox 900 2059 1062 2113; x_wconf 82' lang='lat' dir='ltr'><strong>certe</strong></span> <span class='ocrx_word' id='word_1_203' title='bbox 1092 2051 1396 2123; x_wconf 87' lang='lat' dir='ltr'><strong>ordinem,</strong></span> <span class='ocrx_word' id='word_1_204' title='bbox 1441 2050 1546 2127; x_wconf 89' lang='lat' dir='ltr'><strong>qui</strong></span> <span class='ocrx_word' id='word_1_205' title='bbox 1583 2058 1830 2111; x_wconf 81' lang='lat' dir='ltr'><strong>exercet</strong></span> <span class='ocrx_word' id='word_1_206' title='bbox 1863 2051 1992 2122; x_wconf 87' lang='lat' dir='ltr'><strong>illa,</strong></span> <span class='ocrx_word' id='word_1_207' title='bbox 2042 2051 2140 2112; x_wconf 86' lang='lat' dir='ltr'><strong>fir-</strong></span> 
     </span>
     <span class='ocr_line' id='line_1_24' title="bbox 84 2131 2142 2196; baseline 0 -3"><span class='ocrx_word' id='word_1_208' title='bbox 84 2142 451 2194; x_wconf 88' lang='lat' dir='ltr'><strong>mamentum</strong></span> <span class='ocrx_word' id='word_1_209' title='bbox 517 2142 857 2196; x_wconf 87' lang='lat' dir='ltr'><strong>ceterorum</strong></span> <span class='ocrx_word' id='word_1_210' title='bbox 886 2134 1167 2195; x_wconf 87' lang='lat' dir='ltr'><strong>ordinum</strong></span> <span class='ocrx_word' id='word_1_211' title='bbox 1193 2141 1360 2195; x_wconf 86' lang='lat' dir='ltr'><strong>recte</strong></span> <span class='ocrx_word' id='word_1_212' title='bbox 1385 2150 1530 2194; x_wconf 90' lang='lat' dir='ltr'><strong>esse</strong></span> <span class='ocrx_word' id='word_1_213' title='bbox 1559 2131 1853 2195; x_wconf 89' lang='lat' dir='ltr'><strong>dicemus.</strong></span> <span class='ocrx_word' id='word_1_214' title='bbox 1898 2132 1998 2195; x_wconf 87' lang='grc'><strong>18.</strong></span> <span class='ocrx_word' id='word_1_215' title='bbox 2026 2134 2142 2193; x_wconf 89' lang='lat' dir='ltr'><strong>De·</strong></span> 
     </span>
     <span class='ocr_line' id='line_1_25' title="bbox 36 2214 2140 2293; baseline -0.003 -12"><span class='ocrx_word' id='word_1_216' title='bbox 36 2276 39 2281; x_wconf 91' lang='lat'><strong>.</strong></span> <span class='ocrx_word' id='word_1_217' title='bbox 84 2216 227 2276; x_wconf 87' lang='lat' dir='ltr'><strong>inde</strong></span> <span class='ocrx_word' id='word_1_218' title='bbox 255 2232 333 2276; x_wconf 88' lang='lat' dir='ltr'><strong>ex</strong></span> <span class='ocrx_word' id='word_1_219' title='bbox 402 2216 621 2277; x_wconf 86' lang='lat' dir='ltr'><strong>ceteris</strong></span> <span class='ocrx_word' id='word_1_220' title='bbox 651 2216 965 2277; x_wconf 87' lang='lat' dir='ltr'><strong>ordinibus</strong></span> <span class='ocrx_word' id='word_1_221' title='bbox 992 2217 1270 2277; x_wconf 88' lang='lat' dir='ltr'><strong>homines</strong></span> <span class='ocrx_word' id='word_1_222' title='bbox 1292 2216 1473 2291; x_wconf 81' lang='lat' dir='ltr'><strong>gnavi</strong></span> <span class='ocrx_word' id='word_1_223' title='bbox 1494 2224 1678 2293; x_wconf 88' lang='lat' dir='ltr'><strong>atque</strong></span> <span class='ocrx_word' id='word_1_224' title='bbox 1701 2214 1981 2277; x_wconf 81' lang='lat' dir='ltr'><strong>industrii</strong></span> <span class='ocrx_word' id='word_1_225' title='bbox 2003 2231 2140 2290; x_wconf 89' lang='lat' dir='ltr'><strong>par-</strong></span> 
     </span>
     <span class='ocr_line' id='line_1_26' title="bbox 84 2296 2141 2377; baseline 0.001 -20"><span class='ocrx_word' id='word_1_226' title='bbox 84 2300 185 2357; x_wconf 89' lang='lat' dir='ltr'><strong>tim</strong></span> <span class='ocrx_word' id='word_1_227' title='bbox 231 2296 350 2373; x_wconf 89' lang='lat' dir='ltr'><strong>ipsi</strong></span> <span class='ocrx_word' id='word_1_228' title='bbox 390 2296 451 2358; x_wconf 90' lang='lat' dir='ltr'><strong>in</strong></span> <span class='ocrx_word' id='word_1_229' title='bbox 480 2298 634 2360; x_wconf 87' lang='lat' dir='ltr'><strong>Asia</strong></span> <span class='ocrx_word' id='word_1_230' title='bbox 666 2299 1086 2377; x_wconf 82' lang='lat' dir='ltr'><strong>negotiantur,</strong></span> <span class='ocrx_word' id='word_1_231' title='bbox 1128 2298 1352 2375; x_wconf 89' lang='lat' dir='ltr'><strong>quibus</strong></span> <span class='ocrx_word' id='word_1_232' title='bbox 1382 2316 1497 2360; x_wconf 90' lang='lat' dir='ltr'><strong>vos</strong></span> <span class='ocrx_word' id='word_1_233' title='bbox 1531 2298 1889 2361; x_wconf 84' lang='lat' dir='ltr'><strong>absentibus</strong></span> <span class='ocrx_word' id='word_1_234' title='bbox 1921 2313 2141 2359; x_wconf 80' lang='lat' dir='ltr'><strong>consu-</strong></span> 
     </span>
     <span class='ocr_line' id='line_1_27' title="bbox 88 2379 2142 2458; baseline 0.002 -20"><span class='ocrx_word' id='word_1_235' title='bbox 88 2383 213 2441; x_wconf 88' lang='lat' dir='ltr'><strong>lere</strong></span> <span class='ocrx_word' id='word_1_236' title='bbox 244 2380 508 2455; x_wconf 90' lang='lat' dir='ltr'><strong>debetis,</strong></span> <span class='ocrx_word' id='word_1_237' title='bbox 544 2381 761 2458; x_wconf 84' lang='lat' dir='ltr'><strong>partim</strong></span> <span class='ocrx_word' id='word_1_238' title='bbox 790 2398 1001 2443; x_wconf 87' lang='lat' dir='ltr'><strong>eorum</strong></span> <span class='ocrx_word' id='word_1_239' title='bbox 1028 2381 1091 2442; x_wconf 90' lang='lat' dir='ltr'><strong>in</strong></span> <span class='ocrx_word' id='word_1_240' title='bbox 1120 2398 1194 2443; x_wconf 85' lang='lat' dir='ltr'><strong>ea</strong></span> <span class='ocrx_word' id='word_1_241' title='bbox 1222 2380 1542 2457; x_wconf 86' lang='lat' dir='ltr'><strong>provincia</strong></span> <span class='ocrx_word' id='word_1_242' title='bbox 1570 2379 1862 2457; x_wconf 87' lang='lat' dir='ltr'><strong>pecunias</strong></span> <span class='ocrx_word' id='word_1_243' title='bbox 1890 2396 2142 2455; x_wconf 80' lang='lat' dir='ltr'><strong>magnas</strong></span> 
     </span>
     <span class='ocr_line' id='line_1_28' title="bbox 84 2462 2142 2540; baseline 0 -17"><span class='ocrx_word' id='word_1_244' title='bbox 84 2464 417 2525; x_wconf 84' lang='lat' dir='ltr'><strong>collocatas</strong></span> <span class='ocrx_word' id='word_1_245' title='bbox 459 2464 701 2525; x_wconf 89' lang='lat' dir='ltr'><strong>habent.</strong></span> <span class='ocrx_word' id='word_1_246' title='bbox 764 2464 874 2525; x_wconf 84' lang='lat' dir='ltr'><strong>Est</strong></span> <span class='ocrx_word' id='word_1_247' title='bbox 920 2464 1101 2540; x_wconf 73' lang='lat' dir='ltr'><strong>igitur</strong></span> <span class='ocrx_word' id='word_1_248' title='bbox 1138 2462 1525 2526; x_wconf 85' lang='lat' dir='ltr'><strong>humanitatis</strong></span> <span class='ocrx_word' id='word_1_249' title='bbox 1567 2472 1815 2525; x_wconf 87' lang='lat' dir='ltr'><strong>vestrae</strong></span> <span class='ocrx_word' id='word_1_250' title='bbox 1857 2480 2142 2539; x_wconf 82' lang='lat' dir='ltr'><strong>magnum</strong></span> 
     </span>
     <span class='ocr_line' id='line_1_29' title="bbox 86 2545 2142 2623; baseline 0 -18"><span class='ocrx_word' id='word_1_251' title='bbox 86 2562 399 2607; x_wconf 85' lang='lat' dir='ltr'><strong>numerum</strong></span> <span class='ocrx_word' id='word_1_252' title='bbox 432 2563 641 2609; x_wconf 88' lang='lat' dir='ltr'><strong>eorum</strong></span> <span class='ocrx_word' id='word_1_253' title='bbox 674 2546 897 2608; x_wconf 88' lang='lat' dir='ltr'><strong>civium</strong></span> <span class='ocrx_word' id='word_1_254' title='bbox 928 2547 1262 2609; x_wconf 82' lang='lat' dir='ltr'><strong>calamitate</strong></span> <span class='ocrx_word' id='word_1_255' title='bbox 1289 2546 1648 2623; x_wconf 88' lang='lat' dir='ltr'><strong>prohibere,</strong></span> <span class='ocrx_word' id='word_1_256' title='bbox 1691 2545 2028 2622; x_wconf 84' lang='lat' dir='ltr'><strong>sapientiae</strong></span> <span class='ocrx_word' id='word_1_257' title='bbox 2056 2546 2142 2606; x_wconf 89' lang='lat' dir='ltr'><strong>vi-</strong></span> 
     </span>
     <span class='ocr_line' id='line_1_30' title="bbox 84 2629 2144 2704; baseline 0 -15"><span class='ocrx_word' id='word_1_258' title='bbox 84 2630 231 2690; x_wconf 86' lang='lat' dir='ltr'><strong>dere</strong></span> <span class='ocrx_word' id='word_1_259' title='bbox 270 2630 595 2691; x_wconf 87' lang='lat' dir='ltr'><strong>multorum</strong></span> <span class='ocrx_word' id='word_1_260' title='bbox 643 2629 861 2691; x_wconf 90' lang='lat' dir='ltr'><strong>civium</strong></span> <span class='ocrx_word' id='word_1_261' title='bbox 904 2632 1302 2692; x_wconf 86' lang='lat' dir='ltr'><strong>calamitatem</strong></span> <span class='ocrx_word' id='word_1_262' title='bbox 1343 2647 1382 2691; x_wconf 88' lang='lat' dir='ltr'><strong>a</strong></span> <span class='ocrx_word' id='word_1_263' title='bbox 1420 2646 1489 2691; x_wconf 86' lang='lat' dir='ltr'><strong>re</strong></span> <span class='ocrx_word' id='word_1_264' title='bbox 1531 2629 1775 2704; x_wconf 86' lang='lat' dir='ltr'><strong>publica</strong></span> <span class='ocrx_word' id='word_1_265' title='bbox 1809 2629 2144 2689; x_wconf 87' lang='lat' dir='ltr'><strong>seiunctam</strong></span> 
     </span>
     <span class='ocr_line' id='line_1_31' title="bbox 84 2711 2143 2789; baseline 0 -17"><span class='ocrx_word' id='word_1_266' title='bbox 84 2728 229 2772; x_wconf 89' lang='lat' dir='ltr'><strong>esse</strong></span> <span class='ocrx_word' id='word_1_267' title='bbox 258 2726 379 2772; x_wconf 92' lang='lat' dir='ltr'><strong>non</strong></span> <span class='ocrx_word' id='word_1_268' title='bbox 411 2729 620 2787; x_wconf 87' lang='lat' dir='ltr'><strong>posse.</strong></span> <span class='ocrx_word' id='word_1_269' title='bbox 697 2712 931 2773; x_wconf 84' lang='lat' dir='ltr'><strong>Etenim</strong></span> <span class='ocrx_word' id='word_1_270' title='bbox 960 2715 1219 2789; x_wconf 89' lang='lat' dir='ltr'><strong>primum</strong></span> <span class='ocrx_word' id='word_1_271' title='bbox 1246 2712 1396 2773; x_wconf 88' lang='lat' dir='ltr'><strong>illud</strong></span> <span class='ocrx_word' id='word_1_272' title='bbox 1423 2711 1598 2787; x_wconf 87' lang='lat' dir='ltr'><strong>parvi</strong></span> <span class='ocrx_word' id='word_1_273' title='bbox 1628 2713 1842 2785; x_wconf 79' lang='lat' dir='ltr'><strong>refert,</strong></span> <span class='ocrx_word' id='word_1_274' title='bbox 1889 2729 2004 2773; x_wconf 88' lang='lat' dir='ltr'><strong>nos</strong></span> <span class='ocrx_word' id='word_1_275' title='bbox 2034 2728 2143 2787; x_wconf 90' lang='lat' dir='ltr'><strong>pu—</strong></span> 
     </span>
     <span class='ocr_line' id='line_1_32' title="bbox 88 2791 2144 2871; baseline 0.001 -18"><span class='ocrx_word' id='word_1_276' title='bbox 88 2792 343 2855; x_wconf 84' lang='lat' dir='ltr'><strong>blicanis</strong></span> <span class='ocrx_word' id='word_1_277' title='bbox 366 2794 610 2857; x_wconf 88' lang='lat' dir='ltr'><strong>amissis</strong></span> <span class='ocrx_word' id='word_1_278' title='bbox 639 2794 963 2871; x_wconf 80' lang='lat' dir='ltr'><strong>vectigalia</strong></span> <span class='ocrx_word' id='word_1_279' title='bbox 990 2804 1209 2871; x_wconf 88' lang='lat' dir='ltr'><strong>postea</strong></span> <span class='ocrx_word' id='word_1_280' title='bbox 1230 2791 1488 2856; x_wconf 85' lang='lat' dir='ltr'><strong>victoria</strong></span> <span class='ocrx_word' id='word_1_281' title='bbox 1507 2810 1902 2870; x_wconf 84' lang='lat' dir='ltr'><strong>recuperare:</strong></span> <span class='ocrx_word' id='word_1_282' title='bbox 1939 2812 2144 2870; x_wconf 88' lang='lat' dir='ltr'><strong>neque</strong></span> 
     </span>
     <span class='ocr_line' id='line_1_33' title="bbox 86 2875 2145 2953; baseline 0 -15"><span class='ocrx_word' id='word_1_283' title='bbox 86 2875 249 2938; x_wconf 90' lang='lat' dir='ltr'><strong>enim</strong></span> <span class='ocrx_word' id='word_1_284' title='bbox 282 2876 502 2939; x_wconf 85' lang='lat' dir='ltr'><strong>iisdem</strong></span> <span class='ocrx_word' id='word_1_285' title='bbox 530 2877 870 2940; x_wconf 87' lang='lat' dir='ltr'><strong>redimendi</strong></span> <span class='ocrx_word' id='word_1_286' title='bbox 900 2880 1155 2939; x_wconf 80' lang='lat' dir='ltr'><strong>facultas</strong></span> <span class='ocrx_word' id='word_1_287' title='bbox 1184 2877 1299 2939; x_wconf 86' lang='lat' dir='ltr'><strong>erit</strong></span> <span class='ocrx_word' id='word_1_288' title='bbox 1327 2885 1582 2953; x_wconf 85' lang='lat' dir='ltr'><strong>propter</strong></span> <span class='ocrx_word' id='word_1_289' title='bbox 1611 2876 2005 2939; x_wconf 88' lang='lat' dir='ltr'><strong>calamitatem</strong></span> <span class='ocrx_word' id='word_1_290' title='bbox 2040 2896 2145 2939; x_wconf 90' lang='lat' dir='ltr'><strong>ne-</strong></span> 
     </span>
     <span class='ocr_line' id='line_1_34' title="bbox 86 2959 2146 3037; baseline 0 -17"><span class='ocrx_word' id='word_1_291' title='bbox 86 2977 205 3035; x_wconf 86' lang='lat' dir='ltr'><strong>que</strong></span> <span class='ocrx_word' id='word_1_292' title='bbox 250 2959 387 3021; x_wconf 79' lang='lat' dir='ltr'><strong>aliis</strong></span> <span class='ocrx_word' id='word_1_293' title='bbox 428 2960 711 3021; x_wconf 83' lang='lat' dir='ltr'><strong>voluntas</strong></span> <span class='ocrx_word' id='word_1_294' title='bbox 759 2971 1008 3037; x_wconf 88' lang='lat' dir='ltr'><strong>propter</strong></span> <span class='ocrx_word' id='word_1_295' title='bbox 1036 2959 1330 3023; x_wconf 87' lang='lat' dir='ltr'><strong>timorem.</strong></span> <span class='ocrx_word' id='word_1_296' title='bbox 1414 2960 1514 3023; x_wconf 86' lang='lat'><strong>19.</strong></span> <span class='ocrx_word' id='word_1_297' title='bbox 1568 2960 1802 3021; x_wconf 90' lang='lat' dir='ltr'><strong>Deinde</strong></span> <span class='ocrx_word' id='word_1_298' title='bbox 1835 2962 2002 3036; x_wconf 88' lang='lat' dir='ltr'><strong>quod</strong></span> <span class='ocrx_word' id='word_1_299' title='bbox 2029 2979 2146 3022; x_wconf 83' lang='lat' dir='ltr'><strong>nos</strong></span> 
     </span>
     <span class='ocr_line' id='line_1_35' title="bbox 90 3042 2145 3123; baseline 0 -21"><span class='ocrx_word' id='word_1_300' title='bbox 90 3044 309 3103; x_wconf 88' lang='lat' dir='ltr'><strong>eadem</strong></span> <span class='ocrx_word' id='word_1_301' title='bbox 334 3044 489 3104; x_wconf 88' lang='lat' dir='ltr'><strong>Asia</strong></span> <span class='ocrx_word' id='word_1_302' title='bbox 527 3050 713 3119; x_wconf 84' lang='lat' dir='ltr'><strong>atque</strong></span> <span class='ocrx_word' id='word_1_303' title='bbox 753 3043 916 3105; x_wconf 90' lang='lat' dir='ltr'><strong>idem</strong></span> <span class='ocrx_word' id='word_1_304' title='bbox 954 3043 1071 3105; x_wconf 90' lang='lat' dir='ltr'><strong>iste</strong></span> <span class='ocrx_word' id='word_1_305' title='bbox 1097 3042 1476 3105; x_wconf 86' lang='lat' dir='ltr'><strong>Mithridates</strong></span> <span class='ocrx_word' id='word_1_306' title='bbox 1518 3042 1858 3123; x_wconf 82' lang='lat' dir='ltr'><strong>initio&#39;belli</strong></span> <span class='ocrx_word' id='word_1_307' title='bbox 1889 3043 2145 3104; x_wconf 87' lang='lat' dir='ltr'><strong>Asiatici</strong></span> 
     </span>
     <span class='ocr_line' id='line_1_36' title="bbox 86 3122 2144 3203; baseline -0 -18"><span class='ocrx_word' id='word_1_308' title='bbox 86 3124 313 3201; x_wconf 89' lang='lat' dir='ltr'><strong>docuit,</strong></span> <span class='ocrx_word' id='word_1_309' title='bbox 336 3122 401 3186; x_wconf 91' lang='lat' dir='ltr'><strong>id</strong></span> <span class='ocrx_word' id='word_1_310' title='bbox 434 3126 680 3203; x_wconf 88' lang='lat' dir='ltr'><strong>quidem</strong></span> <span class='ocrx_word' id='word_1_311' title='bbox 711 3134 876 3189; x_wconf 85' lang='lat' dir='ltr'><strong>certe</strong></span> <span class='ocrx_word' id='word_1_312' title='bbox 902 3126 1239 3189; x_wconf 87' lang='lat' dir='ltr'><strong>calamitate</strong></span> <span class='ocrx_word' id='word_1_313' title='bbox 1264 3127 1427 3189; x_wconf 86' lang='lat' dir='ltr'><strong>docti</strong></span> <span class='ocrx_word' id='word_1_314' title='bbox 1449 3126 1738 3189; x_wconf 89' lang='lat' dir='ltr'><strong>memoria</strong></span> <span class='ocrx_word' id='word_1_315' title='bbox 1757 3126 2017 3187; x_wconf 87' lang='lat' dir='ltr'><strong>retinere</strong></span> <span class='ocrx_word' id='word_1_316' title='bbox 2041 3127 2144 3185; x_wconf 90' lang='lat' dir='ltr'><strong>de—</strong></span> 
     </span>
     <span class='ocr_line' id='line_1_37' title="bbox 87 3206 2145 3287; baseline 0 -20"><span class='ocrx_word' id='word_1_317' title='bbox 87 3208 325 3269; x_wconf 86' lang='lat' dir='ltr'><strong>bemus.</strong></span> <span class='ocrx_word' id='word_1_318' title='bbox 401 3210 550 3269; x_wconf 83' lang='lat' dir='ltr'><strong>Nam</strong></span> <span class='ocrx_word' id='word_1_319' title='bbox 591 3217 745 3281; x_wconf 88' lang='lat' dir='ltr'><strong>tum,</strong></span> <span class='ocrx_word' id='word_1_320' title='bbox 791 3227 977 3287; x_wconf 84' lang='lat' dir='ltr'><strong>quum</strong></span> <span class='ocrx_word' id='word_1_321' title='bbox 1006 3209 1067 3269; x_wconf 89' lang='lat' dir='ltr'><strong>in</strong></span> <span class='ocrx_word' id='word_1_322' title='bbox 1096 3208 1248 3271; x_wconf 88' lang='lat' dir='ltr'><strong>Asia</strong></span> <span class='ocrx_word' id='word_1_323' title='bbox 1277 3227 1380 3271; x_wconf 84' lang='lat' dir='ltr'><strong>res</strong></span> <span class='ocrx_word' id='word_1_324' title='bbox 1413 3226 1665 3285; x_wconf 81' lang='lat' dir='ltr'><strong>magnas</strong></span> <span class='ocrx_word' id='word_1_325' title='bbox 1693 3206 1970 3285; x_wconf 89' lang='lat' dir='ltr'><strong>permulti</strong></span> <span class='ocrx_word' id='word_1_326' title='bbox 1999 3206 2145 3267; x_wconf 86' lang='lat' dir='ltr'><strong>ami-</strong></span> 
     </span>
     <span class='ocr_line' id='line_1_38' title="bbox 89 3289 2146 3369; baseline -0.001 -20"><span class='ocrx_word' id='word_1_327' title='bbox 89 3299 326 3364; x_wconf 87' lang='lat' dir='ltr'><strong>serant,</strong></span> <span class='ocrx_word' id='word_1_328' title='bbox 370 3291 599 3353; x_wconf 89' lang='lat' dir='ltr'><strong>scimus</strong></span> <span class='ocrx_word' id='word_1_329' title='bbox 625 3292 857 3353; x_wconf 88' lang='lat' dir='ltr'><strong>Romae</strong></span> <span class='ocrx_word' id='word_1_330' title='bbox 905 3292 1207 3354; x_wconf 89' lang='lat' dir='ltr'><strong>solutione</strong></span> <span class='ocrx_word' id='word_1_331' title='bbox 1241 3292 1532 3369; x_wconf 86' lang='lat' dir='ltr'><strong>impedita</strong></span> <span class='ocrx_word' id='word_1_332' title='bbox 1561 3293 1745 3353; x_wconf 87' lang='lat' dir='ltr'><strong>fidem</strong></span> <span class='ocrx_word' id='word_1_333' title='bbox 1781 3289 2146 3352; x_wconf 88' lang='lat' dir='ltr'><strong>concidisse.</strong></span> 
     </span>
     <span class='ocr_line' id='line_1_39' title="bbox 88 3370 2146 3450; baseline 0 -19"><span class='ocrx_word' id='word_1_334' title='bbox 88 3372 218 3433; x_wconf 88' lang='lat' dir='ltr'><strong>Non</strong></span> <span class='ocrx_word' id='word_1_335' title='bbox 255 3374 413 3435; x_wconf 90' lang='lat' dir='ltr'><strong>enim</strong></span> <span class='ocrx_word' id='word_1_336' title='bbox 445 3384 709 3450; x_wconf 89' lang='lat' dir='ltr'><strong>possunt</strong></span> <span class='ocrx_word' id='word_1_337' title='bbox 732 3393 856 3436; x_wconf 88' lang='lat' dir='ltr'><strong>una</strong></span> <span class='ocrx_word' id='word_1_338' title='bbox 882 3374 943 3436; x_wconf 92' lang='lat' dir='ltr'><strong>in</strong></span> <span class='ocrx_word' id='word_1_339' title='bbox 974 3375 1215 3437; x_wconf 89' lang='lat' dir='ltr'><strong>civitate</strong></span> <span class='ocrx_word' id='word_1_340' title='bbox 1245 3376 1413 3437; x_wconf 87' lang='lat' dir='ltr'><strong>multi</strong></span> <span class='ocrx_word' id='word_1_341' title='bbox 1433 3392 1561 3435; x_wconf 84' lang='lat' dir='ltr'><strong>rem</strong></span> <span class='ocrx_word' id='word_1_342' title='bbox 1585 3390 1658 3435; x_wconf 84' lang='lat' dir='ltr'><strong>ac</strong></span> <span class='ocrx_word' id='word_1_343' title='bbox 1682 3375 1952 3434; x_wconf 76' lang='lat' dir='ltr'><strong>fortunas</strong></span> <span class='ocrx_word' id='word_1_344' title='bbox 1979 3370 2146 3433; x_wconf 88' lang='lat' dir='ltr'><strong>amit-</strong></span> 
     </span>
    </p>
   </div>
  </div>
 </body>
</html>
