2459 3817
256 129 387 197 242
559 136 635 201 m
662 136 747 201 Μ.
775 136 1181 207 monlon
1208 134 1496 203 ORATIO
1523 133 1952 201 PfflLIPmCA
1977 138 2060 200 11.

266 302 443 381 deos,
470 318 595 369 non
626 320 841 371 omnes
870 306 1149 371 homines
1177 314 1244 370 et
1271 320 1418 371 esse
1445 304 1728 373 inimicos
1755 314 1824 369 et
1842 309 2108 369 tuturos
2139 306 2352 370 scias!

268 392 351 449 At
372 404 557 464 quam
576 390 915 455 insolenter
933 392 1137 455 stetim
1160 392 1366 455 helluo
1387 392 1616 455 invasit
1633 390 1698 455 in
1719 391 1860 453 eius
1877 390 2004 453 viri
2029 392 2349 457 fortunas,

262 468 443 533 cuius
468 468 685 531 virtute
711 468 1035 531 terribilior
1066 478 1197 531 erat
1215 471 1488 545 populus
1516 470 1830 531 Romanus
1867 473 2118 533 exteris
2152 474 2350 549 genti-

260 550 399 627 bus,
428 551 653 615 iustitia
678 552 920 611 carior?
942 550 1272 613 xxvl1.1u
1301 550 1438 615 eius
1465 550 1644 627 igitur
1663 551 1782 613 viri
1799 552 2028 627 copias
2053 572 2264 629 quum
2283 572 2348 617 se

261 633 463 696 subito
502 632 930 709 ingurgitasset
944 678 961 706 ,
1014 632 1363 695 exsultabat
1425 634 1648 708 gaudio
1703 649 1980 710 persona
2027 636 2120 699 de
2161 638 2348 699 mimo

262 714 449 777 modo
481 728 691 789 egens,
724 721 974 792 repente
1002 716 1199 777 dives.
1243 715 1386 788 Sed,
1421 725 1488 777 ut
1513 725 1611 777 est
1637 717 1804 793 apud
1833 720 2100 792 poetam
2129 721 2348 783 nescio

263 812 443 873 quem
458 843 475 872 ,
512 802 669 861 nale
714 804 901 875 parta
938 803 1097 863 male
1136 801 1502 861 dilabimur.
1585 799 1686 863 66.
1734 800 2115 863 Incredibile
2157 819 2244 863 ac
2269 804 2346 864 si·

260 878 406 941 mile
430 878 695 957 portenti
720 891 845 955 est,
877 899 1144 958 quonam
1178 883 1365 945 modo
1395 881 1498 943 illa
1527 888 1650 943 tam
1677 883 1862 943 multa
1889 899 2086 957 quam
2119 885 2342 962 paucis

260 978 385 1025 non
418 962 559 1025 dico
588 962 920 1037 mensibus,
956 966 1071 1027 sed
1100 964 1320 1027 diebus
1344 962 1646 1027 effuderit.
1721 964 2030 1027 Maximus
2061 968 2210 1029 vini
2239 985 2340 1030 nu·

258 1060 464 1107 merus
495 1046 633 1120 tuit,
664 1061 1059 1124 permagnum
1095 1046 1306 1124 optimi
1333 1048 1580 1123 pondus
1602 1048 1864 1123 argenti,
1905 1048 2209 1123 pretiosa
2243 1066 2336 1111 ve·

260 1130 390 1202 stis,
414 1130 599 1192 multa
626 1137 690 1191 et
716 1130 879 1192 lauta
900 1130 1181 1207 supellex
1209 1141 1274 1193 et
1287 1129 1608 1206 magnifica
1635 1130 1835 1191 multis
1864 1131 2040 1205 locis,
2081 1150 2222 1195 non
2245 1134 2338 1194 illa

262 1210 507 1287 quidem
548 1211 849 1275 luxuriosi
886 1213 1146 1275 hominis
1160 1260 1177 1289 ,
1212 1214 1328 1275 sed
1369 1222 1564 1275 tamen
1600 1214 1990 1275 abundantis.
2095 1216 2336 1278 Horum

262 1294 476 1369 paucis
519 1294 737 1359 diebus
778 1294 927 1357 nihil
966 1305 1113 1359 erat.
1208 1293 1314 1359 67.
1353 1296 1522 1371 Quae
1567 1294 1908 1373 Charybdis
1933 1304 2062 1357 tam
2095 1306 2336 1360 vorax!

260 1376 627 1451 Charybdim
649 1379 833 1441 dicor
873 1394 1033 1452 quae
1068 1378 1125 1439 si
1165 1379 1308 1451 ruit,
1347 1378 1570 1441 animal
1611 1394 1800 1441 uuum
1828 1376 1970 1441 tuit:
2017 1377 2330 1443 Oceanus.

260 1474 356 1517 me
370 1458 511 1521 dius
530 1459 736 1529 fidius.
759 1460 863 1519 vix
885 1461 1127 1521 videtur
1154 1469 1244 1523 tot
1271 1478 1374 1523 res
1402 1469 1522 1524 tam
1551 1461 1904 1536 dissipatas,
1933 1468 2064 1521 tam
2099 1464 2324 1527 distan-

260 1540 418 1603 tibus
446 1540 509 1600 in
538 1542 691 1603 locis
720 1540 955 1619 positas
988 1550 1109 1603 tam
1131 1542 1254 1605 eito
1275 1544 1605 1605 absorbere
1635 1544 1929 1620 potuisse.
2009 1544 2184 1607 Nihil
2213 1555 2331 1607 erat

258 1624 561 1699 clausum,
590 1622 739 1687 nihil
761 1624 1163 1701 obsignatum,
1196 1625 1345 1689 nihil
1371 1628 1682 1703 scriptum.
1765 1626 2143 1701 Apothecae
2175 1637 2329 1691 totae

258 1706 650 1783 nequissimis
678 1708 1025 1771 hominibus
1053 1708 1573 1772 condonabantur.
1613 1706 1754 1770 Alia
1784 1707 1950 1770 mimi
1973 1708 2330 1785 rapiebant,

256 1791 375 1851 alia
400 1792 648 1853 mimae=
682 1791 905 1854 domus
936 1799 1067 1853 erat
1088 1790 1456 1855 aleatoribus
1481 1792 1737 1863 referta,
1769 1791 1953 1866 plena
1977 1790 2328 1856 ebriorum

255 1880 419 1935 totos
454 1873 589 1935 dies
628 1876 951 1950 potabatur
981 1884 1165 1950 atque
1195 1875 1257 1936 id
1303 1874 1454 1935 loeis
1483 1874 1760 1950 pluribus
1775 1894 1792 1929 ε
1835 1876 2332 1947 suggerebantur

259 1955 439 2017 etiam
468 1972 658 2033 saepe
688 1988 772 2000 —
798 1975 921 2021 non
951 1956 1113 2020 enim
1144 1974 1388 2035 semper
1411 1958 1532 2020 iste
1558 1957 1707 2019 felix
1727 1988 1812 2001 --
1838 1957 2068 2019 damna
2093 1959 2328 2022 aleato-

256 2038 365 2099 ria.
464 2038 878 2118 conchyliatis
928 2041 1034 2102 cn.
1076 2040 1348 2117 Pompeii
1402 2037 1844 2115 peristromatis
1896 2054 2234 2103 servorum
2273 2042 2328 2103 in

254 2119 424 2181 cellis
466 2124 659 2186 lectos
700 2131 923 2187 stratos
962 2123 1223 2186 videres.
1310 2122 1500 2197 Quam
1543 2124 1625 2183 ob
1668 2138 1798 2183 rem
1827 2119 2092 2183 desinite
2117 2122 2328 2185 mirari

254 2202 407 2264 haee
436 2210 557 2265 tam
588 2206 867 2269 celeriter
892 2222 1037 2269 esse
1076 2213 1460 2281 consumpta.
1543 2206 1676 2267 Non
1706 2204 1891 2267 modo
1921 2202 2108 2266 unius
2137 2208 2328 2281 patri·

254 2285 521 2348 monium
557 2289 839 2362 quamvis
876 2291 1173 2366 amplum,
1208 2298 1276 2351 ut
1301 2288 1449 2350 illud
1475 2287 1613 2361 ruit,
1659 2287 1774 2350 sed
1813 2286 1998 2349 urbes
2037 2294 2104 2349 et
2131 2304 2329 2365 regna

254 2368 529 2430 celeriter
566 2377 731 2431 tanta
774 2372 1046 2447 nequitia
1072 2374 1371 2433 devorare
1410 2370 1730 2447 potuisset.
1817 2372 1900 2431 At
1935 2368 2100 2432 idem
2129 2374 2326 2433 aedes

254 2450 433 2513 etiam
454 2457 518 2511 et
534 2450 763 2513 hortos.
818 2453 923 2516 68.
958 2453 1006 2514 Ο
1032 2454 1352 2516 audaciam
1385 2455 1734 2515 immanem!
1780 2460 1846 2514 tu
1873 2450 2051 2513 etiam
2080 2452 2326 2528 ingredi

253 2534 414 2595 illam
443 2534 690 2597 domum
716 2550 909 2605 ausus
936 2543 1053 2597 est
1086 2543 1153 2597 tu
1179 2536 1329 2597 illud
1356 2534 1806 2598 sanctissimum
1836 2532 2016 2595 limen
2045 2534 2324 2597 intrare!

251 2626 318 2680 tu
344 2617 579 2681 illarum
606 2616 845 2680 aedium
870 2614 967 2679 uis
997 2617 1316 2693 penatibus
1341 2634 1415 2681 os
1443 2616 1915 2695 impurissimum
1945 2618 2324 2680 ostenderet
2416 2648 2417 2677 l

255 2700 445 2775 Quam
475 2703 721 2765 domum
746 2702 1009 2779 aliquam
1040 2701 1145 2762 diu
1172 2716 1350 2762 nemo
1381 2700 1660 2778 aspicere
1689 2708 1942 2777 poterat,
1976 2716 2160 2762 nemo
2183 2700 2320 2761 sine

250 2784 516 2845 lacrimis
556 2787 917 2861 praeterire,
966 2785 1081 2846 hae
1120 2792 1181 2847 te
1225 2784 1288 2847 in
1320 2785 1502 2846 domo
1535 2792 1657 2847 tam
1700 2779 1807 2845 diu
1839 2781 2158 2844 deversari
2191 2799 2316 2844 non

254 2867 482 2941 pudetr
518 2866 580 2928 in
611 2886 762 2944 qua,
815 2868 1093 2947 quamvis
1122 2867 1272 2931 nihil
1299 2867 1538 2944 sapias,
1572 2875 1772 2928 tamen
1800 2865 1947 2927 nihil
1973 2864 2081 2928 tibi
2111 2873 2318 2941 potest

250 2965 393 3010 esse
419 2950 765 3013 iucundum.
847 2953 1114 3015 xxvm.
1146 2953 1243 3013 An
1272 2960 1355 3023 tu,
1401 2952 1502 3011 illa
1537 2950 1598 3011 in
1640 2948 1940 3011 vestibulo
1982 2956 2182 3009 rostra
2214 2951 2313 3026 [ao

250 3032 471 3111 spolia]
500 3048 685 3106 quum
714 3036 1028 3109 aspexisti,
1064 3036 1312 3097 domum
1341 3044 1503 3096 tuam
1531 3041 1592 3094 te
1623 3030 1874 3093 introire
1906 3037 2130 3106 putas?
2151 3030 2314 3091 Fieri

252 3131 375 3175 non
406 3120 627 3190 potest.
694 3114 980 3189 Quamvis
1009 3118 1170 3179 enim
1200 3116 1336 3179 sine
1365 3123 1585 3188 mente,
1613 3114 1746 3175 sine
1775 3130 1967 3175 sensu
1995 3112 2103 3187 εἰς,
2132 3121 2199 3174 ut
2222 3130 2312 3184 es,

248 3204 451 3259 tamen
472 3205 535 3259 et
565 3204 625 3259 te
653 3206 716 3258 et
744 3204 849 3259 tua
880 3207 941 3259 et
972 3208 1110 3260 tuos
1138 3198 1322 3261 nosti.
1382 3200 1509 3259 Nec
1529 3213 1677 3257 vero
1714 3205 1772 3257 te
1799 3210 2086 3271 umquam
2111 3211 2310 3269 neque

248 3278 601 3352 vigilantem
640 3295 842 3353 neque
880 3278 943 3337 in
990 3278 1222 3340 somnis
1269 3280 1452 3339 eredo
1497 3294 1687 3353 posse
1728 3285 1927 3339 mente
1949 3276 2306 3339 consistere.

246 3358 519 3419 Necesse
546 3366 671 3432 est,
704 3357 981 3431 quamvis
1016 3360 1122 3431 sis,
1164 3367 1228 3418 ut
1255 3375 1355 3431 εει,
1387 3357 1734 3420 vinolentus
1763 3368 1826 3421 et
1853 3360 2093 3433 furenS,
2127 3374 2307 3435 quum

154 3698 433 3775 Α
