2459 3817
266 146 389 213 252
576 147 651 206 1N
678 146 758 205 Μ.
785 143 1186 205 ANTONIUM
1214 140 1498 202 ORATIO
1527 140 1946 201 PHILIPPICA
1971 141 2046 199 11.

264 298 370 375 qui
396 296 459 358 in
486 296 893 369 Dolabellam,
928 311 1003 354 an
1038 291 1359 368 impurior,
1397 291 1500 366 qui
1531 300 1701 365 patre
1729 290 2043 363 audiente,
2077 307 2163 351 an
2199 308 2347 355 cru·

262 382 486 451 delier,
520 380 624 455 qui
652 379 713 439 in
742 381 902 438 illam
936 375 1219 435 miseram
1249 384 1372 435 tam
1399 389 1652 447 spurce,
1691 381 1812 433 tam
1842 374 2026 449 impie
2051 373 2351 435 dixeris?
2416 448 2417 451 Ἴ

260 426 522 524 XXXIX.
556 462 694 525 100.
720 460 846 521 Sed
865 460 945 519 ad
968 458 1372 531 chirographa
1390 458 1731 517 redeamus.
1777 456 1944 529 Quae
1963 464 2071 517 tua
2096 457 2222 517 fuit
2239 474 2346 517 co-
2416 488 2417 533 ζ

264 546 497 621 gnitiot·
522 548 677 605 Acta
698 541 857 602 enim
888 540 1169 603 caesaris
1205 538 1376 615 pacis
1405 554 1598 599 causa
1619 540 1973 601 confirmata
2000 546 2153 599 sunt
2178 556 2220 599 a
2247 556 2346 600 se·
2416 558 2417 619 ξ

265 638 439 688 natm
466 642 623 701 quac
648 624 892 699 quidem
916 624 1143 684 caesar
1164 621 1412 698 egisset,
1437 636 1562 681 non
1585 638 1678 696 ea,
1700 638 1864 696 quae
1881 622 2346 696 egisseCaesa·

264 725 392 768 rem
414 707 675 769 dixisset
692 707 1015 767 Antonius.
1046 706 1223 767 Unde
1245 705 1362 765 ista
1384 712 1750 779 erumpunt?
1771 720 1896 778 quo
1916 712 2184 765 auctore
2199 724 2344 781 pro·
2416 732 2417 741 ἢ

266 794 577 851 seruntur*
618 789 685 850 Si
708 798 851 850 sunt
880 791 1051 862 falsa,
1080 802 1187 848 cur
1208 788 1586 862 probantur?
1619 786 1672 847 si
1697 802 1862 859 vera,
1887 802 2000 847 cur
2017 797 2346 851 veneunt?

264 876 344 934 At
385 874 475 934 sic
506 874 818 947 placuerat
844 880 913 933 ut
938 888 1018 931 ex
1044 869 1336 930 Kalendis
1366 869 1552 931 Iuniis
1583 870 1660 929 de
1689 867 1973 930 Caesaris
2001 872 2168 931 actis
2203 888 2342 931 cum

268 956 524 1019 consilio
558 954 1035 1031 cognosceretis.
1096 953 1271 1027 Quod
1301 952 1413 1012 suit
1439 952 1801 1012 consilium?
1829 968 2010 1027 quem
2036 970 2338 1029 umquam

265 1038 625 1100 advocasti&
645 1054 801 1113 quas
814 1036 1125 1097 Kalendas
1146 1034 1351 1095 Iunias
1367 1033 1786 1110 exspectasti?
1805 1052 1882 1094 an
1907 1050 2014 1095 eas
2034 1081 2051 1109 ,
2076 1038 2168 1096 ad
2183 1056 2340 1112 quas
2416 1084 2417 1109 2

266 1130 327 1182 te
370 1121 709 1196 peragratis
738 1129 1161 1180 veteranorum
1184 1117 1444 1178 coloniis
1477 1118 1766 1193 stipatum
1792 1118 1976 1179 armis
2003 1120 2342 1181 rettulisti?
2416 1156 2417 1159 κ

392 1203 439 1264 Ο
480 1206 853 1277 praeclaram
892 1202 1053 1261 illam
1094 1200 1615 1275 percursationem
1663 1208 1827 1261 tuam
1876 1215 2092 1262 mense
2135 1203 2342 1279 Aprili

268 1295 451 1361 atque
477 1286 667 1359 Maio,
708 1293 865 1357 tum,
921 1300 1107 1361 quum
1150 1282 1328 1343 etiam
1373 1283 1636 1358 Capuam
1681 1283 1981 1344 coloniam
2027 1285 2342 1346 deducere

268 1376 527 1428 conatus
567 1376 667 1427 est
708 1368 896 1441 Quem
930 1368 1009 1427 ad
1038 1367 1285 1426 modum
1315 1367 1480 1425 illinc
1507 1367 1728 1427 abieris
1759 1368 1856 1425 vel
1891 1368 2100 1441 potius
2137 1385 2338 1441 paene

266 1467 388 1509 non
444 1449 671 1508 abieris
724 1451 971 1509 scimus.
1059 1448 1198 1510 101.
1257 1448 1364 1508 Cui
1408 1457 1470 1510 tu
1509 1450 1643 1509 urbi
1687 1449 1999 1509 minitaris
2089 1450 2336 1511 Utinam

270 1547 519 1603 monere,
562 1530 987 1604 utaliquando
1031 1529 1179 1591 illud
1216 1548 1416 1606 paene
1453 1534 1720 1592 tollatur!
1771 1534 1848 1591 At
1893 1548 2079 1606 quam
2107 1533 2336 1593 nobilis

272 1626 363 1676 cst
404 1624 506 1675 tua
544 1613 647 1674 illa
678 1614 1112 1689 peregrinatio!
1159 1613 1316 1686 Quid
1347 1613 1738 1689 prandiorum
1769 1623 2138 1690 apparatus,
2189 1616 2336 1690 quid

268 1696 559 1759 furiosam
598 1697 984 1757 vinolentiam
1036 1704 1197 1757 tuam
1243 1698 1593 1771 proferam?
1642 1698 1770 1757 Tua
1809 1697 1930 1757 ista
1971 1698 2336 1759 detrimenta

269 1790 438 1842 sunt:
484 1780 586 1840 illa
612 1789 843 1841 nostra.
896 1783 1125 1853 Agrum
1156 1780 1556 1854 Campanum,
1599 1778 1703 1854 qui
1735 1796 1923 1853 quum
1952 1781 2031 1840 de
2060 1781 2334 1856 vectiga-

268 1863 429 1923 libus
458 1863 863 1935 eximebatur,
890 1870 958 1922 ut
984 1862 1272 1922 militibus
1301 1863 1572 1935 daretur,
1605 1869 1804 1922 tamen
1828 1861 2021 1937 infligi
2043 1878 2334 1937 magnum

266 1946 355 2006 rei
408 1948 691 2021 publicae
740 1948 959 2007 vulnus
1016 1946 1409 2019 putabamus,
1462 1946 1621 2005 hunc
1673 1954 1737 2005 tu
1787 1946 2336 2022 compransoribus

269 2029 389 2089 tuis
423 2037 483 2090 et
510 2029 919 2091 collusoribus
948 2026 1288 2087 dividebas.
1331 2028 1550 2087 Mimos
1579 2028 1716 2087 dico
1748 2035 1809 2087 et
1835 2030 2079 2101 mimas,
2119 2038 2336 2103 patres

269 2113 629 2186 conscripti,
678 2114 737 2171 in
789 2126 937 2185 agro
974 2110 1281 2185 Campano
1337 2111 1687 2170 collocatos.
1745 2110 1905 2183 Quid
1942 2110 2062 2170 iam
2107 2129 2336 2187 querar

268 2194 349 2252 de
411 2209 557 2267 agro
614 2192 954 2254 Leontino?
1021 2193 1307 2267 quoniam
1362 2189 1608 2267 quidem
1649 2192 1764 2253 hae
1829 2194 2141 2268 quondam
2197 2212 2333 2255 ara-

266 2272 469 2331 tiones
510 2275 817 2351 Gampana
858 2283 919 2336 et
958 2274 1257 2338 Leontina
1295 2274 1356 2335 in
1407 2274 1618 2350 populi
1655 2276 1912 2335 Romani
1962 2276 2328 2352 patrimonio

266 2353 656 2426 grandiferae
704 2363 765 2416 et
812 2358 1166 2417 fructuosae
1224 2355 1596 2417 ferebantur.
1723 2356 1966 2419 Medico
2009 2360 2126 2419 tria
2167 2360 2328 2419 milia

268 2434 574 2508 iugerumz
622 2434 799 2509 quid,
838 2436 893 2496 si
933 2446 992 2498 tc
1032 2446 1356 2499 sanasset?
1392 2438 1619 2501 rhetori
1646 2440 1799 2512 duo,
1850 2440 2028 2515 quid,
2071 2442 2212 2503 site
2241 2446 2324 2503 di-

270 2525 497 2578 sertum
538 2518 739 2578 tacere
781 2519 1121 2591 potuissem
1162 2521 1287 2581 Sed
1327 2522 1406 2581 ad
1449 2523 1562 2582 ite-r
1588 2523 1940 2598 Italiamque
1980 2524 2322 2585 redeamus.

268 2598 386 2661 XL.
448 2599 589 2664 102.
630 2600 951 2663 Deduxisti
992 2603 1292 2663 coloniam
1339 2604 1697 2678 Casilinum,
1755 2621 1876 2679 quo
1921 2606 2152 2667 Caesar
2187 2616 2322 2667 ante

272 2684 627 2746 deduxerat.
696 2684 1065 2745 consuluisti
1092 2702 1190 2746 me
1218 2702 1330 2761 per
1358 2685 1585 2748 litteras
1619 2689 1696 2747 de
1728 2688 1937 2763 Capua
1965 2697 2029 2750 tu
2061 2688 2322 2765 quidem,

270 2767 384 2825 sed
422 2767 584 2828 idem
626 2768 703 2829 de
733 2768 995 2829 Casilino
1030 2769 1906 2845 respondissem-possesne,
1947 2773 2052 2833 ubi
2084 2774 2319 2833 colonia

268 2857 462 2922 esset,
509 2866 585 2914 eo
626 2852 930 2911 coloniam
968 2868 1193 2914 novam
1228 2851 1366 2913 iure
1405 2853 1728 2914 deducere.
1812 2854 2045 2929 Negavi
2084 2853 2148 2914 in
2189 2870 2316 2914 eam

269 2932 599 3007 coloniam,
646 2951 803 3009 qnae
844 2942 1011 2995 esset
1039 2935 1358 3011 auspicato
1389 2936 1679 3011 deducta,
1723 2938 1867 2997 dum
1897 2945 2066 2998 esset
2090 2938 2314 2997 incolu·
2416 2950 2417 2959 ¹

266 3011 413 3089 ιῐιίε,
464 3015 763 3075 coloniam
804 3032 1027 3077 novam
1066 3016 1203 3077 iure
1237 3017 1491 3079 deduci·
1553 3021 1810 3079 colonos
1849 3036 2047 3080 nov-os
2097 3019 2314 3081 ascribi
2416 3028 2417 3067 ἒ

268 3110 459 3171 posse
479 3097 789 3173 rescripsi.
819 3100 907 3159 Tu
930 3107 1129 3160 autom
1151 3100 1484 3161 insolentia
1495 3087 1690 3164 elatus
1719 3102 1880 3164 omni
1907 3100 2311 3177 auspiciorum
2416 3158 2417 3163 ,

267 3177 397 3239 iura
437 3180 676 3241 turbato
704 3178 1029 3241 Casilinum
1072 3183 1376 3243 coloni-am
1413 3184 1753 3257 deduxisti,
1797 3202 1926 3261 quo
1950 3193 2077 3245 erat
2106 3185 2312 3260 paucis

267 3259 443 3320 annis
471 3270 611 3323 ante
644 3263 938 3335 deducta,
968 3271 1032 3322 ut
1057 3263 1342 3325 vexilium
1373 3266 1648 3340 tollense,
1681 3276 1747 3328 ut
1779 3277 2040 3328 aratrum
2069 3268 2307 3328 circum
2416 3298 2417 3326 l

268 3339 557 3403 ducerese
636 3344 809 3406 cuius
872 3344 1118 3419 quidem
1186 3361 1436 3409 vomere
1507 3356 1744 3423 portam
1819 3350 2062 3426 Capuae
2119 3366 2312 3425 paene
