2459 3817
704 78 872 141 CAP.
902 92 938 144 v
952 113 1030 125 -
1046 89 1129 141 ιο.
1174 84 1226 145 s.
1263 89 1328 141 15
1347 113 1410 125 -
1433 86 1520 142 20.
2040 74 2164 141 247

82 229 251 294 vitae
300 246 451 293 suae
506 229 743 291 salvum
791 246 934 291 esse
984 230 1189 291 velint.
1275 229 1466 292 Multo
1519 246 1670 293 vero
1712 230 1979 293 maxima
2012 250 2158 312 pars

80 332 334 388 eorum,
377 312 483 389 qui
521 313 583 373 in
622 313 895 375 tabernis
936 322 1107 387 sunt,
1164 310 1282 375 nisi
1329 332 1477 378 vcro
1546 347 1632 359 -
1665 312 1726 374 id
1760 316 1920 377 enim
1953 316 2158 393 potius

81 407 187 460 est
232 397 555 459 dicendum
600 429 687 443 —-
728 412 925 472 genus
965 396 1087 457 hoe
1132 397 1484 458 universum
1533 397 2016 459 amantissimum
2066 410 2162 461 est

84 483 219 545 otii.
289 478 525 541 Etenim
556 496 732 541 omne
760 482 1254 554 instrumentum,
1299 479 1496 541 omnis
1541 497 1732 557 opera
1758 491 1942 559 atque
1973 499 2158 557 quac-

86 572 224 627 stus
267 562 607 639 frequentia
650 560 871 623 civium
913 570 1317 638 sustentatur,
1365 562 1542 624 alitur
1588 564 1745 626 otio:
1805 581 2063 640 quorum
2107 564 2160 626 si

87 654 388 723 quaestus
419 644 685 708 occlusis
718 644 987 709 tabernis
1010 644 1197 707 minui
1229 646 1406 722 solet,
1443 646 1591 723 quid
1620 648 1864 709 tandem
1889 647 2158 710 incensis

84 732 355 793 futurum
391 728 542 789 fuit?

258 811 359 875 18.
401 811 569 886 Quae
601 830 787 888 quum
816 812 901 874 ita
928 814 1066 888 sint,
1096 821 1303 891 patres
1334 814 1697 891 conscripti,
1731 816 1910 879 vobis
1944 815 2161 893 populi

86 895 349 959 Romani
372 894 683 971 praesidia
704 912 827 957 non
853 898 1105 957 desuntz
1138 914 1254 959 vos
1280 913 1358 958 ne
1380 898 1614 973 populo
1637 899 1912 961 Romano
1938 900 2160 960 deesse

86 976 419 1041 videamini
446 978 786 1053 providete.
854 979 954 1040 1X.
996 979 1250 1041 Habetis
1285 982 1603 1043 consulem
1637 998 1718 1041 ex
1748 980 2024 1057 plurimis
2053 998 2135 1057 pe

86 1061 299 1137 riculis
329 1070 391 1123 et
415 1059 659 1123 insidiis
689 1069 875 1137 atque
904 1078 983 1122 ex
1010 1063 1213 1124 media
1245 1072 1439 1125 morte
1479 1079 1603 1125 non
1637 1064 1718 1125 ad
1745 1062 1932 1125 vitam
1968 1080 2162 1136 suam,

94 1148 213 1209 sed
224 1148 300 1206 ad
314 1148 575 1207 salutem
592 1155 859 1208 vestram
874 1153 1258 1207 reservatum
1273 1164 1287 1205 ε
1317 1162 1532 1206 omnes
1549 1146 1798 1207 ordines
1813 1144 1895 1206 ad
1909 1162 2155 1214 conser-

93 1230 363 1291 vandam
386 1245 517 1289 rem
537 1228 843 1304 publicam
866 1237 1087 1302 mente,
1116 1232 1456 1301 voluntate,
1481 1229 1706 1305 studio,
1732 1229 1973 1302 virtute,
1997 1245 2158 1292 voce

95 1311 520 1375 consentiunt:
549 1313 813 1374 obsessa
828 1314 1063 1375 facibus
1092 1320 1157 1393 et
1176 1312 1316 1374 telis
1332 1311 1554 1388 impiae
1579 1312 2017 1375 coniurationis
2052 1331 2155 1375 vo-

94 1396 192 1458 bis
226 1398 492 1472 supplex
526 1412 745 1457 manus
779 1396 977 1458 tendit
1009 1397 1207 1472 patria
1246 1396 1616 1477 communiS,
1649 1396 1831 1458 vobis
1856 1412 1944 1470 se,
1970 1398 2154 1458 vobis

93 1479 283 1541 vitam
309 1478 576 1541 omnium
603 1480 844 1553 civium,
869 1481 1047 1542 vobis
1072 1497 1279 1541 arcem
1301 1486 1362 1540 et
1385 1479 1765 1556 Capitolium,
1801 1481 1983 1543 vobis
2012 1476 2156 1541 aras

93 1563 445 1635 Penatium,
494 1563 677 1625 vobis
721 1564 925 1640 ignem
969 1564 1137 1626 illum
1170 1564 1404 1625 Vestae
1448 1566 1921 1641 sempiternum,
1971 1564 2154 1627 vobis

97 1649 365 1709 omnium
401 1648 659 1709 deorum
689 1650 917 1723 templa
953 1655 1141 1724 atque
1174 1647 1464 1721 delubra,
1509 1648 1688 1708 vobis
1722 1664 1933 1709 muros
1969 1655 2158 1723 atque

92 1731 265 1793 urbis
288 1721 450 1791 te’cta
466 1732 871 1792 commendat.
901 1732 1225 1793 Praeterea
1243 1731 1322 1790 de
1336 1738 1546 1790 vestra
1568 1730 1711 1802 vita,
1733 1731 1811 1790 de
1827 1732 2156 1805 coniugum

94 1820 441 1876 vestrarum
464 1821 649 1888 atque
661 1813 991 1875 liberorum
1016 1816 1241 1890 anima,
1267 1813 1347 1873 de
1361 1812 1620 1873 fortunis
1641 1812 1931 1885 omnium,
1956 1814 2035 1873 de
2057 1830 2156 1873 se-

95 1899 301 1969 dibuS,
329 1898 409 1957 de
432 1896 589 1957 focis
603 1896 827 1957 vestris
850 1895 1149 1958 hodierno
1166 1896 1267 1956 die
1286 1895 1466 1957 vobis
1484 1895 1878 1956 iudicandum
1901 1903 2014 1957 est.
2057 1894 2156 1956 19.

94 1979 348 2043 Habetis
364 1979 583 2040 ducem
598 1995 931 2041 memorem
952 1980 1161 2052 vestri,
1180 1978 1432 2059 oblitum
1450 1978 1564 2051 sui,
1589 1996 1750 2054 quae
1772 1995 1896 2039 non
1911 1995 2159 2055 semper

95 2066 358 2125 facultas
383 2063 591 2124 datur:
625 2062 865 2123 habetis
892 2078 1109 2125 omnes
1138 2062 1409 2135 ordines,
1447 2078 1660 2124 omnes
1687 2061 1987 2134 homineS,
2022 2062 2156 2123 uni·

93 2162 341 2209 versum
362 2149 660 2223 populum
682 2147 1042 2220 Romanum,
1077 2147 1139 2209 id
1170 2147 1339 2222 quod
1362 2146 1422 2205 in
1450 2145 1610 2207 civili
1637 2161 1827 2207 eausa
1849 2145 2150 2207 hodierno

92 2227 195 2292 die
215 2230 477 2307 primum
501 2230 803 2302 videmuS‚
826 2246 1013 2291 unum
1038 2238 1225 2306 atque
1246 2228 1408 2290 idem
1433 2228 1818 2291 sentientem.
1878 2228 2159 2307 Cogitate

92 2319 337 2398 quantis
376 2317 687 2379 laboribus
720 2316 1033 2378 fundatum
1064 2312 1414 2391 imperium,
1459 2319 1686 2387 quanta
1725 2311 1945 2372 virtute
1976 2306 2161 2371 stabi-

92 2404 257 2465 litam
286 2403 653 2475 libertatem,
696 2407 921 2475 quanta
964 2399 1219 2459 deorum
1249 2394 1622 2471 benignitate
1647 2400 1862 2455 auctas
1894 2406 2157 2467 exagge-

95 2494 385 2561 ratasque
426 2488 700 2545 fortunas
741 2499 865 2543 una
905 2497 1029 2541 nox
1075 2497 1274 2556 paene
1315 2480 1548 2541 delerit.
1634 2478 1705 2538 ld
1747 2494 1825 2537 ne
1868 2489 2158 2551 umquam

96 2570 354 2647 posthac
376 2583 498 2629 non
525 2566 709 2628 modo
734 2582 859 2626 non
884 2563 1124 2637 confici,
1159 2563 1274 2624 sed
1294 2565 1373 2625 ne
1402 2560 1657 2637 cogitari
1686 2559 1934 2636 quidem
1965 2555 2166 2634 possit

96 2670 133 2713 a
162 2651 430 2726 civibuS,
459 2650 755 2711 hodierno
786 2648 887 2709 die
924 2646 1374 2725 providendum
1417 2654 1529 2707 est.
1599 2646 1804 2719 Atque
1838 2644 1993 2703 haec
2035 2656 2158 2700 non

94 2744 162 2797 ut
184 2749 317 2809 voS,
349 2732 452 2809 qui
476 2730 622 2791 mihi
644 2730 845 2792 studio
874 2745 1070 2806 paene
1096 2726 1507 2805 praecurritis,
1541 2726 1890 2801 excitarem,
1919 2727 2162 2785 locutus

98 2836 263 2891 sum,
306 2816 420 2879 sed
458 2824 525 2877 ut
561 2830 699 2874 mea
731 2831 883 2887 vox,
928 2829 1087 2888 quae
1127 2812 1311 2873 debet
1338 2826 1482 2873 esse
1524 2808 1587 2870 in
1625 2826 1694 2870 re
1722 2807 1969 2885 publica
2001 2804 2165 2885 prin·

96 2917 278 2977 σερε,
308 2896 514 2961 officio
547 2898 755 2958 functa
784 2894 1091 2957 consulari
1119 2894 1447 2955 videretur.

263 2984 338 3043 X.
382 2980 484 3042 20.
540 2980 713 3040 Nunc
758 2986 899 3039 ante
942 2992 1122 3052 quam
1166 2978 1248 3037 ad
1291 2973 1650 3037 sententiam
1680 2975 1903 3048 redeo,
1947 2974 2027 3034 de
2067 2986 2165 3033 me

100 3082 301 3143 pauca
333 3064 549 3126 dIcam.
616 3063 780 3137 Ego,
824 3066 1052 3137 quanta
1077 3075 1295 3120 manus
1323 3068 1420 3121 est
1453 3058 1934 3130 coniuratorum,
1981 3070 2163 3129 quam

100 3148 322 3211 videtis
346 3162 488 3208 esse
510 3160 923 3223 permagnam,
956 3150 1181 3205 tantam
1202 3158 1300 3203 me
1321 3140 1702 3205 inimicorum
1725 3137 2165 3203 multitudinem

101 3230 460 3307 suscepisse
496 3228 713 3291 videoe
764 3228 877 3289 sed
919 3240 1056 3289 eam
1096 3224 1303 3287 iudico
1341 3238 1488 3285 esse
1513 3231 1756 3302 turpem
1780 3232 1839 3286 et
1867 3220 2166 3283 infirmam

102 3323 166 3377 et
205 3314 521 3377 abiectam.
608 3310 786 3387 Quod
829 3309 882 3373 si
922 3308 1252 3387 aliquando
1297 3307 1552 3371 alieuius
1595 3310 1800 3369 furore
1843 3314 1904 3368 et
1933 3303 2172 3367 scelere
