2459 3817
855 118 1019 179 CAP.
1053 130 1248 182 1-«3.
1290 124 1342 187 S·
1378 126 1573 183 1--7.
1755 151 1760 156 ·
2118 130 2243 197 143

157 270 222 334 si
255 268 524 346 denique
566 278 860 344 umquam
897 269 1076 331 locus
1121 268 1639 345 amplissimorum
1680 267 1959 331 ordinum
1993 271 2247 334 delectis

157 352 322 415 viris
350 354 530 417 datus
559 361 675 424 est,
706 360 779 415 ut
795 368 910 414 sua
928 352 1136 413 studia
1159 368 1307 431 erga
1334 354 1527 413 fortes
1549 361 1612 413 et
1641 352 1847 413 bonos
1865 352 2054 425 cives,
2086 371 2251 429 quae

161 436 342 499 vultu
369 444 432 497 et
459 434 669 497 verbis
699 451 890 511 saepe
924 434 1407 511 significassent,
1432 452 1503 495 re
1528 444 1593 497 et
1618 433 1937 497 sententiis
1966 436 2245 497 deciara-

157 527 336 591 rent,
374 518 498 581 hoe
542 518 818 593 profecto
847 525 1125 593 tempore
1157 535 1293 579 eam
1319 526 1688 595 potestatem
1718 534 1961 579 omnem
1990 535 2107 580 vos
2138 518 2245 579 ha-

156 600 360 672 betis,
391 607 460 663 ut
489 599 766 663 statuatis
793 608 1000 663 utrum
1013 616 1160 674 nos,
1199 600 1319 677 qui
1348 618 1596 678 semper
1624 609 1867 663 vestrae
1902 600 2245 664 auctoritati

160 684 359 747 dediti
393 682 650 755 fuimus,
697 698 943 759 semper
971 682 1181 745 miseri
1207 687 1529 760 lugeamus
1558 700 1637 744 an
1673 683 1779 745 diu
1812 687 2015 745 vexati
2040 704 2077 747 a
2104 702 2243 762 per-

161 765 488 831 ditissimis
527 765 768 829 civibus
809 766 1142 843 aliquando
1183 772 1445 843 per-'vos
1484 784 1561 827 ac
1604 781 1717 841 per
1742 776 2013 828 vesu-am
2038 769 2245 844 fidem,

161 850 452 915 virtutem
475 848 962 925 sapientiamque
987 866 1355 911 recreemur.
1410 848 1469 912 5.
1508 849 1665 923 Quid
1697 848 1857 909 enim
1884 851 2063 913 nobis
2092 853 2243 912 duo-

163 935 312 1006 bus,
336 932 592 1006 iudices,
632 930 1025 1005 laboriosius,
1053 932 1204 1008 quid
1229 932 1430 1009 magis
1458 931 1807 1006 sollicitum,
1838 932 2035 1007 magis
2066 950 2242 993 exer·

165 1016 358 1081 citum
393 1014 514 1081 dici
545 1022 650 1077 aut
676 1014 828 1091 fingi
852 1023 1091 1091 potest,
1135 1014 1244 1090 qui
1279 1032 1401 1091 spe
1438 1014 1951 1089 amplissimorum
1984 1016 2246 1090 praemi·

164 1111 346 1161 orum
385 1098 470 1159 ad
507 1114 644 1159 rem
667 1096 972 1173 publicam
1013 1097 1263 1159 adducti
1307 1107 1473 1159 metu
1503 1096 2065 1159 crudelissimorum
2094 1116 2244 1174 sup-

161 1180 492 1257 pliciorum
519 1196 730 1241 carere
779 1196 904 1243 non
940 1187 1317 1256 possumus?
1354 1180 1659 1256 Equidem
1732 1188 1970 1243 ceteras
2011 1188 2243 1257 tempe-

165 1272 362 1327 states
389 1271 456 1325 et
478 1264 782 1338 procellas
809 1262 1010 1325 inillis
1025 1264 1361 1326 dumtaxat
1376 1263 1665 1327 fluctibus
1702 1262 2053 1325 conionum
2082 1280 2242 1325 sem-

163 1363 283 1423 per
321 1344 534 1421 putavi
558 1345 770 1407 Miloni
811 1362 956 1407 esse
1003 1348 1386 1420 subeundas,
1430 1346 1572 1423 quia
1612 1362 1859 1422 semper
1903 1362 2015 1421 pro
2060 1346 2243 1409 bonis

164 1438 382 1491 contra
405 1429 723 1505 improbos
758 1436 1064 1502 senserat,
1107 1431 1171 1489 in
1211 1429 1439 1491 iudicio
1485 1446 1631 1490 vero
1674 1437 1737 1490 et
1765 1428 1827 1489 in
1856 1444 1931 1491 eo
1962 1430 2242 1506 consilio,

165 1512 232 1579 in
258 1529 384 1588 quo
417 1528 498 1573 ex
525 1511 764 1575 cunctis
796 1509 1114 1573 ordinibus
1141 1511 1507 1588 amplissimi
1535 1510 1649 1573 viri
1674 1510 2034 1586 iudicarent,
2066 1530 2235 1574 num-

171 1612 352 1671 quam
379 1594 731 1659 existimavi
751 1612 926 1671 spem
956 1596 1142 1657 ullam
1169 1611 1315 1657 esse
1335 1596 1655 1657 habituros
1682 1594 1929 1655 Milonis
1958 1594 2238 1657 inimicos

163 1678 250 1739 ad
271 1677 408 1739 eius
431 1694 554 1741 non
578 1679 764 1739 modo
789 1680 1048 1739 salutem
1067 1677 1599 1753 exstinguendam,
1632 1677 1746 1737 sed
1776 1676 1959 1737 etiam
1984 1678 2241 1751 gloriam

97 1772 106 1781 ·
167 1776 280 1837 per
316 1762 472 1821 tales
509 1758 685 1821 viros
724 1759 1192 1835 infringendam.
1278 1761 1340 1820 6.
1369 1760 1755 1834 Quamquam
1780 1757 1845 1817 in
1874 1758 1991 1819 hac
2028 1768 2237 1834 causa,

171 1850 441 1921 iudices,
492 1851 560 1908 T.
599 1843 786 1905 Annii
817 1843 1156 1918 tribunatu,
1197 1842 1511 1915 rebusque
1554 1840 1837 1902 omnibus
1872 1857 1987 1917 pro
2034 1842 2236 1899 salute

172 1932 265 1993 rei
291 1931 576 2008 publicae
596 1928 790 2004 gestis
817 1926 903 1987 ad
921 1924 1104 1985 huius
1127 1922 1395 1984 criminis
1425 1924 1849 1985 defensionem
1871 1940 1997 1984 non
2024 1923 2231 1983 abute-

176 2032 329 2075 mur.
385 2014 516 2074 Nisi
539 2012 732 2074 oculis
758 2008 1034 2069 videritis
1055 2006 1311 2067 insidias
1332 2006 1547 2067 Miloni
1564 2023 1602 2067 a
1626 2006 1841 2069 Clodio
1866 2008 2085 2077 factas,
2114 2020 2234 2065 nee

167 2096 552 2172 deprecaturi
589 2112 834 2169 sumus,
859 2102 930 2155 ut
949 2092 1180 2153 crimen
1206 2092 1327 2152 iioc
1356 2090 1540 2153 nohis.
1568 2095 1819 2163 propter
1847 2087 2035 2148 multa
2061 2102 2236 2162 prae»

169 2184 334 2243 clara
357 2178 423 2241 in
442 2194 574 2240 rem
601 2176 907 2254 publicam
933 2174 1146 2237 merita
1169 2173 1550 2247 condonetiS,
1580 2186 1697 2231 nec
1732 2168 2129 2245 postulaturi,
2150 2177 2237 2241 ut,

169 2264 224 2327 si
257 2278 424 2325 mors
449 2262 514 2321 P.
545 2259 742 2323 Clodii
761 2262 932 2322 salus
953 2266 1162 2321 vestra
1204 2258 1411 2335 fuerit,
1454 2255 1683 2316 idcirco
1718 2268 1855 2315 eam
1886 2251 2095 2313 virtuti
2126 2250 2237 2313 Ml-

169 2346 329 2407 leuis
373 2344 503 2420 poti
623 2360 808 2420 quam
847 2342 1060 2419 populi
1086 2340 1347 2402 Romani
1376 2336 1642 2401 felicitati
1683 2333 2041 2411 adsignatis.
2130 2334 2236 2395 Sin

169 2428 334 2490 iliius
359 2426 545 2489 insidi
653 2428 944 2489 clariores
973 2426 1090 2485 hac
1120 2427 1260 2485 luce
1288 2422 1543 2494 fuerint,
1581 2428 1709 2482 tum
1756 2416 2025 2493 denique
2058 2418 2237 2480 obse—

171 2513 358 2573 crabo
383 2511 866 2585 obtestaborque
891 2526 1008 2570 vos
1023 2554 1040 2580 ‚
1087 2507 1324 2567 iudices
1340 2552 1357 2580 ,
1386 2504 1441 2567 si
1510 2514 1713 2568 cetera
1740 2501 2087 2573 amisimus,
2115 2500 2239 2560 hoe

175 2596 386 2656 saltem
412 2594 594 2655 nobis
617 2601 685 2654 ut
709 2592 1103 2666 relinquatur,
1135 2590 1323 2651 vitam
1350 2589 1427 2649 ab
1453 2587 1833 2649 inimicorum
1862 2583 2127 2646 audacia
2150 2591 2239 2643 te·

173 2679 368 2753 lisque
397 2685 465 2737 ut
489 2677 738 2753 impune
765 2675 946 2736 liceat
972 2672 1323 2735 defendere.
2078 2692 2083 2695 ·

293 2760 395 2819 111.
425 2757 484 2821 7.
514 2760 642 2820 Sed
667 2765 808 2819 ante
837 2773 1021 2833 quam
1045 2757 1129 2817 ad
1153 2772 1289 2817 eam
1315 2753 1650 2815 orationem
1680 2748 1861 2811 venio
1878 2796 1897 2826 ,
1940 2765 2099 2824 quae
2149 2755 2245 2809 est

177 2842 424 2921 propria
485 2849 730 2903 vestrae
777 2835 1186 2914 quaestionis,
1246 2834 1531 2893 videntur
1585 2849 1661 2893 ea
1705 2850 1847 2894 esse
1901 2831 2245 2903 refutanda,

178 2941 335 3002 quae
357 2922 501 2985 etin
525 2929 744 2983 senatu
771 2921 848 2981 ab
870 2917 1128 2980 inimicis
1152 2932 1343 2991 saepe
1370 2916 1593 2977 iactata
1620 2921 1845 2977 suntet
1870 2914 1933 2975 in
1956 2912 2241 2975 contione

177 3011 252 3070 ab
275 3004 574 3083 improbis
611 3013 674 3066 et
690 3004 899 3079 paullo
929 3009 1071 3061 ante
1097 2999 1176 3060 ab
1205 2997 1701 3073 accusatoribus,
1750 3005 1817 3076 ut
1846 2997 2009 3057 omni
2036 3011 2245 3057 errore

181 3091 416 3152 sublato
441 3106 574 3150 rem
602 3089 816 3164 plane,
863 3099 1026 3160 quae
1053 3082 1263 3143 veniat
1286 3080 1347 3142 in
1376 3080 1697 3156 iudicium,
1725 3079 1941 3141 videre
1969 3077 2241 3154 possitis.

180 3175 412 3250 Negant
439 3169 662 3234 intueri
695 3171 892 3231 lucem
923 3182 1070 3229 esse
1099 3167 1194 3227 ras
1221 3164 1301 3239 ei,
1337 3166 1441 3239 qui
1468 3182 1507 3225 a
1536 3181 1607 3226 se
1634 3164 1941 3225 hominem
1972 3161 2244 3221 occisum

183 3272 324 3318 esse
361 3257 646 3317 fateatur.
721 3254 792 3313 ln
829 3268 956 3328 qua
983 3250 1228 3311 tandem
1270 3249 1425 3309 urbe
1450 3248 1570 3309 hoc
1600 3245 1881 3309 homines
1910 3242 2245 3305 stultissimi

185 3338 542 3414 disputant?
565 3352 786 3415 nempe
811 3334 873 3397 in
901 3351 1008 3409 ea,
1039 3349 1216 3410 quae·
1227 3329 1489 3407 primum
1516 3328 1805 3391 iudicium
1828 3328 1912 3387 de
1934 3326 2133 3402 capite
2157 3324 2241 3387 vi-
