2459 3817
780 143 947 206 cAP.
978 150 1242 207 ³5--38-
1289 149 1340 212 S.
1371 147 1632 209 76-82
2164 147 2250 216 ‘23

180 291 458 371 Sestius,
499 303 631 358 uta
664 293 795 356 suis
822 293 1093 356 munitus
1130 303 1260 356 tuto
1294 293 1352 354 in
1383 295 1516 356 foro
1545 290 1963 370 mag-istratum
1991 306 2261 380 gereret..

181 393 311 442 rem
346 378 653 454 publicam
684 378 1149 440 administraret.
1220 380 1434 454 Itaque
1478 380 1670 440 fretus
1713 379 2032 440 sanctitate
2062 379 2250 442 tribu·

180 470 363 522 natus
382 508 397 534 ‚
430 479 617 537 quum
660 478 729 522 se
758 479 880 522 non
910 463 1098 522 modo
1140 469 1353 522 contra
1385 461 1506 521 vim
1535 472 1597 523 et
1623 463 1882 536 ferrum,
1915 464 2031 522 sed
2065 463 2250 524 etiam

178 553 396 606 contra
420 545 610 606 verba
638 553 823 618 atque
858 543 1302 606 interfationem
1327 543 1566 620 legibus
1598 545 1856 606 sacratis
1879 561 2027 608 esse
2051 562 2248 608 arma-

179 636 309 689 tum
330 636 603 704 putaret,
637 627 883 688 venitin
908 631 1197 704 templum
1224 628 1528 701 CastoriS,
1560 627 1940 690 obnuntiavit
1979 631 2246 692 consuli=

178 728 370 786 quum
418 711 623 772 subito
664 728 879 772 manus
920 712 1025 772 illa
1064 711 1388 786 Clodiana,
1439 711 1499 770 in
1546 711 1738 773 caede
1791 711 2016 773 civium
2059 730 2250 790 saepe

180 793 303 855 iam
334 793 584 867 victrix,
616 797 943 869 exclamat,
972 795 1282 866 incitatur,
1314 792 1576 855 invadit:
1619 794 1911 856 inermem
1925 804 2112 871 atque
2139 797 2248 858 im·

178 886 455 954 paratum
480 877 783 939 tribunum
810 879 911 939 alii
934 878 1153 953 gladiis
1177 878 1552 953 adoriuntur,
1567 878 1668 938 alii
1697 878 2050 952 fragmentis
2074 895 2250 954 saep·

179 969 379 1023 torum
408 971 469 1023 et
496 961 789 1023 fustibus=
820 978 857 1020 a
888 961 1115 1036 quibus
1141 962 1242 1021 hic
1271 962 1476 1022 multis
1495 961 1851 1022 vulneribus
1875 962 2147 1037 acceptis
2177 978 2249 1022 ae

179 1045 493 1106 debilitato
530 1061 793 1119 corpore
821 1051 882 1104 et
909 1043 1332 1106 contrucidato
1369 1061 1440 1105 se
1470 1043 1692 1106 abiecit
1730 1045 2114 1106 exanimatus
2143 1061 2246 1106 ne-

180 1146 304 1203 que
332 1131 457 1192 ulla
485 1127 603 1187 alia
632 1143 703 1186 re
733 1127 813 1188 ab
854 1143 925 1188 se
964 1137 1219 1188 mortem
1263 1127 1382 1188 nisi
1422 1127 1710 1202 opinione
1745 1127 1958 1190 mortis
1998 1127 2250 1204 depulit.

180 1210 373 1285 Quem
403 1226 588 1286 quum
611 1209 910 1270 iacentem
940 1217 999 1270 et
1020 1209 1338 1272 concisum
1366 1210 1644 1286 plurimis
1666 1213 2024 1273 vulneribus
2049 1220 2250 1272 extre-

181 1311 281 1354 mo
312 1293 529 1369 spiritu
571 1309 949 1370 exsanguem
988 1300 1050 1356 et
1080 1296 1426 1356 confectum
1465 1293 1771 1368 viderent,
1816 1295 2251 1370 defetigatione

178 1377 375 1451 magis
409 1385 469 1438 et
502 1393 710 1438 errore
740 1393 925 1454 quam
965 1376 1386 1438 misericordia
1427 1386 1488 1439 et
1516 1380 1701 1439 modo
1747 1378 2080 1453 aliquando
2111 1394 2246 1438 cae-

177 1463 327 1521 dere
358 1459 738 1522 destiterunt.
804 1460 906 1523 80.
949 1461 1025 1522 Et
1054 1477 1305 1522 causam
1347 1460 1495 1522 dicit
1523 1461 1764 1523 Sestius
1807 1463 1886 1522 de
1929 1461 2034 1522 vi?
2091 1461 2250 1536 Quid

176 1545 303 1604 ita-⁴3
330 1544 475 1620 quia
503 1543 673 1604 vivit.
702 1579 787 1590 -
810 1547 892 1604 At
921 1543 984 1604 id
1014 1561 1136 1605 non
1169 1562 1284 1606 sua
1313 1547 1523 1622 culpa=
1555 1547 1734 1621 plaga
1764 1562 1888 1606 una
1913 1545 2018 1606 illa
2047 1554 2248 1606 extre·

176 1643 277 1688 ma
304 1626 522 1700 defuit,
554 1642 712 1702 quae
740 1629 791 1688 si
826 1629 1227 1702 accessisset,
1273 1631 1576 1704 reliquum
1609 1629 1889 1704 spiritum
1922 1629 2246 1689 exhausis-

177 1718 293 1770 set.
348 1714 597 1770 Accusa
624 1710 993 1771 Lentidium=
1024 1728 1147 1770 non
1177 1713 1486 1786 percussit
1512 1713 1744 1772 locum=
1776 1712 1933 1770 male
1959 1712 2056 1771 dic
2073 1712 2250 1782 Titio,

180 1791 407 1853 Sabino
438 1791 695 1864 homini,
739 1795 1015 1865 Reatino,
1046 1802 1296 1854 curtam
1321 1802 1551 1854 temere
1575 1794 1930 1854 exclamarit
1952 1793 2245 1854 occisum.

180 1877 389 1952 Ipsum
438 1890 589 1935 vero
632 1875 779 1948 quid
818 1883 1125 1935 accusas?
1191 1877 1348 1936 Num
1396 1876 1590 1938 defuit
1639 1876 1904 1950 gladiis?
1969 1891 2112 1935 num
2152 1892 2248 1936 re-

179 1958 516 2034 pugnavitt
568 1957 723 2019 Num
755 1966 821 2019 ut
846 1958 1286 2034 gladiatoribus
1316 1957 1601 2036 imperari
1631 1961 1816 2033 solet,
1868 1959 2096 2021 ferrum
2123 1975 2246 2020 non

179 2043 455 2117 recepit?
1665 2052 1670 2056 ·

348 2125 671 2185 XXXVIII.
714 2125 811 2186 An
845 2125 999 2187 haec
1032 2126 1171 2201 ipsa
1210 2127 1310 2188 vis
1343 2135 1468 2200 est,
1512 2140 1632 2187 non
1665 2143 1858 2202 posse
1889 2125 2124 2188 emori?
2165 2143 2244 2187 an

180 2209 300 2281 illa,
328 2210 495 2284 quod
519 2209 793 2270 tribunus
819 2210 1015 2284 plebis
1035 2213 1327 2286 templum
1351 2210 1728 2272 cruentavit?
1770 2229 1848 2270 an
1874 2211 2040 2286 quod
2058 2227 2246 2286 quum

180 2301 349 2353 esset
386 2293 623 2354 ablatus
661 2292 1043 2369 primumque
1081 2293 1436 2369 resipisset‚
1490 2310 1612 2354 non
1658 2309 1730 2354 se
1767 2293 1982 2354 reterri
2023 2293 2250 2355 iussit?

180 2374 299 2436 Ubi
326 2383 421 2437 est
450 2374 717 2441 crimen?
757 2377 902 2452 quid
950 2377 1444 2451 reprehenditis?
1499 2375 1600 2439 81.
1634 2375 1748 2437 Hic
1785 2393 2046 2452 quaere,
2090 2377 2246 2438 iudi-

182 2473 320 2530 ces,
358 2459 412 2518 si
441 2458 544 2520 illo
568 2461 667 2520 die
694 2475 848 2534 gens
874 2463 991 2522 ista
1014 2460 1225 2521 Clodia
1257 2461 1426 2535 quod
1455 2461 1662 2520 facere
1694 2459 1885 2522 voluit
1916 2459 2247 2536 effecisset,

182 2541 238 2603 si
262 2541 326 2601 P.
356 2541 623 2616 SestiuS,
660 2543 764 2620 qui
794 2560 907 2618 pro
941 2546 1151 2605 occiso
1186 2543 1436 2605 relictus
1466 2552 1592 2618 est,
1623 2543 1872 2605 occisus
1901 2551 2098 2616 esset,
2135 2543 2247 2603 fui-

184 2624 374 2686 stisne
398 2627 476 2685 a‘d
506 2643 673 2688 arma
700 2627 881 2689 ituri?
919 2628 1197 2690 fuistisne
1218 2644 1335 2688 vos
1365 2628 1446 2687 ad
1480 2627 1740 2702 patrium
1773 2627 1942 2687 illum
1977 2626 2245 2687 animum

188 2708 601 2784 maiorumque
643 2710 920 2772 virtutem
974 2711 1340 2790 excitaturi?
1401 2708 1683 2772 fuistisne
1736 2709 2068 2784 aliquando
2115 2726 2246 2771 rem

183 2791 488 2866 publicam
518 2809 555 2851 a
583 2794 825 2854 funesto
856 2789 1087 2854 latrone
1109 2792 1466 2868 repetituri?
1500 2810 1577 2853 an
1609 2793 1940 2853 etiamtum
1966 2792 2246 2867 quiesce-

183 2874 359 2947 retis,
403 2875 865 2948 cunctaremini,
904 2875 1225 2947 timerem,
1277 2888 1464 2951 quun
1507 2892 1634 2936 rem
1684 2874 1986 2950 publicam
2027 2893 2066 2936 a
2099 2874 2246 2936 faci-

182 2956 607 3018 nerosissimis
639 2957 875 3018 sicariis
910 2967 972 3019 et
1002 2975 1040 3018 a
1072 2958 1270 3018 servis
1297 2975 1443 3018 esse
1485 2975 1848 3034 oppressam
1879 2967 2066 3033 atque
2097 2975 2245 3020 con-

184 3041 479 3102 culcatam
516 3040 844 3102 videretis?
901 3039 1313 3114 Cuius'igitur
1354 3049 1608 3102 mortem
1657 3041 2137 3114 ulcisceremini,
2191 3041 2247 3101 si

184 3122 430 3199 quidem
463 3123 635 3186 liberi
664 3133 809 3186 esse
852 3131 915 3185 et
957 3125 1183 3185 habere
1232 3140 1361 3185 rem
1402 3126 1703 3200 publicam
1746 3124 2124 3201 cogitaretis,
2167 3124 2246 3182 de

184 3206 315 3266 eius
347 3207 565 3269 virtute
590 3207 716 3268 vivi
748 3206 896 3282 quid
926 3223 1040 3268 vos
1070 3207 1273 3283 loqui,
1311 3207 1460 3284 quid
1490 3209 1746 3282 sentire,
1779 3209 1924 3283 quid
1957 3205 2248 3280 cogitare,

190 3295 333 3368 quid
357 3295 631 3356 iudicare
655 3303 939 3372 oporteat
962 3295 1358 3355 dubitandum
1382 3296 1652 3372 putatis?
1705 3296 1802 3356 82.
1835 3298 1918 3355 At
1943 3309 2092 3353 vero
2117 3292 2239 3368 ipsi

190 3377 271 3436 illi
316 3377 688 3452 parricidae,
745 3393 1009 3452 quorum
1052 3377 1391 3439 effrenatus
1442 3381 1617 3440 furor
1655 3378 1837 3438 alitur
1878 3375 2239 3452 impunitate
