2459 3817
758 129 1213 192 manse-48.
1251 129 1307 206 §-
1337 137 1634 194 98—-103-
2161 128 2238 194 81

176 279 545 355 timidioreS,
590 281 839 342 desunt:
889 289 1245 356 permanent
1280 279 1364 340 illi
1405 280 1521 342 soli
1562 287 1745 356 atque
1777 278 1978 342 omnia
2005 279 2094 340 rei
2129 297 2239 356 pu-

180 365 383 427 blicae
412 381 599 426 causa
629 366 970 438 perferunt,
1002 363 1105 438 qui
1136 372 1278 424 sunt
1308 365 1492 437 tales,
1521 363 1720 438 qualis
1755 374 1925 440 pater
1954 373 2126 438 tuuS,
2155 363 2236 426 Μ.

178 447 417 510 Scaure
432 492 447 522 ,
477 449 613 520 fuit,
650 446 753 520 qui
786 465 823 508 a
846 446 907 506 C.
934 447 1207 507 Graccho
1230 463 1431 522 usque
1459 448 1540 508 ad
1561 447 1627 520 Q.
1650 448 1900 508 Varium
1927 446 2239 508 seditiosis

176 530 467 591 omnibus
496 531 739 602 restitit,
779 546 959 605 quem
988 546 1318 606 numquam
1351 531 1472 591 ulla
1504 531 1626 603 viS,
1668 532 1828 591 ullae
1857 533 2086 602 minae,
2119 529 2240 590 ulla

180 613 415 674 invidia
438 612 748 687 labefecit,
779 621 883 674 aut
910 614 1106 689 qualis
1130 613 1197 687 Q.
1220 615 1500 675 Metellus
1516 659 1530 686 ,
1554 621 1808 689 patruus
1831 615 2042 676 matris
2066 622 2238 674 tuaez

181 697 289 772 qui
326 713 511 772 quum
541 695 856 758 florentem
884 697 1189 758 hominem
1216 697 1276 756 in
1312 697 1595 772 populari
1624 699 1888 771 ratione,
1930 699 1995 758 L.
2034 695 2237 759 Satur·

183 781 419 852 ninum,
458 796 685 841 censor
714 789 989 842 notasset
1024 796 1334 856 quumque
1376 779 1684 840 insitivum
1727 780 2065 840 Gracchum
2095 796 2238 841 con-

181 873 275 926 tra
303 863 425 924 vim
456 863 853 927 multitudinis
895 863 1179 940 incitatae
1222 879 1418 924 censu
1459 861 1878 938 prohibuisset
1927 879 2240 938 quumque

181 945 243 1008 in
272 963 408 1008 eam
433 948 647 1022 legem,
676 964 859 1021 quam
884 963 1006 1006 non
1026 948 1158 1006 iure
1186 955 1461 1020 rogatam
1494 943 1818 1016 iudicarat,
1850 943 2050 1004 iurare
2080 961 2240 1006 unus

182 1030 513 1103 noluisset,
562 1030 641 1090 de
678 1028 921 1090 civitate
966 1029 1175 1089 maluit
1216 1045 1396 1102 quam
1439 1029 1518 1088 de
1557 1027 1857 1088 sententia
1903 1027 2238 1099 demoveri,

176 1121 316 1186 aut,
356 1121 422 1174 ut
451 1119 656 1172 vetera
700 1112 1009 1185 exempla,
1058 1127 1318 1186 quorum
1359 1118 1452 1171 est
1493 1109 1672 1184 copia
1707 1109 1890 1185 digna
1918 1109 2099 1170 huius
2128 1109 2236 1170 im-

182 1195 338 1270 perii
368 1194 592 1271 gloria,
621 1193 959 1268 relinquam
992 1209 1147 1254 neve
1176 1209 1386 1253 eorum
1417 1191 1699 1267 aliquem,
1739 1191 1844 1268 qui
1873 1193 2099 1266 vivunt,
2128 1209 2236 1254 no-

182 1276 437 1349 minem,
483 1275 681 1352 qualis
718 1292 914 1351 nuper
943 1277 1009 1350 Q.
1043 1276 1288 1338 Catulus
1321 1277 1460 1349 fuit,
1509 1292 1690 1351 quem
1731 1293 1933 1352 neque
1976 1275 2236 1352 periculi

180 1367 517 1436 tempestas
540 1375 752 1436 neque
779 1359 1031 1422 honoris
1064 1376 1214 1422 aura
1243 1361 1438 1437 potuit
1463 1376 1750 1438 umquam
1785 1361 1862 1421 de
1903 1376 2018 1422 suo
2050 1376 2237 1421 cursu

178 1453 288 1505 aut
314 1460 433 1519 spe.
460 1452 564 1504 aut
591 1451 753 1505 metu
780 1443 1128 1506 demovere.
1619 1517 1622 1519 Α

344 1528 605 1588 XLVIII.
641 1525 783 1588 102.
812 1528 980 1588 Haec
1010 1526 1342 1604 imitamini,
1371 1545 1484 1606 per
1512 1529 1668 1592 deos
1691 1527 2095 1593 immortales!
2130 1529 2235 1604 qui

174 1611 563 1687 dignitatem,
608 1611 713 1686 qui
746 1612 1020 1685 laudem,
1065 1611 1171 1688 qui
1202 1611 1454 1686 gloriam
1489 1611 1800 1689 quaeritis.
1887 1613 2056 1672 Haec
2109 1628 2232 1672 am-

178 1696 283 1770 pla
310 1702 479 1766 sunt,
509 1695 664 1754 haec
692 1693 927 1764 divina,
951 1695 1103 1754 haec
1130 1693 1518 1754 immortalia:
1549 1695 1703 1754 haec
1732 1697 1892 1754 lama
1919 1695 2233 1754 celebran-

178 1787 305 1850 tur,
333 1775 741 1838 monumentis
766 1775 1071 1836 annalium
1103 1777 1482 1848 mandantur,
1514 1776 1854 1850 posteritati
1890 1791 2234 1850 propagan-

179 1868 293 1920 tur.
386 1859 495 1920 Est
518 1859 704 1926 labor,
748 1872 873 1917 non
915 1871 1107 1929 nego:
1142 1857 1385 1930 pericla
1435 1872 1684 1930 maana,
1730 1855 1957 1916 fateor:
2013 1863 2234 1922 multae

174 1943 435 2004 insidiae
458 1949 595 2002 sunt
618 1942 813 2000 bonis:
846 1939 1161 1998 verissime
1192 1941 1416 1998 dictum
1447 1949 1559 1999 est.
1611 1937 1733 1998 Sed
1765 1949 1824 2000 te

258 2027 367 2098 Id,
396 2027 555 2101 quod
582 2027 749 2084 multi
772 2025 1098 2097 invideam,
1138 2026 1416 2098 multique
1440 2031 1723 2100 expetant
1735 2069 1750 2096 ,
1775 2026 2006 2085 inscitia
2035 2033 2148 2100 est,

176 2109 405 2184 inquit,
487 2149 505 2153 -

262 2193 574 2254 Postulat-e
588 2240 602 2268 ,
632 2195 753 2254 m‘si
776 2193 1035 2254 laborem
1060 2209 1288 2254 summa
1317 2207 1450 2254 cum
1476 2209 1628 2254 cura
1656 2193 1911 2266 ecferas.

175 2276 409 2338 Nollem
473 2276 635 2336 idem
696 2277 815 2338 alio
879 2276 1019 2336 loco
1085 2275 1376 2348 dixisset,
1471 2276 1638 2352 quod
1704 2276 2064 2350 exciperent
2120 2274 2224 2336 im·

176 2358 356 2440 probi
386 2357 585 2420 cives=
633 2359 891 2432 Oderint,
922 2359 1063 2420 dum
1088 2366 1362 2420 metuant.
1403 2358 1719 2424 Praeclara
1745 2359 1906 2420 enirn
1928 2359 2031 2420 illa
2054 2375 2226 2435 prae·

174 2450 356 2517 cepta
383 2442 638 2503 dederat
668 2441 977 2503 iuventuti.
1066 2443 1205 2508 103.
1262 2443 1386 2508 Sed
1428 2452 1632 2504 tamen
1673 2444 1830 2504 haec
1871 2444 1974 2506 via
2018 2461 2092 2504 ac
2135 2459 2226 2503 ra-

174 2525 260 2588 tio
290 2525 377 2586 rei
406 2526 689 2601 publicae
720 2527 1145 2601 capessendae
1169 2525 1311 2588 olim
1343 2535 1472 2587 erat
1497 2524 1689 2600 magis
1717 2522 2230 2601 pertimescenda,

174 2625 365 2686 quum
394 2608 599 2670 multis
638 2609 697 2669 in
740 2611 927 2670 rebus
957 2608 1358 2672 multitudinis
1382 2609 1652 2671 studium
1684 2618 1790 2674 aut
1821 2611 2036 2684 populi
2068 2626 2222 2670 com-

174 2693 426 2753 modum
454 2693 533 2752 ab
560 2692 813 2754 utilitate
840 2692 929 2753 rei
958 2693 1241 2769 publicae
1285 2692 1693 2768 discrepabat.
1761 2691 2098 2752 Tabellaria
2130 2694 2230 2753 lex

176 2776 255 2836 ab
288 2776 359 2835 L.
398 2775 612 2836 Cassio
649 2777 971 2837 ferebatur.
1040 2777 1314 2852 Populus
1343 2776 1678 2836 libertatem
1708 2774 1807 2850 agi
1850 2777 2101 2850 putabat
2130 2793 2229 2837 su·

176 2876 293 2922 am.
348 2857 804 2920 Dissentiebant
827 2859 1139 2934 principes
1168 2867 1231 2920 et
1263 2857 1326 2919 in
1357 2860 1553 2920 salute
1586 2857 1964 2933 optimatium
1992 2858 2229 2920 temeri-

178 2951 361 3004 tatem
375 2940 771 3002 multitudinis
784 2950 843 3003 et
855 2943 1111 3003 tabellae
1136 2941 1438 3002 licentiam
1463 2941 1992 3016 pertimescebant.
2036 2945 2228 3016 Agra-

172 3025 328 3088 riam
358 3025 447 3086 Ti.
476 3025 785 3087 Gracchus
823 3026 1021 3102 legem
1053 3025 1302 3086 ferebat.
1374 3025 1556 3086 Grata
1587 3034 1716 3086 erat
1741 3026 2006 3100 populo:
2044 3027 2205 3085 fortu

173 3125 292 3170 nae
322 3107 609 3170 constitui
637 3109 977 3171 tenuiorum
1008 3105 1386 3170 videbantur.
1454 3108 1806 3171 Nitebamur
1835 3118 2048 3170 eontra
2077 3107 2228 3181 opti·

171 3199 401 3265 matera,
464 3193 633 3268 quod
689 3201 751 3255 et
815 3192 1185 3264 discordiam
1237 3191 1488 3253 excitari
1547 3193 1836 3253 videbant
1896 3198 1985 3263 et,
2043 3205 2230 3262 quum

172 3276 515 3352 locupletes
562 3275 1068 3352 possessionibus
1132 3274 1436 3338 diuturnis
1491 3282 1916 3362 moverentur,
1977 3271 2225 3348 spoliari
2288 3289 2292 3292 ·

279 3387 402 3430 om.
448 3391 630 3434 onam.
674 3373 763 3432 Π.
1458 3421 1460 3424 ,
1797 3361 1836 3424 6
