2459 3817
255 104 375 173 144
705 110 856 173 PRO
883 110 948 171 Τ.
979 110 1216 173 Ammo
1250 110 1543 171 MILONE
1575 108 1878 173 ORATIO.

239 264 334 327 dit
357 264 444 325 M.
485 262 747 333 Horatii,
781 259 1094 323 tortissimi
1122 260 1267 333 viri,
1296 261 1404 336 qui
1430 260 1700 325 nondum
1732 260 1925 323 libera
1953 259 2205 325 civitate
2234 272 2327 326 ta·

241 363 384 409 men
419 346 632 423 populi
659 343 918 407 Romani
949 342 1214 405 comitiis
1248 344 1538 405 liberatus
1568 353 1695 419 est,
1742 360 1931 421 quum
1973 361 2091 405 sua
2134 362 2328 409 manu

248 446 528 492 sororem
557 444 702 489 esse
729 428 1108 489 interfectam
1137 427 1442 489 fateretur.
1494 426 1556 489 8.
1587 432 1688 489 An
1716 436 1815 489 est
1848 427 2181 503 quisquam
2218 431 2329 505 qui

247 514 368 575 hoc
393 514 662 587 ignoret,
709 527 897 587 quum
937 510 1016 572 de
1045 506 1292 571 homine
1320 508 1529 571 occiso
1556 518 1911 584 quaeratur,
1960 519 2067 572 aut
2104 514 2329 588 negari

243 599 448 657 solere
477 594 724 655 omnino
753 609 898 655 esse
937 594 1162 653 tactum
1189 601 1296 654 aut
1322 600 1491 653 recte
1522 592 1749 654 etiure
1777 594 2002 654 fectum
2034 610 2185 655 esse
2214 596 2326 656 de·

247 678 411 739 rendi
425 684 456 735 ’ἃ
498 674 630 737 Nisi
669 692 815 738 vero
849 674 1208 737 existimatis
1254 674 1595 737 dementem
1622 675 1686 735 P.
1714 676 2071 737 Africanum
2098 676 2322 749 ruisse,

245 758 356 836 qui
393 776 576 835 quum
624 777 664 819 a
689 760 750 821 C.
775 760 1051 821 Carbone
1089 758 1331 819 tribuno
1362 758 1561 834 plebis
1599 758 1893 820 seditiose
1924 758 1987 819 in
2028 761 2326 821 contione

246 843 720 919 interrogaretur
755 842 904 919 quid
932 842 1012 903 de
1039 841 1130 901 Ti.
1159 841 1419 903 Gracchi
1452 850 1647 903 morte
1676 841 1947 915 sentiret,
1972 845 2321 918 responde-

247 926 324 988 rit
363 926 496 987 iure
539 942 792 987 caesum
827 924 1045 990 videri.
1129 925 1345 1001 Neque
1393 924 1553 985 euim
1602 934 1819 999 posset
1858 934 1961 986 aut
1984 926 2187 986 Ahala
2215 926 2320 987 illc

250 1008 542 1073 Servilius
577 1018 682 1071 aut
707 1009 771 1069 P.
792 1008 1016 1069 Nasica
1039 1018 1146 1071 aut
1169 1008 1239 1071 L.
1274 1006 1548 1083 Opimius
1590 1016 1697 1069 aut
1724 1009 1785 1069 G.
1813 1005 2044 1070 Marius
2080 1018 2189 1071 aut
2220 1026 2320 1069 me

243 1095 503 1155 consule
533 1101 784 1153 senatus
815 1108 934 1153 non
971 1093 1241 1152 nefarius
1268 1089 1507 1162 haberi,
1548 1090 1605 1151 si
1646 1092 1982 1153 sceleratos
2028 1090 2195 1153 cives
2225 1093 2318 1152 in-

247 1174 444 1237 terfici
477 1177 650 1237 nefus
677 1184 864 1237 esset.
915 1176 1129 1251 ltaque
1155 1174 1295 1249 hoc,
1322 1172 1577 1248 iudices,
1606 1190 1731 1235 non
1754 1176 1887 1235 sine
1916 1190 2107 1235 causa
2134 1174 2318 1236 etiam

247 1258 407 1319 fictis
441 1258 662 1319 rubnih
689 1258 1028 1321 doctissimi
1048 1258 1325 1319 homines
1350 1256 1678 1318 memoriae
1710 1258 2129 1332 prodiderunt,
2156 1273 2316 1331 eum,

247 1340 356 1414 qui
391 1340 584 1416 patris
627 1340 960 1401 ulciscendi
1003 1356 1192 1401 causa
1219 1348 1470 1401 matrem
1496 1340 1872 1414 necavisset,
1917 1340 2161 1401 variatis
2204 1340 2317 1402 ho—

249 1420 474 1483 minum
505 1422 820 1483 sententiis
849 1437 969 1482 non
1002 1423 1200 1483 solum
1221 1423 1445 1494 divina,
1482 1423 1598 1483 sed
1624 1422 1804 1483 etiam
1828 1421 2318 1499 sapientissimae

247 1505 404 1564 deae
433 1504 736 1565 sententia
761 1504 1098 1565 liberatum.
1193 1504 1255 1567 9.
1288 1504 1463 1578 Quod
1486 1506 1539 1565 si
1572 1506 1895 1567 duodecim
1925 1506 2169 1567 tabulae
2204 1524 2314 1569 no—

239 1594 530 1648 cturnum
559 1588 751 1648 furem
786 1603 1033 1661 quoquo
1063 1589 1267 1659 modo,
1304 1587 1585 1648 diurnum
1614 1598 1835 1661 autem,
1866 1588 1920 1648 si
1954 1604 2027 1649 se
2048 1590 2171 1649 telo
2206 1590 2314 1649 de-

248 1671 553 1745 fenderet,
596 1670 852 1733 interfici
884 1670 1130 1747 impune
1171 1673 1522 1743 voluerunt,
1570 1674 1707 1747 quis
1746 1679 1843 1733 est
1874 1658 2008 1747 qui,
2056 1688 2311 1747 quoquo

245 1754 436 1817 modo
459 1754 598 1831 quis
619 1755 972 1817 interfectus
997 1756 1092 1827 sit,
1124 1754 1533 1829 poeniendum
1552 1762 1741 1830 putet,
1774 1770 1960 1830 quum
1980 1753 2189 1816 videat
2204 1755 2304 1815 eli·

251 1838 498 1913 quando
523 1838 788 1913 gladium
817 1836 997 1899 nobis
1017 1839 1098 1899 ad
1125 1838 1429 1899 hominem
1462 1836 1862 1898 occidendum
1884 1837 1999 1897 ab
1983 1836 2143 1913 lpsis
2172 1854 2305 1913 por-

249 1921 361 1996 rigi
391 1921 676 1997 legibus?
709 1923 812 1981 IV.
841 1920 1028 1997 Atqui
1056 1920 1110 1980 si
1139 1930 1381 1996 tempus
1408 1930 1505 1981 est
1532 1920 1757 1981 ullum
1737 1936 1873 1981 mre
1914 1918 2179 1981 hominis
2210 1938 2311 1983 nc·
2350 1936 2357 1949 ·

249 2004 450 2077 candi,
482 2020 640 2077 quae
665 2006 851 2065 multa
877 2012 1036 2077 sunt,
1067 2012 1233 2065 certe
1260 2002 1409 2065 illud
1436 2011 1533 2064 est
1561 2018 1683 2063 non
1716 2004 1901 2065 modo
1936 2002 2183 2077 iustum,
2208 2020 2309 2065 ve-

247 2102 381 2146 rum
418 2086 596 2146 etium
627 2086 1041 2149 necessarium
1056 2129 1071 2159 ,
1117 2102 1303 2161 quum
1330 2085 1393 2146 vi
1418 2085 1515 2147 vis
1542 2084 1707 2147 illata
1740 2086 2103 2147 defenditur.
2134 2084 2311 2149 Pudi-

247 2166 452 2229 citiam
499 2184 688 2243 quum
723 2169 986 2242 eriperet
1021 2167 1190 2229 militi
1220 2167 1498 2230 tribunus
1540 2168 1813 2229 militaris
1843 2168 1907 2229 in
1943 2168 2221 2231 exercitu
2252 2170 2312 2228 C.

249 2249 441 2323 Marii,
475 2251 860 2326 propinquus
891 2251 1024 2311 eius
1054 2250 1459 2326 imperatoris,
1486 2250 1838 2312 interfectus
1860 2252 1937 2311 ab
1963 2267 2037 2311 eo
2070 2260 2187 2325 est,
2218 2252 2312 2312 cui

253 2333 376 2391 vim
421 2333 758 2394 adferebat.
839 2334 1066 2394 Facere
1106 2335 1265 2393 enim
1307 2334 1541 2407 probus
1570 2335 1821 2395 adol-esc
1968 2332 2312 2409 periculose

253 2430 435 2489 quum
475 2414 712 2490 perpeti
753 2417 1004 2490 turpiter
1030 2414 1257 2477 maluit.
1339 2422 1545 2492 Atque
1592 2414 1752 2477 hunc
1788 2416 1829 2477 il
1918 2433 2195 2478 summus
2226 2416 2316 2477 vir

251 2499 488 2559 scelere
529 2499 791 2558 solutum
834 2498 1104 2573 periculo
1146 2498 1443 2559 liberavit.
1532 2498 1633 2559 10.
1672 2498 2021 2561 Insidiatori
2062 2516 2212 2560 vero
2254 2510 2315 2559 et

253 2580 470 2639 latroni
493 2596 652 2655 quae
683 2589 886 2655 potest
909 2581 1114 2640 inferri
1135 2579 1359 2641 iniusta
1381 2587 1543 2641 nex?
1576 2581 1733 2655 Quid
1756 2582 2076 2643 comitatus
2102 2583 2313 2654 nostri,

255 2662 402 2737 quid
430 2661 615 2737 gladii
653 2665 900 2725 volunt?
933 2680 1090 2739 quos
1119 2663 1347 2724 habere
1376 2673 1539 2725 certe
1568 2680 1695 2725 non
1725 2666 1965 2738 liceret,
1996 2666 2049 2725 si
2085 2664 2169 2725 uti
2194 2662 2313 2725 illis

253 2746 418 2805 nullo
450 2755 628 2819 pacto
659 2746 885 2807 liceret.
935 2748 1047 2807 Est
1071 2745 1253 2821 igitur
1277 2745 1447 2820 haec,
1478 2746 1735 2821 iudices,
1762 2764 1885 2808 non
1922 2746 2169 2823 scripta,
2202 2748 2312 2807 sed

253 2835 394 2888 neta
422 2830 539 2900 leX,
567 2846 751 2905 quam
779 2847 899 2891 non
925 2829 1267 2904 didicimus,
1292 2830 1663 2905 accepimus,
1692 2830 1971 2905 legimus,
1998 2845 2213 2891 verum
2232 2845 2315 2888 ex

254 2918 466 2970 natura
509 2912 646 2987 ipsa
687 2913 1097 2987 adripuimus,
1137 2912 1483 2986 hausimuS,
1517 2912 1967 2988 expressimus-1,
2012 2914 2091 2973 ad
2132 2928 2315 2987 quam

253 3008 378 3053 non
401 2994 596 3069 docti,
641 2996 754 3055 sed
783 2996 954 3071 sacti,
1003 3012 1126 3056 non
1153 2995 1433 3067 instituti,
1480 2997 1593 3056 sed
1622 2996 1835 3057 imbuti
1864 3012 2109 3069 sumuS,
2142 3002 2239 3066 ut,
2262 2994 2313 3055 si

253 3076 378 3137 vita
405 3076 703 3137 nostruin
735 3079 972 3154 aliquas
999 3076 1283 3151 insidIaS,
1334 3080 1387 3139 si
1422 3079 1483 3137 in
1527 3078 1649 3138 vim
1677 3087 1737 3137 el
1764 3077 1825 3137 in
1854 3081 1979 3139 teln-
2000 3088 2107 3138 aut
2132 3078 2318 3137 latro*

253 3175 399 3220 num
441 3168 547 3221 aut
585 3160 961 3223 inimicorum
1003 3158 1352 3234 incidisset,
1412 3160 1611 3222 omnis
1648 3160 1911 3221 honesta
1948 3160 2100 3220 ratio
2146 3171 2315 3222 esset

254 3242 680 3317 expediendae
721 3244 954 3303 salutis.
1009 3242 1232 3302 ·Silent
1276 3243 1437 3302 enim
1482 3245 1651 3317 leges
1692 3243 1849 3303 inter
1888 3258 2057 3303 arma
2096 3258 2213 3303 nec
2243 3258 2312 3301 se

255 3325 604 3397 exspectari
626 3325 850 3399 iubent,
887 3340 1072 3399 quum
1093 3322 1168 3398 ei,
1201 3322 1307 3399 qui
1336 3328 1697 3400 exspectare
1726 3326 1888 3401 velit,
1920 3333 2061 3387 ante
2088 3324 2315 3386 iniusta
