2459 3817
814 206 977 265 CAP.
1008 216 1039 267 1
1056 238 1130 249 —
1148 216 1201 267 2.
1232 212 1285 273 s.
1317 216 1510 267 1—-5-
2064 206 2194 273 259

145 370 419 429 pugnaez
472 354 729 414 reditum
760 355 840 413 ad
872 357 1155 415 vestitum
1189 357 1504 415 conlectae
1531 355 1820 417 victoriae
1866 366 2198 415 reservate.

146 435 457 496 Confectio
487 444 688 497 autem
720 437 900 496 huius
932 436 1073 497 belli
1102 444 1199 497 est
1223 438 1297 497 D.
1324 437 1493 497 Bruti
1521 439 1709 498 salus.
1795 438 1854 497 2.
1899 437 2066 510 Quae
2093 454 2200 495 au-

142 530 263 579 tem
298 527 395 578 est
429 518 545 577 ista
575 517 905 591 sententia,
936 528 1003 579 ut
1042 518 1101 577 in
1139 518 1498 580 hodiernum
1528 520 1686 579 diem
1721 518 1978 580 vestitus
2009 524 2199 579 mute-

142 611 269 672 tur,
300 600 521 660 deinde
550 617 687 659 cras
716 602 912 675 sagati
935 600 1368 675 prodeamus?
1447 602 1574 661 Nos
1600 618 1746 661 vero
1781 618 1964 676 quum
2010 600 2199 661 semel

144 684 221 741 ad
250 698 407 755 eum,
438 699 619 755 quem
648 684 929 757 cupimus
959 692 1382 759 optamusque,
1415 684 1694 744 vestitum
1723 684 2100 754 redierimus,
2135 683 2199 743 id

143 780 415 838 agamuS,
446 774 515 825 ut
541 781 680 825 eum
709 765 771 824 in
801 774 1162 843 perpetuum
1190 765 1574 825 retineamus.
1629 768 1776 825 Nam
1810 768 1927 827 hoc
1952 766 2196 840 quidem

145 863 337 921 quum⁴
372 856 545 921 turpe
573 856 669 907 est
696 856 818 908 tum
848 864 927 907 ne
958 849 1051 908 dis
1085 846 1332 921 quidem
1358 847 1793 907 immortalibus
1824 858 2086 922 gratum,
2117 848 2196 905 ab

139 945 351 989 eorum
393 930 547 1004 aris,
607 932 684 989 ad
730 947 885 1005 quas
938 930 1125 1005 togati
1174 928 1534 1004 adierimuS‚
1588 931 1668 989 ad
1712 946 1861 1004 saga
1903 929 2199 989 sumenda

138 1012 483 1074 discedere.
569 1009 631 1071 3.
658 1016 864 1087 Atque
897 1013 1349 1083 animadverm,
1382 1020 1583 1086 patres
1617 1010 1974 1085 conscripti,
2011 1025 2198 1085 quos-
2257 1066 2262 1069 ,

139 1094 281 1152 dam
320 1091 461 1152 huic
493 1095 706 1153 favere
735 1096 1101 1168 sententiae,
1146 1110 1402 1169 quorum
1443 1110 1518 1153 ea
1552 1110 1724 1154 mens
1765 1092 1952 1168 idque
1994 1090 2194 1153 consi-

135 1176 285 1235 lium
329 1182 455 1246 est,
512 1183 578 1236 ut
622 1193 807 1253 quum
846 1176 1095 1237 videant
1136 1176 1645 1251 gloriosissimum
1683 1174 1848 1238 illum
1903 1176 1975 1235 D.
2005 1176 2193 1236 Bruto

134 1260 410 1317 luturum
445 1256 653 1329 diem,
708 1274 829 1329 quo
882 1259 983 1318 die
1030 1266 1290 1333 propter
1333 1260 1467 1318 eius
1519 1258 1777 1316 salutem
1829 1256 2188 1314 redierimus

136 1341 241 1411 [ad
286 1336 627 1415 vestitumJ,
669 1340 832 1399 hunc
869 1341 925 1401 ei
954 1342 1215 1401 fructum
1259 1340 1498 1415 eripere
1537 1338 1822 1421 cupiant,
1853 1353 1931 1397 ue
1960 1353 2188 1397 memo·

133 1425 268 1483 riae
308 1420 770 1495 posteritatique
818 1424 1111 1497 prodatur
1151 1430 1405 1497 propter
1443 1420 1621 1482 unius
1662 1409 1822 1482 civis
1854 1422 2190 1495 periculum

136 1504 434 1581 populum
472 1502 809 1565 Romanum
855 1507 935 1566 ad
970 1521 1119 1579 saga
1144 1506 1302 1577 isse,
1344 1513 1591 1579 propter
1619 1502 1891 1564 eiusdem
1933 1506 2188 1564 salutem

19 1632 23 1643 ,
133 1588 375 1647 redisse
417 1588 499 1647 ad
536 1595 733 1662 togas.
804 1586 1016 1649 Tollite
1054 1587 1240 1647 hanc:
1283 1589 1504 1647 nullam
1533 1596 1654 1646 tam
1694 1601 1921 1660 pravae
1954 1596 2206 1647 sentem

19 1688 22 1695 ·
137 1670 257 1731 tiae
300 1686 547 1730 causam
588 1670 926 1744 reperietis.
996 1672 1128 1729 Vos
1170 1684 1354 1741 vero,
1393 1678 1602 1743 patres
1644 1668 2000 1740 conscripti,
2046 1684 2192 1725 con-

134 1759 381 1812 servate
424 1753 841 1813 auctoritatem
877 1759 1173 1823 vestram,
1220 1759 1460 1811 manete
1503 1750 1566 1809 in
1614 1752 1939 1817 sententia,
1991 1758 2191 1807 tenete

142 1842 343 1894 vestra
388 1833 705 1902 memoria,
752 1834 920 1905 quod
966 1847 1154 1905 saepe
1193 1832 1576 1907 ostendistis,
1622 1832 1798 1891 huius
1831 1830 2015 1891 totius
2051 1828 2190 1889 belli

19 1910 25 1979 ᾗ
133 1918 199 1975 in
220 1918 401 1976 unius
429 1915 542 1984 yiri
570 1914 879 1976 fortissimi
905 1923 966 1973 et
987 1914 1229 1974 maximi
1250 1914 1374 1975 vita
1398 1916 1657 1987 positum
1683 1929 1825 1975 esse
1847 1910 2189 1972 discrimen.

21 2038 22 2047 ι
130 2000 208 2058 ΙΙ.
243 1997 303 2059 4.
344 2000 441 2058 Ad
472 1999 543 2059 D.
572 1997 823 2058 Brutum
861 1996 1237 2056 liberandum
1267 1996 1449 2070 legati
1488 1996 1657 2057 missi
1699 1996 2006 2071 principes
2043 1993 2188 2053 civi-

19 2086 25 2119 ῑ
131 2080 312 2153 tatis,
356 2080 462 2155 qui
500 2080 585 2140 illi
626 2078 887 2139 hostiae
931 2078 1270 2153 parricidae
1313 2078 1760 2149 denuntiarent,
1804 2086 1869 2137 ut
1897 2094 1935 2135 a
1961 2076 2189 2137 Mutina

134 2164 514 2223 discederet:
564 2162 839 2222 eiusdem
868 2160 938 2219 D.
966 2160 1134 2220 Bruti
1166 2160 1570 2221 conservandi
1591 2161 1784 2235 gratia
1812 2160 2028 2221 consul
2057 2174 2188 2220 sor-

133 2245 250 2307 titu
271 2246 349 2305 ad
379 2246 601 2306 bellum
638 2244 949 2321 profectus
983 2245 1057 2300 A.
1091 2242 1346 2315 HirtiuS,
1387 2244 1559 2304 cuius
1591 2242 2052 2303 imbecillitatem
2080 2258 2186 2301 va-

19 2310 23 2385 }
130 2326 421 2388 letudinis
450 2324 635 2388 animi
661 2327 853 2387 virtus
892 2334 953 2385 et
984 2341 1131 2399 spes
1171 2322 1464 2385 victoriae
1498 2326 1901 2385 confirmavit:
1946 2325 2188 2397 Caesar,

134 2424 329 2481 quum
360 2409 629 2469 exercitu
660 2424 772 2481 per
792 2424 865 2467 se
894 2413 1248 2481 comparato
1279 2411 1318 2475 -l·
1340 2420 1478 2465 cum
1509 2404 1717 2478 primis
1748 2406 2026 2480 pestibus
2054 2420 2184 2465 rem

134 2488 442 2565 publicam
471 2492 827 2560 liberasset,
861 2506 939 2548 ne
976 2489 1122 2563 quid
1160 2496 1382 2563 postea
1411 2486 1660 2547 sceleris
1691 2497 1997 2560 oreretur,
2033 2504 2172 2563 pro-

132 2575 336 2641 fectus
370 2582 465 2633 est
492 2568 882 2634 ad'e'umdem
910 2574 1165 2633 Brutum
1200 2570 1578 2632 liberandum
1611 2570 1878 2646 vicitque
1906 2572 2183 2630 dolorem

132 2654 399 2727 aliquem
424 2657 827 2717 domesticum
864 2656 1099 2729 patriae
1130 2653 1402 2715 caritate.
1465 2654 1521 2711 5.
1555 2655 1703 2725 Quid
1739 2654 1796 2711 C.
1829 2654 2028 2711 Pansa
2063 2652 2186 2725 egit

134 2736 301 2795 aliud
357 2735 677 2795 dilectibus
731 2734 1061 2806 habendis,
1127 2735 1388 2809 pecunia
1438 2734 1878 2807 comparanda,
1937 2738 2186 2793 senatus

19 2794 21 2805 ¹
130 2816 431 2878 consultis
462 2816 757 2877 faciendis
788 2816 1163 2891 gravissimis
1193 2816 1254 2875 in
1285 2816 1630 2887 Antonium,
1662 2815 1838 2877 nobis
1867 2815 2186 2877 cohortan-

130 2900 250 2969 dis,
293 2902 523 2973 populo
563 2900 835 2959 Romano
874 2900 953 2959 ad
997 2914 1246 2959 causam
1280 2898 1570 2959 libertatis
1611 2900 1920 2972 vocando,
1969 2894 2086 2957 nisi
2121 2898 2188 2955 'ut

129 2985 205 3043 D.
231 2984 455 3043 Brutus
485 2980 879 3041 liberaretur?
915 2986 972 3040 A
998 2998 1119 3054 quo
1150 2983 1418 3057 populus
1447 2978 1759 3043 Romanus
1787 2982 2076 3057 frequens
2104 2978 2188 3037 ita

130 3066 481 3126 salutemD.
491 3064 657 3124 Bruti
680 3080 801 3137 una
816 3078 973 3123 voce
996 3064 1381 3139 depoposcit,
1409 3074 1476 3124 ut
1495 3079 1629 3123 eam
1652 3058 1774 3126 non
1800 3066 1994 3126 solum
2017 3076 2184 3121 com-

129 3148 335 3209 modis
376 3147 533 3217 suis,
588 3146 699 3207 sed
738 3144 918 3205 etiam
957 3146 1307 3207 necessitati
1344 3146 1542 3210 victus
1579 3148 1921 3208 anteferret.
2010 3142 2185 3217 Quod

132 3246 385 3305 sperare
425 3246 540 3291 nos
585 3228 829 3304 quidem
864 3228 1187 3301 debemuS,
1243 3239 1448 3303 patres
1489 3230 1845 3304 conscripti,
1889 3236 1992 3287 aut
2038 3222 2184 3283 inib1

130 3329 277 3373 esse
310 3322 411 3374 aut
438 3316 555 3372 iam
588 3329 731 3373 esse
762 3312 1134 3373 confectum:
1186 3312 1300 3371 sed
1323 3311 1457 3385 spei
1485 3313 1738 3371 fructum
1779 3309 1870 3370 rei
1900 3302 2183 3379 convenit

125 3404 195 3456 el.
222 3394 463 3456 eventui
494 3395 824 3469 reservari,
851 3410 930 3453 ne
958 3399 1061 3453 aut
1094 3396 1346 3454 deorum
1377 3392 1795 3525 immortaiign
1823 3390 2182 3481 beneficium
