2459 3817
235 179 364 248 200
627 181 732 241 DE
759 177 1074 241 IMPERIO
1107 179 1220 241 CN.
1250 177 1557 238 POMPEll
1593 175 1896 238 ORATIO.

226 347 362 392 rere
392 345 726 406 possumus
758 327 1087 402 veritatem,
1117 336 1303 403 atque
1323 327 1443 388 hoc
1474 325 1729 400 raciliuS,
1766 327 1934 402 quod
1962 341 2039 386 ea
2068 323 2288 402 omnia,

229 429 389 490 quae
417 429 456 474 a
487 427 584 474 me
607 411 811 474 adhuc
838 409 1002 472 dicta
1031 419 1190 486 sunt,
1229 409 1413 471 iidem
1442 409 1543 472 isti
1573 425 1720 470 vera
1748 423 1893 470 esse
1922 409 2285 483 concedunt,

228 505 288 557 et
315 493 734 558 necessarium
773 493 998 554 bellum
1031 510 1176 555 esse
1213 501 1277 553 et
1307 509 1591 567 magnum
1634 499 1693 555 et
1726 492 1787 552 in
1822 507 1945 554 uno
1974 491 2079 552 Gn.
2110 491 2290 552 Pom·

227 576 372 654 peio
403 594 639 640 summa
667 591 812 638 esse
840 574 1060 638 omnia.
1125 575 1226 638 52.
1266 575 1422 650 Quid
1454 576 1632 651 igitur
1664 575 1749 636 ait
1774 574 2181 638 Hortensius?
2222 573 2291 636 Si

227 659 335 724 uni
363 659 565 722 omnia
593 659 914 722 tribuenda
945 656 1094 732 sint,
1123 657 1548 734 dignissimum
1578 673 1723 720 esse
1747 655 2101 734 Pompeium
2116 703 2132 732 ,
2176 657 2290 718 sed

227 744 310 805 ad
335 759 524 805 unum
552 750 752 806 tamen
783 741 986 803 omnia
1015 740 1242 804 deferri.
1278 757 1400 802 non
1437 749 1740 818 oportere.
1814 739 2131 802 obsolevit
2168 739 2289 802 iam

229 827 347 889 ista
386 825 576 889 oratio
595 873 612 900 ,
655 841 726 888 re
766 827 954 887 multo
995 824 1188 901 magis
1226 841 1408 900 quam
1446 822 1653 886 verbis
1684 824 1963 885 refutata.
2047 824 2197 884 Nam
2227 832 2288 886 tu

229 908 419 983 idem,
459 909 527 983 Q.
556 907 875 983 Hortensi,
919 911 1106 970 multa
1134 924 1246 984 pro
1283 916 1387 970 tua
1418 923 1655 970 summa
1683 905 1865 983 copia
1894 921 1968 966 ac
1998 905 2290 982 singulari

231 992 514 1054 facultate
543 990 787 1054 dicendi
819 999 880 1052 et
909 989 972 1051 in
1001 999 1218 1054 senatu
1250 999 1463 1052 contra
1497 989 1695 1051 virum
1723 990 1940 1050 fortem
1957 1035 1973 1063 ,
2004 991 2079 1049 A.
2110 988 2289 1050 Gabi·

229 1077 412 1148 nium,
447 1073 712 1151 graviter
741 1083 1076 1150 ornateque
1105 1072 1333 1148 dixisti,
1367 1091 1551 1150 quum
1580 1073 1637 1136 is
1662 1073 1743 1134 de
1770 1089 1895 1136 uno
1924 1071 2291 1150 imperatore

231 1167 442 1220 contra
483 1159 832 1234 praedones
868 1157 1296 1223 constituendo
1342 1159 1539 1233 legem
1587 1156 2066 1231 promulgasset,
2113 1163 2175 1216 et
2207 1173 2289 1216 >ex

229 1241 349 1303 hoc
373 1239 513 1316 ipso
543 1243 690 1302 leco·
713 1243 1013 1317 permulta
1039 1239 1186 1302 item
1215 1249 1429 1303 contra
1462 1255 1598 1302 eam
1628 1241 1827 1314 legem
1854 1237 2045 1298 ver-ba
2068 1237 2289 1299 fecisti.

229 1323 331 1386 53.
375 1323 749 1399 Quidi'tum,
779 1340 893 1398 per
921 1324 1074 1385 deos
1101 1322 1504 1386 immortales!
1550 1321 1604 1384 si
1634 1323 1777 1398 plus
1804 1321 1969 1397 apud
2002 1322 2291 1396 populum

231 1409 570 1466 Romanum
613 1405 942 1467 auctoritas
987 1413 1090 1466 tua
1133 1423 1315 1482 quam
1354 1405 1553 1482 ipsius
1594 1403 1808 1481 populi
1836 1399 2093 1466 Romani
2119 1406 2291 1464 salus

233 1497 294 1549 et
325 1504 470 1549 vera
499 1499 691 1571 causa
717 1487 1040 1558 valuisset,
1081 1489 1265 1551 hodie
1293 1489 1452 1550 hanc
1482 1487 1737 1564 gloriam
1765 1495 1950 1562 atque
1977 1486 2097 1546 hoc
2126 1483 2291 1547 orbis

235 1578 430 1632 terrae
456 1567 778 1646 imperium
810 1577 1195 1634 teneremus?
1240 1574 1340 1632 An
1368 1571 1475 1634 tibi
1503 1580 1627 1634 tum
1656 1569 1973 1646 imperium
1995 1569 2115 1630 hoc
2150 1586 2293 1630 esse

234 1651 568 1727 videbatur,
602 1670 788 1730 quum
811 1654 1026 1730 populi
1043 1653 1301 1716 Romani
1322 1653 1521 1730 legati,
1560 1661 1924 1730 quaestores
1946 1660 2293 1729 praetores-

237 1753 360 1811 que
387 1735 826 1812 capiebantur?
859 1755 1046 1813 quum
1079 1750 1158 1799 ex
1187 1737 1469 1800 omnibus
1500 1735 1835 1812 provinciis
1864 1743 2207 1797 commeatu
2235 1743 2293 1795 et

235 1818 471 1896 privato
523 1829 584 1882 et
629 1822 875 1897 publico
930 1819 1443 1896 prohibebamur?
1504 1835 1695 1896 quum
1736 1818 1820 1880 ita
1860 1820 2070 1880 clausa
2114 1816 2293 1878 nobis

234 1911 406 1964 erant
432 1902 622 1964 maria
649 1902 868 1977 omnia,
900 1911 966 1965 ut
991 1920 1196 1979 neque
1223 1903 1523 1980 privatam
1550 1913 1679 1964 rem
1702 1899 2161 1962 transmarinam
2187 1917 2293 1960 ne·

238 2002 356 2060 que
385 1985 688 2060 publicam
721 1984 840 2046 iam
871 1984 1042 2046 obire
1066 1993 1439 2060 possemus?

399 2067 615 2126 XVIH.
657 2065 759 2128 54.
817 2067 986 2140 Quae
1029 2067 1244 2130 civitas
1286 2077 1465 2132 antea
1497 2085 1786 2144 umquam
1820 2068 1961 2142 ruit,
2000 2081 2123 2128 non
2153 2064 2292 2126 dico

239 2147 715 2222 Atheniensium,
741 2162 902 2225 quae
923 2151 1076 2211 satis
1097 2151 1218 2212 late
1242 2153 1551 2226 quondam
1572 2167 1741 2214 mare
1762 2151 2037 2212 tenuisse
2053 2147 2294 2224 dicitur,

238 2248 360 2294 non
397 2229 1020 2306 Karthaginiensium,
1075 2231 1179 2306 qui
1221 2237 1581 2308 permultum
1626 2235 1827 2296 classe
1865 2249 1941 2294 ac
1982 2230 2294 2294 maritimis

234 2316 421 2378 rebus
457 2314 793 2386 valuerunt,
825 2329 949 2374 non
977 2313 1375 2388 Rhodiorum,
1412 2333 1669 2392 quorum
1698 2333 1899 2392 usque
1921 2314 2002 2376 ad
2024 2321 2293 2376 nostram
2368 2323 2371 2327 ·

237 2396 590 2460 memoriam
619 2395 944 2472 disciplina
972 2398 1206 2458 navalis
1240 2406 1301 2461 et
1331 2398 1522 2474 gloria
1548 2398 1860 2472 remansit,
1894 2413 2053 2473 quae
2078 2395 2293 2456 civitas

239 2496 526 2554 umquam
565 2487 746 2541 antea
780 2487 901 2540 tam
938 2479 1170 2555 tenuis,-
1213 2489 1335 2542 tam
1378 2499 1569 2557 parva
1606 2482 1809 2543 insula
1842 2479 1951 2543 suit
1984 2495 2143 2554 quae
2170 2495 2295 2539 non

215 2569 452 2638 portus
483 2579 632 2624 suos
667 2570 729 2624 et
767 2579 950 2638 agros
981 2569 1042 2624 et
1072 2562 1338 2638 aliquam
1372 2573 1603 2640 partem
1630 2563 1901 2639 regionis
1931 2569 2115 2638 atque
2150 2577 2296 2622 orae

237 2642 570 2708 maritimae
600 2661 712 2722 per
737 2663 809 2708 se
836 2645 976 2722 ipsa
1004 2647 1403 2709 defenderet?
1452 2649 1536 2710 At
1562 2647 1819 2710 hercule·
1838 2645 2073 2721 aliquot
2098 2660 2295 2705 annos

237 2726 560 2790 continuos
590 2735 730 2789 ante
759 2730 955 2806 legem
987 2728 1303 2790 Gabiniam
1331 2731 1433 2790 ille
1463 2731 1729 2806 populus
1757 2731 2093 2802 Romanus,
2118 2726 2293 2788 cuius

235 2827 436 2886 usque
476 2811 556 2872 ad
596 2820 867 2874 nostram
895 2812 1249 2874 memoriam
1280 2829 1501 2874 nomen
1544 2812 1833 2876 invictum
1872 2811 1935 2875 in
1976 2808 2295 2871 navalibus

236 2891 458 2970 pugnis
482 2894 898 2971 permanserit,
925 2912 1145 2972 magna
1165 2913 1239 2958 ac
1262 2897 1448 2958 multo
1480 2895 1743 2958 maxima
1772 2902 1943 2972 parte
1964 2911 2089 2955 non
2110 2894 2296 2953 modo

236 2973 539 3050 utilitatis,
577 2979 690 3040 sed
719 2977 1024 3055 dignitatis
1057 2987 1244 3056 atque
1271 2977 1510 3055 imperii
1538 2978 1760 3042 caruitae
1815 2977 1917 3042 55.
1959 2991 2106 3049 1108,
2144 2992 2297 3051 quo·

233 3075 370 3122 rum
387 3057 653 3122 maiores
671 3060 1040 3124 Antiochum
1061 3079 1267 3138 regem
1290 3063 1491 3126 classe
1515 3063 1870 3136 Persenque⁴
1912 3066 2297 3136 superarunt,

237 3141 644 3219 omnibusque
683 3143 1000 3206 navalibus
1045 3143 1267 3220 pugnis
1294 3143 1867 3220 Karthaginienses,
1910 3141 2189 3204 homines
2234 3139 2298 3200 in

236 3225 550 3288 maritimis
576 3226 762 3288 rebus
803 3225 1343 3289 exercitatissimos
1384 3224 1961 3304 paratissimosque,
2001 3225 2299 3299 vicerunt,

237 3305 280 3367 ii
309 3310 476 3370 nullo
505 3308 566 3370 in
595 3309 737 3370 loco
765 3306 886 3368 iam
907 3311 1324 3385 praedonibus
1352 3316 1539 3386 pares
1566 3325 1711 3370 esse
1733 3317 2117 3384 poteramus=
2158 3321 2297 3379 nos,

241 3387 346 3464 qui
385 3400 565 3452 antea
603 3407 724 3453 non
759 3391 948 3454 modo
990 3391 1222 3454 ltaliam
1252 3399 1439 3455 tutam
1478 3390 1887 3466 habebamus,
1934 3390 2050 3452 sed
2086 3403 2301 3450 omnes
