2459 3817
235 118 385 197 ’(142
754 124 827 183 lN
860 124 923 183 C.
952 124 1278 184 VERREM
1306 124 1472 183 ACT.
1507 125 1577 183 11.
1607 125 1750 187 LlB.
1780 125 1856 184 V.

268 273 591 351 quisquam
644 273 925 349 aspicere
972 280 1227 348 posset?
1296 272 1584 335 Homines
1636 273 1912 336 maritimi
1960 274 2311 353 SyracusiS,

266 358 372 434 qui
406 374 596 433 saepe
618 357 806 427 ,istius
852 356 1027 418 ducis
1071 372 1292 418 nomen
1331 356 1676 430 audissent,
1717 372 1906 433 saepe
1949 355 2310 433 timuissent,

268 456 455 516 quum
486 440 619 501 eius
648 439 921 501 cruciatu
946 448 1133 515 atque
1164 438 1466 514 supplicio
1497 455 1754 514 pascere
1777 442 1994 503 oculos
2015 440 2308 515 animum-

266 540 390 597 que
420 531 775 584 exsaturare
801 523 1043 593 ·vellent,
1076 530 1352 597 potestas
1381 519 1718 597 aspiciendi
1749 522 1974 583 nemini
2008 524 2166 585 facta
2193 532 2306 585 est.

264 607 362 668 66.
413 606 585 666 Unus
630 608 835 681 plures
882 606 1258 681 praedonum
1301 606 1492 665 duces
1523 604 1697 666 vivos
1727 604 1890 681 cepit
1917 606 1982 665 Ρ.
2011 606 2308 668 Servilius

266 706 445 764 quam
488 705 700 749 omnes
739 697 947 749 ‚antean
1008 688 1331 763 ecquando
1373 687 1551 762 igitur
1590 688 1722 750 isto·
1753 690 1949 751 fructu
1983 689 2305 765 quisquam

264 771 487 844 caruit,
530 779 596 832 ut
637 770 847 833 videre
887 773 1137 846 piratam
1180 778 1426 845 captum
1472 786 1594 833 non
1635 772 1888 835 liceret?
1954 774 2034 833 At
2074 780 2305 845 contra,

264 869 648 929 quacumque
669 854 783 915 iter
806 853 965 927 feeit,
995 853 1113 916 hoc
1142 852 1647 918 iucundissimum
1675 856 2093 930 spectaculum
2116 853 2306 931 omni-

264 938 379 997 bus
420 936 775 997 vinctorum.
798 945 1240 1011 captorumque
1281 936 1543 1000 hostium
1585 937 1939 1013 praebebat.
1992 938 2205 1015 Itaque
2247 934 2304 997 ei

264 1034 601 1081 concursus
631 1020 858 1083 fiebant
882 1019 1188 1095 undique,
1214 1028 1281 1081 ut
1313 1036 1433 1081 non
1465 1021 1647 1081 modo
1677 1038 1753 1085 ex
1782 1019 1858 1083 iis
1887 1018 2153 1096 oppidis,
2183 1036 2308 1095 qua

266 1103 665 1175 ducebantur,
706 1104 821 1163 sed
860 1100 1039 1163 etiam
1084 1118 1165 1163 ex
1204 1102 1477 1166 finitimis
1513 1102 1752 1165 visendi
1793 1118 1984 1165 causa
2015 1101 2302 1165 conveni·

264 1194 412 1247 rent.
478 1186 619 1260 Ipse
659 1194 857 1247 autem
904 1184 1242 1261 triumphus
1289 1201 1472 1261 quam
1515 1187 1598 1247 ob
1644 1203 1772 1247 rem
1801 1185 2069 1247 omnium
2101 1185 2311 1247 trium·

263 1268 519 1344 phorum
564 1268 945 1343 gratissimus
991 1270 1217 1343 populo
1249 1270 1524 1331 Romano
1565 1268 1672 1331 ruit
1698 1278 1759 1333 et
1787 1267 2307 1331 iucundissimus?

262 1350 415 1425 Quia
454 1350 599 1411 nihil
642 1360 739 1412 est
780 1350 1031 1414 victoria
1074 1350 1340 1423 dulcius,
1393 1353 1618 1411 nullum
1657 1359 1754 1413 est
1793 1360 1993 1414 autem
2037 1350 2299 1413 testimo·

263 1432 427 1493 nium
470 1432 760 1493 victoriae
798 1435 1021 1495 certius
1072 1450 1284 1509 quam,
1331 1450 1490 1509 quos
1525 1450 1713 1509 saepe
1742 1434 2061 1509 metueris,
2102 1450 2212 1494 eos
2248 1441 2302 1493 te

260 1514 499 1577 vinctos
528 1516 608 1575 ad
636 1515 1000 1591 supplicium
1030 1515 1171 1577 duci
1200 1516 1428 1579 videre.
1472 1514 1572 1579 67.
1602 1518 1734 1577 Hoc
1765 1526 1827 1579 tu
1855 1534 2042 1593 quam
2068 1517 2148 1577 ob
2178 1532 2298 1576 ren·-

262 1613 384 1658 non
429 1596 667 1659 fecisti?
737 1615 919 1673 quam
963 1600 1045 1662 ob
1080 1616 1208 1659 rem
1255 1598 1338 1661 ita
1381 1600 1574 1676 pirata
1622 1598 1740 1661 iste
1794 1602 2130 1662 occultatus
2189 1607 2301 1669 est,

261 1680 437 1757 quasi
468 1696 607 1743 eum
638 1680 837 1757 aspici
865 1683 1039 1743 nefas
1070 1690 1281 1745 esset?
1315 1699 1498 1758 quam
1526 1683 1607 1745 ob
1632 1698 1759 1744 rem
1789 1682 2154 1759 supplicium
2182 1696 2304 1741 non

261 1763 618 1839 sumpsisti?
658 1781 841 1840 quam
879 1767 961 1828 ob
1000 1782 1250 1827 causam
1291 1765 1591 1827 hominem
1635 1764 2005 1827 reservasti?
2045 1779 2304 1839 ecquem

262 1847 386 1909 scis
408 1846 472 1907 in
486 1846 690 1909 Sicilia
709 1858 889 1910 antea
920 1858 1161 1925 captum
1188 1846 1614 1924 archipiratam
1646 1848 1752 1923 qui
1783 1864 1906 1912 non
1937 1845 2137 1908 securi
2171 1862 2304 1921 per·

262 1946 485 1992 cussus
514 1929 637 1991 sit?
677 1931 876 1993 Unum
905 1933 1061 1993 cedo
1094 1942 1404 1993 auctorem
1435 1930 1519 1993 tui
1555 1930 1724 1993 raetia
1754 1929 1938 1991 unius
1971 1930 2177 2005 profer
2200 1944 2303 1988 ex-

266 2014 545 2087 emplum.
575 2012 799 2074 Vivum
832 2023 897 2076 tu
922 2013 1347 2090 archipiratam
1401 2015 1727 2075 servabast
1757 2021 1926 2089 quo?
1961 2014 2075 2075 Per
2100 2012 2302 2071 trium-

266 2095 465 2172 phum,
500 2096 705 2167 crede,
740 2114 922 2171 quem
956 2105 1093 2158 ante
1125 2113 1366 2157 currum
1397 2104 1561 2157 tuum
1583 2097 1861 2158 duceres.
1911 2096 2122 2170 Neque
2145 2094 2304 2155 enim
2457 2136 2459 2178 Ι

262 2178 595 2252 quidquam
623 2188 753 2240 erat
781 2180 1099 2254 reliquum,
1132 2177 1250 2239 nisi
1277 2176 1384 2251 uti,
1416 2180 1616 2239 classe
1650 2179 1858 2254 populi
1887 2176 2142 2239 Romani
2171 2179 2302 2253 pul·
2453 2192 2458 2275 Λ

262 2258 559 2321 cherrima
596 2258 826 2323 amissa
858 2259 1296 2335 provinciaque
1339 2262 1629 2335 lacerata,
1673 2260 2008 2337 triumphus
2053 2260 2159 2321 tibi
2199 2276 2302 2319 na·

264 2343 415 2405 valis
448 2345 891 2405 decerneretur.
2449 2280 2456 2419 ἐ

426 2426 665 2485 XXVII.
726 2427 828 2487 68.
885 2428 1019 2501 Age
1058 2441 1272 2500 porro,
1320 2424 1610 2487 custodiri
1658 2426 1876 2487 ducem
1927 2428 2299 2503 praedonum

265 2525 425 2570 novo
462 2525 630 2569 more
671 2525 861 2583 quam.
896 2506 1097 2569 securi
1141 2506 1302 2567 feriri
1345 2508 1608 2567 omnium
1639 2511 1920 2584 exemplo
1949 2510 2138 2583 magis
2173 2509 2299 2583 pla-

266 2591 404 2653 cuit.
459 2591 625 2664 Quae
650 2601 793 2653 sunt
819 2589 973 2653 istae
1002 2588 1363 2652 custodiae?
1389 2590 1554 2665 apud
1585 2607 1741 2663 quos
1768 2590 2090 2654 homines?
2119 2608 2303 2665 quem

262 2673 339 2733 ad
372 2674 614 2733 modum
646 2682 742 2736 est
770 2674 1173 2735 adservatus?
1233 2671 1579 2733 Lautumias
1621 2672 2041 2752 Syracusanas
2089 2689 2303 2735 omnes

263 2754 549 2817 audistis:
583 2755 858 2832 plerique
876 2754 1090 2818 nostis.
1117 2754 1287 2830 Opus
1309 2762 1403 2815 est
1425 2753 2073 2832 ingens‚magniflcum‚
2095 2772 2306 2832 regum

256 2856 329 2901 ac
360 2849 790 2917 tyrannorum:
834 2846 1033 2905 totum
1062 2846 1159 2901 est
1186 2854 1262 2898 ex
1293 2854 1446 2900 saxo
1478 2840 1538 2899 in
1569 2837 1904 2899 mirandam
1936 2834 2317 2903 altitudmem

254 2924 559 2996 depresso
587 2931 647 2985 et
672 2925 1003 2985 multorum
1032 2920 1239 2997 operis
1270 2921 1514 2997 penitus
1544 2923 1786 2986 exciso:
1818 2920 1964 2981 nihil
2001 2934 2124 2988 tam
2156 2925 2319 2983 clau-

254 3024 389 3067 sum
422 3007 501 3066 ad
533 3005 789 3077 exitum,
819 3002 965 3064 nihil
1002 3011 1121 3063 tam
1151 3009 1425 3074 saeptum
1455 3000 1749 3076 undique,
1781 3000 1922 3058 nihil
1957 3007 2074 3061 tam
2108 3005 2298 3057 tutum

254 3091 333 3150 ad
362 3087 701 3151 custodiam
725 3104 839 3148 nec
868 3084 999 3147 fieri
1031 3099 1145 3144 nec
1174 3081 1424 3157 cogitari
1454 3092 1670 3157 potest.
1715 3082 1779 3141 ln
1808 3081 1920 3141 has
1954 3080 2295 3152 lautumiaS‚

258 3170 311 3233 si
356 3170 459 3247 qui
500 3169 743 3247 publice
784 3164 1170 3231 custodiendi
1208 3172 1379 3235 sunt,
1427 3165 1604 3225 etiam
1647 3182 1724 3226 ex
1758 3163 2014 3227 caeteris
2049 3159 2298 3236 oppidis
2435 3170 2437 3226 Ι

259 3253 501 3315 Siciliae
536 3250 757 3315 deduci
788 3253 1174 3328 imperantur.
1218 3247 1318 3309 69.
1343 3247 1430 3307 Eo
1468 3248 1632 3323 quod
1663 3248 1880 3307 multos
1912 3246 2190 3321 captivos
2215 3244 2305 3303 ci·
2430 3252 2435 3322 j

266 3348 371 3397 ves
387 3338 696 3398 Romanos
720 3334 1080 3409 coniecerat,
1111 3331 1277 3408 quod
1307 3330 1522 3392 eodem
1553 3337 1823 3390 caeteros
1854 3327 2081 3407 piratas
2115 3324 2296 3387 condi
2431 3330 2433 3333 ⁴
