2459 3817
284 125 366 189 70
759 122 835 180 nv
870 122 932 183 c.
967 100 1292 182 VERREM
1320 120 1483 181 Ac'r.
1520 118 1894 180 11.L113.1v.

287 270 432 347 quid
475 284 719 343 gravius
758 270 818 329 in
859 270 1073 329 Heium
1120 268 1406 330 statuisse
1452 270 1869 330 Mamertinos:
1926 285 2107 343 quam
2145 278 2321 343 putas

286 350 699 412 auctoritatem
728 351 1090 412 laudationis
1132 368 1341 411 eorum
1382 354 1664 422 futuram,
1712 350 1766 411 si
1818 352 1878 419 in
1923 368 2089 423 eum,
2146 366 2321 424 quem

287 441 523 494 constet
552 448 759 493 verum
788 449 898 508 pro
923 432 1266 495 testimonio
1289 432 1550 506 dixisse,
1580 449 1837 507 poenam
1870 432 2324 494 constituerint?

285 514 546 576 Tametsi
577 532 734 589 quae
775 523 869 575 est
899 516 1016 575 ista
1047 516 1339 588 laudatio,
1384 533 1565 590 quum
1607 516 1884 575 laudator
1924 515 2321 589 interrogatus

290 598 490 657 laedat
534 613 794 657 necesse
833 604 964 657 est?
1021 598 1214 670 Quid?
1259 596 1359 656 isti
1398 598 1743 659 laudatores
1784 596 1868 658 tui
1906 612 2107 658 nonne
2136 605 2320 657 testes

287 680 404 739 mei
434 685 613 739 sunt?
660 680 848 741 Heius
882 688 975 739 est
1003 680 1306 741 laudatorz
1350 680 1525 739 laesit
1550 678 1929 753 gravissime.
1991 679 2320 739 Producam

289 769 594 822 caeteros=
625 761 964 821 reticebunt
992 777 1149 836 quae
1184 768 1465 836 poterunt
1497 762 1769 833 libenter,
1806 762 2006 821 dicent
2035 776 2191 834 quae
2218 778 2319 819 ne-

291 860 470 904 cesse
510 842 622 903 erit
666 843 934 918 ingratis.
998 844 1228 917 Negent
1269 842 1365 903 isti
1400 842 1733 903 onerariam
1762 860 1975 903 navem
2008 842 2321 901 maximam

287 926 664 985 aedificatam
694 941 836 985 esse
863 926 1226 985 Messanae?
1262 934 1511 998 negent,
1554 926 1607 983 si
1650 934 1928 1000 possunt.
1992 926 2223 999 Negent
2266 923 2321 983 ei

289 1007 429 1066 navi
463 1016 803 1067 senatorem
829 1006 1249 1068 Mamertinum
1276 1007 1517 1081 publice
1552 1007 1935 1081 praefuisse?
1967 1008 2189 1068 utinam
2218 1022 2319 1065 ne·

293 1098 462 1164 gent!
530 1088 682 1148 Sunt
710 1089 887 1149 etiam
919 1097 1184 1162 caetera,
1223 1104 1382 1163 quae
1410 1090 1565 1149 malo
1597 1089 1827 1164 integra
1868 1105 2213 1160 reservare,
2257 1096 2321 1147 ut

292 1188 472 1246 quam
493 1170 799 1230 minimum
821 1172 958 1231 dem
979 1171 1095 1230 illis
1124 1170 1415 1245 temporis
1438 1172 1517 1229 ad
1538 1171 1946 1231 meditandum
1968 1171 2320 1232 confirman-

293 1254 558 1335 dumque
595 1252 940 1327 periurium.
985 1252 1086 1314 20.
1127 1253 1294 1313 Haec
1335 1253 1440 1313 tibi
1469 1252 1731 1314 laudatio
1773 1254 2067 1327 procedat
2109 1252 2167 1311 in
2212 1270 2319 1311 nu-

289 1352 548 1395 merum=
579 1334 639 1394 hi
667 1344 725 1395 te
757 1335 1033 1395 homines
1059 1335 1417 1401 auctoritate
1447 1353 1558 1396 sua
1596 1335 1947 1409 sublevent,
1993 1335 2094 1410 qui
2128 1342 2185 1394 te
2217 1350 2318 1393 ne-

292 1431 410 1490 que
451 1417 675 1476 debent
713 1416 1034 1489 adiuvare,
1076 1418 1127 1475 si
1170 1418 1439 1491 possint,
1478 1432 1676 1491 neque
1704 1425 1991 1491 possunt,
2030 1417 2083 1477 si
2123 1416 2322 1490 velint,

294 1497 514 1571 quibus
545 1505 607 1556 tu
636 1496 912 1571 privatim
945 1497 1192 1559 iniurias
1242 1497 1529 1573 plurimas
1576 1499 2091 1573 contumeliasque
2133 1500 2321 1573 impo-

291 1577 495 1651 suisti,
535 1596 652 1653 quo
683 1580 741 1638 in
773 1580 998 1655 oppido
1039 1581 1254 1641 multas
1283 1580 1536 1641 familias
1567 1589 1725 1642 totas
1759 1581 1819 1641 in
1850 1590 2205 1655 perpetuum
2233 1579 2321 1639 in-

293 1664 484 1737 fames
520 1661 638 1720 tuis
667 1663 890 1736 stupris
922 1661 1289 1737 flagitiisque
1320 1662 1533 1723 fecisti.
1596 1652 1679 1723 A]
1705 1664 1946 1738 publice
1978 1662 2321 1723 commoda-

291 1744 387 1805 sti.
448 1743 579 1827 Non
611 1744 743 1805 sine
771 1760 988 1819 magno
1022 1744 1266 1819 quidem
1292 1743 1381 1805 rei
1409 1745 1686 1819 publicae
1727 1745 2199 1820 provinciaeque
2229 1743 2322 1803 Si-

291 1825 464 1885 ciliae
507 1826 880 1888 detrimento.
954 1827 1154 1888 Tritici
1201 1827 1467 1888 modium
1514 1843 1591 1885 Lx
1637 1826 1798 1887 milia
1848 1836 2047 1901 empta
2091 1826 2321 1901 populo

293 1906 562 1967 Romano
593 1910 736 1969 dare
763 1909 1060 1969 debebant
1089 1919 1150 1969 et
1169 1909 1463 1982 solebant,
1493 1910 1602 1991 abs
1631 1917 1691 1969 te
1713 1911 1846 1969 solo
1867 1908 2189 1969 remissum
2210 1916 2322 1967 est.

291 1990 414 2063 Res
446 1990 684 2062 publica
722 1990 1138 2050 detrimentum
1183 1991 1351 2063 fecit,
1396 1992 1562 2065 quod
1599 2007 1709 2065 per
1748 1999 1807 2050 te
1848 1990 2081 2064 imperii
2125 1990 2221 2049 ius
2259 1987 2320 2047 in

276 2086 416 2130 una
466 2070 702 2130 civitate
751 2071 1119 2132 imminutum
1177 2082 1298 2133 est=
1358 2072 1573 2144 Siculi,
1626 2073 1793 2147 quod
1841 2071 2041 2145 ipsum
2084 2088 2204 2132 non
2244 2071 2323 2129 de

295 2168 527 2214 summa
557 2152 835 2213 frumenti
869 2153 1195 2213 detractum
1229 2164 1342 2227 est,
1374 2154 1488 2213 sed
1520 2154 1869 2213 translatum
1898 2153 1955 2212 in
1990 2151 2320 2225 Centuripi-

293 2250 408 2295 nos
439 2244 498 2296 et
518 2233 906 2307 HalaesinoS,
935 2234 1230 2295 immunes
1266 2236 1548 2310 populos,
1583 2244 1643 2296 et
1670 2236 1787 2297 hoc
1816 2235 1953 2310 plus
1974 2234 2323 2310 impositum

279 2328 466 2407 guam
501 2314 661 2372 ferre
687 2323 962 2388 possent.
1019 2316 1122 2376 21.
1165 2321 1393 2393 Navem
1420 2320 1722 2395 imperare
1752 2339 1831 2382 ex
1862 2324 2115 2384 foedere
2145 2324 2308 2384 debu

277 2400 409 2452 isti:
461 2394 746 2455 remisisti
784 2396 845 2457 in
876 2398 1226 2461 triennium:
1276 2401 1519 2463 militem
1561 2406 1791 2464 nullum
1820 2422 2107 2479 umquam
2136 2422 2323 2480 popo·

283 2479 454 2535 scisti
485 2494 598 2550 per,
621 2486 708 2540 tot
735 2498 948 2544 annos.
1009 2488 1230 2550 Fecisti
1258 2490 1429 2563 item,
1474 2501 1540 2554 ut
1569 2498 1911 2569 praedones
1943 2502 2168 2562 solent=
2208 2502 2312 2577 qui

284 2574 470 2651 quum
500 2558 706 2657 hostes
737 2579 1084 2629 communes
1121 2571 1241 2633 sint
1263 2574 1545 2646 omnium,
1580 2585 1777 2639 tamen
1806 2581 2045 2655 aliquos
2074 2584 2188 2643 sibi
2224 2583 2312 2642 in-

281 2646 532 2700 stituunt
575 2658 831 2719 amicos,
887 2650 1105 2721 quibus
1161 2670 1283 2715 non
1317 2658 1497 2717 modo
1540 2672 1818 2733 parcant,
1874 2680 2080 2723 verum
2130 2665 2312 2725 etiam

279 2723 508 2794 praeda
545 2741 698 2800 quos
733 2738 1009 2804 augeant,
1044 2743 1104 2794 et
1130 2752 1239 2796 eos
1272 2739 1561 2812 maxime,
1606 2741 1709 2815 qui
1750 2742 1973 2806 habent
2014 2746 2311 2821 oppidum

279 2814 620 2877 opportuno
677 2810 848 2904 loco,
917 2831 1038 2887 quo
1089 2832 1279 2891 saepe
1326 2820 1669 2883 adeundum
1718 2823 1796 2885 sit
1844 2827 2128 2899 navibus,
2186 2845 2311 2888 non

277 2902 602 2961 numquam
646 2899 823 2951 etiam
864 2900 1228 2958 necessario.
1289 2901 1360 2959 X.
1420 2903 1691 2965 Phaselis
1732 2905 1861 2979 illa,
1916 2926 2095 2983 quam
2148 2910 2313 2984 cepit

273 2967 335 3025 P.
369 2967 692 3064 Sei-filius,
734 2989 853 3033 non
894 2976 1087 3037 fuerat
1127 2981 1269 3039 urbs
1310 2992 1485 3043 antea
1516 2986 1761 3047 Cilicum
1802 2998 1862 3050 et
1896 2992 2306 3065 praedonum:

273 3050 443 3145 Lycu
489 3054 680 3146 illam,
731 3054 943 3115 Graeci
989 3058 1295 3133 homineS,
1346 3063 1705 3128 incolebant.
1781 3070 1905 3131 Sed
1961 3073 2127 3147 quod
2176 3082 2311 3133 erat

275 3147 406 3190 e1us
442 3134 606 3191 modi
636 3134 770 3193 loco
800 3144 982 3209 atque
1015 3140 1095 3199 ita
1125 3142 1394 3214 proiecta
1420 3144 1482 3205 in
1508 3149 1708 3221 altum,
1755 3160 1819 3212 ut
1846 3164 1905 3212 et
1932 3164 2228 3215 exeuntes
2272 3171 2309 3215 e

273 3210 477 3270 Cilicia
517 3215 860 3309 praedones
899 3234 1087 3293 saepe
1122 3224 1199 3282 ad
1243 3240 1373 3284 eam
1405 3232 1751 3293 necessario
1788 3235 2170 3311 devenirent,
2221 3246 2309 3311 et,

273 3306 454 3362 quum
483 3308 553 3351 se
582 3310 660 3353 ex
693 3295 860 3357 hisce
887 3299 1039 3360 locis
1069 3304 1438 3379 reciperent,
1467 3313 1683 3373 eodem
1713 3314 2110 3390 deferrentur,
2138 3320 2301 3381 asci-
