2459 3817
224 80 311 145 24
569 78 717 140 PRO
748 78 914 139 SEX.
940 74 1216 138 Roscio
1252 75 1601 137 AMERINO
1634 74 1937 137 ORATIO.

236 233 314 292 ab
341 227 690 291 innocentia
731 224 1268 298 clementissimus,
1306 234 1505 286 tamen
1546 224 1723 285 facile
1764 241 1860 285 me
1901 233 2143 300 paterer
2186 228 2295 286 ve}

233 316 338 375 tllo
366 313 506 389 ipso
536 310 828 372 acerrimo
860 309 1063 371 iudice
1093 317 1421 382 quaerente
1451 310 1547 367 vel
1576 309 1741 383 apud
1770 305 2100 368 Cassianos
2129 306 2295 369 iudi-

237 412 372 469 ceS,
405 410 662 470 quorum
691 393 870 455 etiam
899 390 1147 465 nuncii,
1177 390 1398 466 quibus
1422 406 1611 451 causa
1633 389 1892 451 dicenda
1920 397 2033 463 est,
2062 406 2294 449 nomen

237 480 434 553 ipsum
457 475 880 548 reformidant,
923 491 1036 549 pro
1073 472 1216 533 Sex.
1246 472 1475 535 Roscio
1507 472 1731 533 dicere.
1793 472 2001 531 XXXI.
2050 470 2151 532 86.
2220 473 2295 531 ln

235 560 353 620 hac
376 558 535 620 enim
568 574 754 619 causa
786 566 978 633 quum
1009 554 1286 617 viderent
1325 554 1464 615 illos
1495 552 1931 629 amplissimam
1958 555 2291 628 pecuniam

234 643 588 717 possidere,
633 640 795 700 hunc
836 640 898 699 in
943 655 1180 701 summa
1215 636 1600 697 mendicitate
1642 650 1813 709 esse,
1850 636 1998 695 illud
2040 635 2298 710 quidem,

235 740 361 785 non
390 729 779 799 quaererent,
812 721 908 781 cui
935 722 1102 781 bono
1128 719 1377 792 fuisset,
1410 720 1539 793 sed,
1574 733 1647 778 eo
1678 717 2026 793 perspicuo,
2058 717 2291 777 crimen

238 815 298 867 et
347 804 763 881 suspicionem
808 802 1015 879 potius
1057 802 1137 861 ad
1184 801 1476 875 praedam
1525 800 1925 874 adiungerent
1975 816 2156 874 quam
2208 801 2293 860 ad

238 896 588 962 egestatem.
649 886 832 959 Quid,
882 884 936 945 si
963 883 1200 943 accedit
1229 883 1447 944 eodem
1488 889 1554 942 ut
1592 881 1791 943 tenuis
1835 890 2014 943 antea
2056 881 2247 942 fueris
2262 889 2296 940 v·

239 967 418 1045 quid,
471 968 526 1029 si
558 975 625 1028 ut
657 973 923 1027 avarus?
974 964 1151 1040 quid,
1207 964 1263 1025 si
1293 972 1359 1025 ut
1387 965 1631 1024 audax?
1674 963 1851 1039 quid,
1896 964 1949 1023 si
1988 972 2053 1023 ut
2090 962 2289 1037 iuius,

239 1056 342 1131 qui
365 1054 611 1115 occisus
637 1059 750 1123 est,
762 1047 1255 1111 inimicissimus?
1278 1060 1422 1105 num
1441 1043 1791 1118 quaerenda
1814 1056 2019 1134 causa,
2034 1052 2196 1113 quae
2218 1046 2285 1097 te

239 1140 316 1198 ad
333 1144 569 1197 tantum
590 1133 828 1197 facinus
841 1130 1202 1193 adduxerit?
1227 1126 1381 1201 Quid
1405 1142 1552 1201 ergo
1576 1127 1789 1186 horum
1803 1138 2011 1199 negari
2033 1120 2283 1195 potest?
2312 1130 2319 1135 ·

234 1216 520 1277 Tenuitas
556 1214 818 1275 hominis
867 1216 1000 1277 eius
1043 1216 1205 1275 modi
1242 1223 1368 1287 est,
1416 1221 1483 1274 ut
1528 1212 1894 1274 dissimulari
1922 1228 2043 1273 non
2076 1224 2285 1289 queat,

235 1306 418 1373 atque
451 1315 525 1359 eo
563 1295 757 1371 magis
816 1296 1044 1373 elucet,
1101 1314 1223 1371 quo
1260 1297 1453 1370 magis
1496 1298 1847 1357 occultatur.
1904 1294 2006 1358 87.
2066 1297 2286 1355 Avari-

236 1380 375 1440 tiam
407 1381 714 1453 praefers,
747 1382 849 1452 qul
887 1378 1239 1439 societatem
1273 1377 1493 1438 coieris
1522 1378 1601 1437 de
1642 1376 1963 1453 municipis
2008 1377 2280 1453 cognati·

239 1478 360 1537 que
384 1458 641 1520 fortunis
665 1476 801 1520 cum
830 1458 1224 1520 alienissimo.
1292 1458 1481 1533 Quam
1514 1461 1599 1521 sis
1630 1461 1864 1532 audaX,
1892 1468 1957 1519 ut
1984 1459 2104 1521 alia
2132 1459 2284 1521 obli-

235 1543 466 1615 viscar,
498 1541 639 1602 hinc
667 1558 878 1603 omnes
907 1540 1241 1617 intelligere
1284 1540 1639 1617 potuerunt,
1688 1544 1851 1617 q‘uod
1898 1558 1977 1601 ex
2024 1550 2155 1603 tota
2182 1558 2285 1602 so·

235 1624 482 1698 cietate,
526 1626 642 1685 hoc
689 1633 810 1697 est,
857 1641 936 1685 ex
979 1632 1067 1684 tot
1095 1624 1361 1696 sicariiS,
1406 1626 1576 1685 solus
1617 1633 1683 1685 tu
1722 1626 2003 1684 inventus
2034 1640 2134 1697 ea,
2178 1623 2283 1699 qui

236 1723 370 1767 cum
400 1708 859 1769 accusatoribus
890 1708 1142 1768 sederes
1169 1714 1356 1781 atque
1396 1723 1466 1768 os
1500 1716 1669 1767 tuum
1698 1724 1817 1767 non
1848 1706 2033 1768 modo
2078 1712 2283 1767 osten-

234 1790 444 1861 dereS,
483 1790 597 1851 sed
631 1789 810 1851 etiam
841 1788 1116 1851 offerres.
1199 1787 1550 1850 Inimicitias
1590 1789 1698 1849 tibi
1739 1788 1931 1849 ruisse
1969 1804 2105 1849 cum
2136 1787 2282 1847 Sex.

230 1872 455 1933 Roscio
486 1880 546 1933 et
584 1888 836 1946 magnas
867 1872 959 1933 rei
991 1869 1301 1931 familiaris
1344 1871 1796 1932 controversias
1825 1870 2131 1931 concedas
2176 1886 2281 1929 ne-

236 1969 417 2013 cesse
446 1961 558 2015 est.
627 1953 728 2015 88.
793 1956 1036 2027 Restat,
1063 1953 1333 2027 iudiceS‚
1364 1962 1429 2013 ut
1453 1953 1572 2014 hoc
1602 1952 1972 2026 dubitemus,
2002 1960 2139 2012 uter
2168 1968 2279 2025 po·

231 2033 352 2095 tius
383 2034 524 2093 Sex..
551 2034 844 2094 Roscium
879 2034 1198 2109 occiderit,
1239 2034 1325 2107 is,
1376 2035 1454 2095 ad
1497 2051 1676 2111 quem
1720 2042 1911 2095 morte
1955 2032 2088 2094 eius
2128 2033 2278 2095 divi·

232 2114 352 2176 tiae
379 2114 674 2190 venerint,
702 2132 779 2176 an
809 2116 883 2188 is,
914 2117 994 2176 ad
1026 2133 1205 2191 quem
1233 2116 1609 2191 mendicitas,
1642 2116 1715 2191 is,
1748 2116 1850 2191 qui
1878 2125 2057 2177 antea
2077 2116 2281 2176 tenuis

235 2197 440 2271 ruerit,
473 2214 550 2257 an
585 2196 672 2271 is,
709 2197 811 2272 qui
842 2205 1062 2271 postea
1090 2200 1285 2259 factus
1314 2198 1393 2259 sit
1420 2198 1881 2274 egentissimus,
1920 2198 2007 2271 is,
2052 2197 2157 2272 qui
2187 2214 2279 2257 ar-

236 2279 388 2339 dens
413 2278 664 2340 avaritia
693 2281 921 2341 feratur
941 2278 1200 2340 infestus
1236 2280 1296 2339 in
1329 2298 1509 2354 suoS,
1553 2298 1631 2342 an
1660 2282 1741 2354 is,
1792 2280 1895 2357 qui
1924 2296 2170 2354 semper
2198 2279 2281 2341 ita

233 2360 480 2435 vixerit,
509 2370 576 2423 ut
607 2370 929 2436 quaestum
956 2370 1168 2424 nosset
1197 2364 1456 2438 nullum,
1486 2365 1744 2425 fructum
1772 2372 1972 2425 autem
2006 2379 2145 2424 eum
2178 2378 2279 2423 so-

231 2444 384 2517 lum,
416 2461 598 2519 quem
627 2446 836 2505 labore
861 2443 1232 2520 peperisset,
1264 2444 1349 2519 is,
1393 2445 1497 2521 qui
1538 2447 1802 2507 omnium
1831 2453 2139 2522 sectorum
2173 2462 2278 2506 au-

235 2525 602 2586 dacissimus
637 2526 743 2599 sit,
775 2543 852 2587 an
889 2526 974 2601 is,
1005 2526 1110 2604 qui
1139 2535 1391 2603 propter
1430 2527 1545 2589 fori
1590 2528 2069 2604 iudiciorumque
2110 2527 2279 2588 inso-

233 2606 476 2667 lentiam
504 2624 626 2668 non
657 2608 838 2669 modo
872 2609 1195 2681 subsellia,
1225 2626 1434 2671 verum
1463 2610 1641 2671 etiam
1686 2610 1899 2671 urbem
1938 2609 2139 2685 ipsam
2183 2626 2253 2669 re

232 2688 543 2763 formidet,
573 2698 917 2766 postremo,
951 2691 1218 2766 iudiceS,
1258 2692 1320 2752 id
1347 2694 1509 2768 quod
1542 2694 1619 2753 ad
1650 2710 1779 2753 rem
1808 2708 1945 2752 mea
1974 2691 2278 2752 sententia

233 2772 492 2831 maxime
537 2772 826 2849 pertinet,
872 2782 1070 2835 utrum
1115 2774 1396 2836 inimicus
1432 2773 1637 2850 potius
1672 2792 1750 2835 an
1796 2774 1977 2835 filius.
2038 2774 2275 2833 XXXII.

231 2852 334 2913 89.
369 2854 536 2931 Haec
557 2862 639 2929 tu,
664 2854 864 2930 Eruci,
897 2864 985 2918 tot
1013 2866 1072 2919 et
1101 2866 1267 2918 tanta
1288 2855 1342 2917 si
1370 2864 1585 2917 nactus
1614 2872 1789 2917 esses
1818 2855 1879 2916 in
1912 2872 2052 2929 reo,
2093 2871 2278 2930 quam

232 2933 337 2995 diu
379 2934 648 2997 diceres!
705 2955 827 3013 quo
873 2947 932 3000 te
973 2942 1157 3001 modo
1197 2940 1490 3000 iactares!
1542 2941 1809 3014 Tempus
1896 2939 2143 2999 hercule
2217 2946 2277 2997 te

232 3016 410 3078 citius
443 3034 623 3094 quam
654 3020 846 3082 oratio
884 3022 1190 3083 deficeret.
1260 3021 1497 3082 Etenim
1521 3020 1581 3081 in
1614 3022 1872 3097 singulis
1910 3022 2095 3082 rebus
2139 3021 2278 3080 eius

231 3098 392 3161 modi
417 3100 696 3163 materies
722 3111 834 3177 est,
865 3110 932 3163 ut
953 3104 1086 3164 dies
1109 3102 1383 3178 singulos
1406 3103 1615 3179 possis
1638 3120 2017 3165 consumere.
2060 3103 2274 3179 Neque

231 3196 345 3255 ego
389 3200 508 3243 non
560 3200 848 3259 possum3
901 3201 1026 3245 non
1070 3183 1228 3245 enim
1263 3191 1491 3247 tantum
1534 3185 1677 3247 mihi
1716 3186 1979 3261 derogo,
2034 3182 2274 3245 tametsi

230 3262 375 3324 nihil
411 3266 643 3339 adrogo
662 3311 677 3338 ,
713 3275 779 3327 ut
806 3274 866 3327 te
897 3266 1210 3342 copiosius
1244 3284 1423 3343 quam
1463 3283 1560 3329 me
1587 3276 1794 3343 putem
1822 3274 2014 3345 'posse
2044 3266 2270 3328 dicere.
