2459 3817
253 142 386 208 220
730 142 808 202 IN
851 142 916 203 L.
963 141 1388 204 CATILINAM
1435 140 1720 202 ORATIO
1764 141 1839 203 11.

255 311 532 388 periculo
557 308 964 372 sustulissem.
1008 309 1069 369 4.
1095 306 1219 368 Sed
1246 325 1433 383 quum
1459 308 1731 368 viderem
1754 322 1833 366 ne
1857 303 2035 372 vobis
2061 303 2305 381 quidem

259 393 540 455 omnibus
567 410 634 454 re
659 394 839 454 etiam
864 400 989 452 tum
1003 391 1281 467 probata,
1306 391 1358 452 si
1373 391 1561 464 illurn,
1578 398 1647 453 ut
1670 397 1801 450 erat
1813 387 2087 466 meritus,
2109 399 2306 452 morte

256 480 646 551 multassem,
684 479 819 538 fore
851 482 920 537 ut
954 474 1084 536 eius
1122 473 1333 536 socios
1367 473 1595 536 invidia
1636 489 1979 551 oppressus
2014 475 2311 549 persequi

258 577 384 622 non
414 576 686 635 possem,
718 576 847 620 rem
875 559 995 619 huc
1026 557 1273 630 deduxi,
1302 564 1370 618 ut
1397 564 1525 621 tum
1554 555 2062 634 palam‘pugnare
2089 574 2307 633 posse-

257 644 356 717 tis,
385 660 572 718 quum
589 644 844 722 ,hostem
890 649 1105 717 aperte
1137 640 1448 702 videretis.
1533 643 1722 716 Quem
1764 640 2008 717 quidem
2047 656 2162 716 ego
2202 640 2309 701 ho-

262 734 451 801 stem,
495 726 789 802 Quirites,
831 741 1015 802 quam
1049 723 1444 785 vehementer
1474 725 1623 785 foris
1661 740 1803 786 esse
1834 723 2167 785 timendum
2201 741 2309 799 pu-

261 818 405 881 tem,
448 809 590 871 licet
630 810 769 871 hinc
813 808 1191 884 intelligatis,
1250 809 1418 882 quod
1449 807 1629 868 etiam
1667 807 1815 868 illud
1855 809 2115 867 moleste
2156 808 2307 880 fero,

265 893 435 970 quod
471 909 547 953 ex
576 893 730 954 urbe
769 908 985 968 parum
1017 891 1342 952 comitatus
1384 891 1616 953 exierit.
1687 891 1927 952 Utinam
1960 891 2061 949 ille
2094 905 2309 951 omnes

264 993 476 1038 secum
507 975 722 1053 copias
752 993 899 1038 suas
931 975 1279 1036 eduxisset!
1325 974 1665 1049 Tongilium
1688 973 1831 1034 mihi
1867 972 2093 1045 eduxit,
2128 989 2311 1047 quem

265 1075 472 1121 amare
503 1059 562 1119 in
592 1067 910 1136 praetexta
947 1065 1267 1133 coeperat,
1298 1057 1633 1118 Publicium
1671 1066 1733 1118 et
1760 1057 2126 1127 Munatium,
2158 1072 2308 1131 quo-

264 1161 398 1206 rum
431 1159 538 1203 aes
572 1143 834 1204 alienum
865 1147 1245 1203 contractum
1285 1139 1347 1200 in
1379 1140 1611 1216 popina
1650 1142 1881 1201 nullum
1910 1139 1998 1200 rei
2026 1139 2310 1214 publicae

265 1234 499 1289 motum
542 1227 785 1287 adferre
826 1232 1100 1302 poterat:
1145 1223 1393 1298 reliquit
1433 1241 1591 1298 quos
1633 1225 1835 1284 viros!
1893 1230 2124 1298 quanto
2168 1238 2312 1283 aere

267 1310 499 1371 alieno!
548 1325 731 1385 quam
775 1310 1083 1370 valentes!
1141 1324 1325 1382 quam
1355 1308 1622 1368 nobiles!
1696 1309 1796 1368 111.
1842 1307 1901 1364 5.
1944 1308 2159 1381 ltaque
2194 1321 2311 1382 ego

265 1392 437 1454 illum
462 1393 795 1452 exercitum
823 1399 885 1452 et
909 1391 1232 1451 Gallicanis
1258 1390 1597 1466 legionibus
1626 1396 1685 1449 et
1711 1389 1830 1451 hoc
1854 1389 2097 1463 dilectu,
2130 1405 2314 1464 quern

267 1473 331 1536 in
365 1491 513 1550 agro
547 1473 772 1535 Piceno
807 1483 867 1534 et
896 1473 1126 1533 Gallico
1170 1473 1238 1547 Ω.
1268 1473 1555 1534 Metellus
1590 1471 1832 1547 habuit,
1872 1480 1933 1533 et
1965 1472 2061 1532 his
2098 1471 2313 1548 copim,

273 1574 435 1634 quae
463 1573 501 1618 a
530 1557 709 1619 nobis
741 1557 967 1618 cotidie
997 1564 1460 1631 comparantur,
1490 1572 1711 1631 magno
1742 1571 1936 1632 opere
1965 1563 2315 1629 contemno,

273 1643 600 1702 collectum
630 1657 706 1700 ex
737 1640 988 1702 senibus
1022 1639 1399 1716 desperatiS,
1436 1655 1514 1700 ex
1543 1640 1771 1715 agresti
1800 1639 2073 1712 luxuria,
2110 1655 2189 1700 ex
2219 1657 2315 1699 ru-

273 1725 444 1786 sticis
477 1724 941 1796 decoctoribuS,
974 1739 1053 1783 ex
1084 1723 1176 1796 iis,
1209 1722 1313 1799 qui
1341 1723 1691 1784 vadimonia
1719 1724 2010 1783 deserere
2040 1739 2220 1797 quam
2252 1723 2317 1782 il-

271 1809 394 1871 lum
429 1806 764 1870 exercitum
802 1810 1176 1868 maluerunt:
1223 1805 1446 1882 quibus
1488 1822 1602 1882 ego
1651 1822 1774 1866 non
1806 1806 1991 1866 modo
2032 1805 2086 1864 si
2126 1806 2316 1866 aciem

275 1892 582 1954 exercitus
608 1891 818 1964 nostri,
842 1907 1052 1952 verum
1081 1890 1262 1951 etiam
1286 1889 1338 1950 si
1368 1890 1631 1951 edictum
1658 1888 1959 1964 praetoris
1986 1890 2318 1950 ostendero

277 1975 620 2036 concident.
678 1976 827 2048 Hos,
863 1991 1023 2050 quos
1057 1974 1241 2050 video
1275 1974 1535 2036 volitare
1564 1973 1623 2034 in
1663 1974 1817 2045 soro,
1848 1988 2008 2048 quos
2042 1979 2209 2032 stare
2236 1973 2317 2032 ad

279 2057 528 2130 curiam,
561 2074 721 2131 quos
753 2058 934 2117 etiam
963 2058 1021 2118 in
1049 2064 1330 2117 senatum
1364 2056 1590 2129 venire,
1624 2056 1729 2132 qui
1758 2056 1948 2116 nitent
1973 2055 2321 2128 unguentiS,

279 2139 384 2216 qui
417 2139 651 2215 fulgent
687 2156 976 2215 purpura,
1011 2143 1257 2199 mallem
1293 2156 1504 2200 secum
1540 2155 1689 2200 suos
1725 2140 1945 2201 milites
1971 2131 2320 2199 eduxisset:

279 2223 386 2299 qui
414 2222 467 2284 si
497 2222 594 2282 hic
634 2229 1023 2298 permanent,
1069 2229 1442 2282 mementote
1474 2238 1597 2283 non
1631 2230 1755 2282 tam
1791 2222 2123 2283 exercitum
2156 2222 2321 2284 illum

280 2323 422 2368 esse
451 2305 631 2368 nobis
673 2322 854 2380 quam
885 2307 1030 2378 hos,
1072 2303 1175 2378 qui
1205 2306 1538 2367 exercitum
1581 2308 2014 2378 deseruerunt,
2046 2305 2323 2381 pertime-

279 2391 572 2450 scendos.
644 2391 852 2462 Atque
889 2389 1009 2448 hoc
1045 2387 1224 2448 etiam
1261 2395 1407 2450 sunt
1442 2389 1693 2450 timendi
1726 2389 1935 2464 magis,
1973 2390 2141 2462 quod
2179 2365 2324 2463 quib

281 2473 552 2546 cogitent
573 2487 670 2531 me
699 2472 858 2532 scire
887 2471 1173 2555 sentiunt,
1199 2487 1405 2547 neque
1428 2481 1623 2534 tamen
1648 2477 2102 2547 permoventur.
2140 2474 2199 2531 6.
2221 2473 2324 2530 Vi-

281 2556 400 2615 deo
425 2555 523 2614 cui
545 2554 858 2630 sitApulia
881 2553 1186 2626 attributa,
1213 2556 1353 2628 quis
1375 2555 1595 2615 habeat
1610 2555 1927 2626 Etruriam,
1950 2557 2087 2628 quis
2112 2570 2329 2628 agrum

279 2636 596 2710 Picenum,
628 2638 764 2712 quis
797 2635 1118 2710 Gallicum,
1151 2636 1291 2712 quis
1322 2636 1435 2698 sibi
1466 2638 1579 2697 has
1607 2638 1875 2699 urbanas
1904 2635 2159 2699 insidias
2191 2652 2328 2698 cae-

283 2719 378 2780 dis
396 2726 584 2795 atque
601 2720 1018 2783 incendiorum
1043 2719 1509 2796 depoposcerit:
1544 2721 1745 2782 omnia
1767 2720 2103 2796 superioris
2128 2721 2329 2782 noctis

284 2802 539 2863 consilia
567 2805 645 2864 ad
687 2821 782 2866 me
813 2807 1016 2866 delata
1058 2819 1200 2865 esse
1229 2802 1527 2864 sentiunt:
1565 2804 1829 2880 patefeci
1873 2805 1932 2863 in
1974 2810 2196 2864 senatu
2225 2803 2329 2864 he-

284 2891 496 2946 sterno
526 2886 661 2948 die:
694 2889 946 2950 Catilina
972 2888 1108 2964 ipse
1137 2886 1476 2962 pertimuit,
1508 2887 1807 2962 profugit:
1840 2887 1901 2947 hi
1936 2885 2084 2961 quid
2108 2901 2333 2962 exspe-

284 2974 494 3028 ctant?
547 2970 637 3031 Ne
665 2969 749 3031 illi
793 2972 1187 3033 vehementer
1219 2977 1451 3044 errant,
1494 2971 1546 3030 si
1588 2970 1747 3031 illam
1781 2985 1980 3030 meam
2011 2969 2335 3045 pristinam

281 3051 590 3112 lenitatem
623 3061 978 3129 perpetuam
1011 3062 1265 3130 sperant
1294 3057 1576 3114 futuram.

451 3137 553 3196 IV.
597 3135 771 3208 Quod
798 3137 1174 3212 exspectavi,
1196 3137 1316 3198 iam
1334 3154 1471 3198 sum
1492 3137 1846 3210 adsecutus,
1877 3142 1946 3196 ut
1969 3151 2087 3196 vos
2113 3149 2335 3195 omncs

284 3219 507 3280 factam
539 3232 682 3278 esse
711 3227 925 3294 aperte
967 3219 1451 3282 coniurationem
1496 3227 1709 3281 contra
1748 3236 1877 3280 rem
1907 3219 2213 3295 publicam
2243 3216 2339 3276 vi-

285 3302 545 3362 deretis:
593 3301 710 3361 nisi
738 3317 888 3363 vero
921 3301 975 3362 si
1005 3301 1142 3378 quis
1175 3310 1272 3363 est
1301 3303 1404 3380 qui
1426 3302 1714 3366 Catilinae
1744 3301 1973 3364 similes
2006 3316 2143 3363 cum
2179 3299 2337 3360 Cati-

285 3383 410 3442 lina
421 3383 650 3446 sentire
673 3401 795 3445 non
807 3392 1000 3461 putet.
1042 3388 1174 3447 Non
1202 3393 1298 3447 est
1319 3388 1437 3448 iam
1458 3385 1686 3447 lenitati
1707 3389 1913 3448 locus:
1940 3384 2343 3445 severitatem
