2459 3817
799 256 804 261 ,
854 190 1016 247 cAr.
1051 196 1245 247 1—4.
1290 193 1340 252 s.
1372 194 1564 247 2--9.
1742 250 1751 259 ‚
2172 196 2215 261 3

151 354 356 412 posse
404 335 708 407 obtinere,
756 338 1038 396 damnato
1082 344 1145 395 et
1184 337 1381 395 eiecto
1420 344 1627 409 sperat
1672 352 1741 394 sc
1781 350 2004 409 posse,
2049 336 2217 410 qued

149 422 426 494 adeptus
471 429 567 479 est
613 434 725 493 per
772 419 1004 491 scelus,
1060 417 1125 476 id
1167 434 1279 491 per
1325 414 1621 477 luxuriam
1674 417 1991 477 effundere
2028 426 2217 492 atque

147 516 548 562 consumere.
613 502 788 560 Hunc
841 500 959 559 sibi
1013 515 1092 558 ex
1132 500 1335 559 animo
1379 502 1761 575 scrupulum,
1819 500 1923 574 qui
1964 516 2035 560 se
2080 501 2217 560 dies

145 594 504 658 noctesque
553 581 817 645 stimulat
860 598 932 642 ac
973 582 1215 657 pungit,
1268 590 1334 641 ut
1372 582 1663 656 evellatis
1690 586 1984 657 postulat,
2030 592 2097 642 ut
2134 584 2219 642 ad

145 670 320 725 hanc
362 682 535 725 suam
579 667 869 740 praedam
909 674 1032 725 tam
1073 663 1369 723 nefariam
1412 664 1723 725 adiutores
1764 681 1881 725 vos
1932 665 2217 738 profitea-

144 746 327 807 mini.
415 745 473 808 7.
519 747 585 807 Si
623 746 802 807 vobis
834 762 1034 821 aequa
1067 756 1130 807 et
1157 748 1419 807 honesta
1444 748 1776 821 postulatio
1808 746 2076 820 videtur,
2123 747 2215 807 iu-

145 830 364 902 diceS,
405 846 523 903 ego
577 838 792 889 contra-
829 831 1079 889 brevem
1122 829 1591 905 postulationem
1639 831 1853 889 adfero
1926 839 2018 900 et,
2060 846 2215 905 quo-

141 914 344 973 modo
392 912 538 971 mihi
581 914 956 986 persuadeo,
999 911 1309 985 aliquanto
1354 912 1725 985 aequiorem.
1810 912 1911 969 111.
1952 910 2216 973 Primum

144 1013 187 1053 a
226 994 631 1071 Chrysogono
662 1002 806 1068 pcto
835 1004 902 1054 ut
931 993 1194 1069 pecunia
1222 995 1604 1067 fortunisque
1632 994 1863 1054 nostris
1890 1002 2213 1055 contentus

145 1078 268 1146 sit,
316 1077 672 1151 sanguinem
714 1086 774 1137 et
814 1077 997 1137 vitam
1031 1092 1109 1135 ne
1139 1082 1303 1150 petat
1326 1098 1341 1129 ε
1386 1075 1611 1136 deinde
1640 1092 1679 1135 a
1708 1076 1916 1150 vobiS,
1958 1076 2213 1150 iudices,

147 1170 222 1218 ut
259 1159 584 1219 audacium
619 1160 836 1219 sceleri
869 1158 1199 1230 resistatis,
1244 1158 1656 1219 innocentium
1692 1157 2092 1219 calamitatem
2126 1160 2213 1218 le-

141 1240 321 1299 vetis
366 1249 427 1301 et
465 1240 527 1299 in
557 1256 746 1300 causa
775 1240 921 1301 Sex.
951 1240 1160 1300 Roscii
1192 1241 1526 1315 periculum
1544 1287 1558 1312 ,
1590 1240 1757 1314 quod
1785 1240 1845 1299 in
1882 1256 2095 1301 omnes
2120 1240 2213 1300 in-

141 1322 456 1393 tenditur,
489 1322 881 1397 propuisetis.
935 1320 995 1383 8.
1023 1321 1260 1397 Quodsi
1288 1331 1393 1383 aut
1418 1338 1608 1382 causa
1642 1322 1909 1382 criminis
1936 1331 2042 1383 aut
2072 1322 2215 1383 facti

145 1403 434 1479 suspicio
479 1413 585 1464 aut
629 1404 933 1479 quaelibet
972 1404 1241 1479 denique
1282 1407 1378 1464 vel
1420 1403 1667 1464 minima
1710 1421 1811 1464 res
1852 1404 2209 1481 reperietur,

146 1487 555 1581 quamobrem
597 1486 916 1548 videantur
953 1486 1039 1546 ini
1077 1486 1350 1547 nonnihil
1392 1496 1591 1547 tamen
1637 1486 1699 1546 in
1730 1488 2065 1547 descrendo
2096 1503 2207 1546 no

146 1570 320 1629 mine
357 1568 580 1640 secuti,
622 1579 934 1643 postremo
969 1569 1024 1629 si
1055 1578 1293 1643 praeter
1322 1584 1455 1629 eam
1484 1572 1807 1643 praedam,
1851 1584 2033 1665 quam
2060 1568 2210 1641 dixi,

147 1652 494 1727 quidquam
521 1651 686 1711 aliud
716 1666 940 1712 causae
967 1650 1349 1724 inveneritiS,
1378 1668 1501 1712 non
1526 1666 1883 1711 recusamus
1908 1650 2055 1726 quin
2076 1651 2209 1710 iilo·

145 1750 289 1793 rum
332 1730 562 1793 libidIni
593 1733 738 1793 Sex.
767 1734 976 1794 Roscii
1007 1733 1128 1794 vita
1162 1733 1435 1793 dedatur.
1496 1734 1603 1792 Sin
1642 1734 1809 1792 aliud
1836 1732 2032 1807 agitur
2064 1732 2213 1791 nihii

143 1815 276 1875 nisi
311 1824 376 1875 ut
403 1814 478 1875 iis
507 1832 585 1876 ne
621 1816 770 1890 quid
799 1816 986 1887 desit,
1021 1816 1243 1889 quibus
1270 1815 1419 1875 satis
1448 1814 1595 1873 nihii
1625 1824 1747 1885 est3
1780 1813 1834 1874 si
1860 1814 1979 1875 hoc
2012 1816 2211 1875 solum

143 1900 275 1957 hoc
314 1906 592 1971 tempore
635 1905 967 1972 pugnatur,
1005 1906 1073 1957 ut
1111 1899 1191 1956 ad
1217 1896 1380 1955 illam
1416 1897 1677 1971 opimam
1706 1898 2209 1973 praeclaramque

143 1980 444 2054 praedam
478 1978 784 2038 damnatio
809 1979 951 2038 Sex.
971 1979 1179 2038 Roscii
1201 1981 1369 2039 velut
1392 1980 1665 2039 cumulus
1694 1981 1976 2052 accedat,
2004 1996 2209 2042 nonne

146 2078 347 2137 quum
385 2062 574 2120 multa
617 2060 863 2137 indigna
903 2071 1028 2121 tum
1071 2062 1167 2121 vel
1216 2061 1337 2121 hoc
1380 2062 1864 2137 indignissimum
1908 2073 2032 2134 est,
2092 2078 2209 2123 vos

145 2145 420 2203 idoneos
472 2142 742 2215 habitoS‚
795 2158 908 2218 per
950 2160 1205 2219 quorum
1250 2145 1582 2206 sententias
1622 2144 1845 2221 iusque
1882 2144 2203 2205 iurandum

59 2238 68 2251 ·
147 2227 216 2284 id
269 2226 713 2299 adsequantur,
769 2229 936 2301 quod
983 2235 1162 2287 antea
1205 2225 1329 2301 ipsi
1363 2228 1597 2289 scelere
1644 2238 1706 2288 et
1746 2231 1905 2289 ferro
1944 2225 2207 2303 adsequi

140 2310 644 2369 consueverant?
667 2310 770 2383 qui
793 2324 873 2368 ex
887 2310 1134 2371 civitate
1158 2310 1216 2368 in
1250 2320 1526 2371 senatum
1555 2320 1809 2385 propter
1837 2309 2200 2384 dignitatem,

149 2404 237 2448 ex
279 2397 495 2449 senatu
541 2390 601 2454 in
640 2391 760 2449 hoc
801 2390 1122 2452 consilium
1164 2392 1386 2453 delecti
1423 2392 1573 2454 estis
1620 2402 1874 2467 propter
1914 2391 2203 2452 severita-

151 2482 276 2531 tem
294 2515 310 2543 ,
359 2472 436 2530 ab
477 2471 572 2531 his
610 2472 729 2532 hoc
758 2476 1068 2548 postulare
1095 2474 1375 2535 homines
1410 2474 1667 2536 sicarios
1696 2484 1881 2549 atque
1910 2473 2195 2548 gladiato·

146 2570 288 2621 ωε,
334 2569 456 2613 non
491 2556 675 2614 modo
698 2564 764 2615 ut
802 2555 1105 2631 supplicia
1143 2556 1359 2628 vitent,
1414 2572 1571 2632 quae
1610 2574 1649 2615 a
1694 2556 1870 2617 vobis
1915 2573 2028 2631 pro
2076 2572 2203 2615 ma-

151 2634 372 2694 leficiis
427 2636 556 2696 suis
605 2646 873 2697 metuere
921 2647 1106 2713 atque
1145 2638 1397 2699 horrere
1440 2639 1694 2711 debent,
1755 2656 1967 2698 verum
2020 2638 2203 2699 etiam

153 2726 218 2775 ut
273 2718 490 2791 spoliis
545 2734 624 2778 ex
670 2720 790 2780 hoc
833 2720 1061 2780 iudicio
1103 2723 1298 2781 ornati
1336 2720 1622 2795 auctique
1669 2720 2033 2781 discedant?
2094 2722 2199 2781 IV.

149 2801 212 2859 9.
257 2799 370 2859 His
419 2802 496 2861 de
539 2803 726 2862 rebus
778 2801 960 2863 tantis
1016 2813 1255 2879 tamque
1303 2803 1611 2864 atrocibus
1660 2818 1859 2879 neque
1914 2803 2063 2864 satis
2102 2818 2200 2862 me

152 2884 477 2942 commode
509 2884 726 2944 dicere
767 2900 966 2960 neque
999 2886 1147 2945 satis
1188 2886 1452 2960 graviter
1478 2886 1771 2960 conqueri
1816 2902 2019 2961 neque
2050 2886 2199 2947 satis

153 2964 346 3023 iibere
398 2966 718 3026 vociferari
770 2984 960 3042 posse
1012 2968 1302 3043 intelligo.
1386 2970 1534 3027 Nam
1576 2969 1985 3030 commoditati
2030 2968 2197 3043 inge-

152 3046 350 3118 nium,
397 3048 674 3122 gravitati
713 3058 884 3109 aetas
901 3094 915 3122 ,
959 3049 1218 3111 libertati
1260 3060 1533 3126 tempora
1568 3060 1710 3112 sunt
1746 3051 2195 3125 impedimento.

153 3131 288 3188 Huc
329 3131 568 3191 accedit
606 3148 878 3192 summus
920 3132 1126 3202 timor,
1185 3150 1367 3207 quem
1418 3133 1561 3193 mihi
1618 3143 1831 3194 natura
1876 3134 2199 3207 pudorque

155 3228 330 3271 meus
381 3212 647 3273 attribuit
695 3225 756 3275 et
809 3224 1012 3275 vestra
1068 3215 1332 3289 dig-nitas
1374 3225 1435 3275 et
1476 3216 1567 3277 vis
1606 3215 2095 3276 adversariorum
2138 3221 2201 3271 ct

157 3293 298 3353 Sex.
339 3294 551 3355 Roscii
590 3298 876 3371 pericula.
960 3297 1341 3372 Quapropter
1378 3315 1493 3359 vos
1537 3316 1643 3358 oro
1694 3307 1879 3371 atque
1921 3296 2179 3355 obsecro

157 3374 422 3445 iudices,
469 3388 532 3437 ut
577 3387 800 3438 attente
844 3380 1130 3454 bonaque
1159 3396 1295 3439 cum
1326 3379 1504 3439 venia
1536 3382 1737 3509 νει-Ιιῖιι,ε
1748 3394 1886 3436 mea
1918 3373 2192 3435 audiatis.
