2459 3817
302 127 429 194 282
632 127 658 146 ⁹
826 127 973 190 PRO
1018 129 1082 186 L.
1126 124 1452 185 MURENA
1496 122 1802 185 ORATIO.

294 313 429 358 mea
464 311 699 357 summa
728 301 787 353 et
811 290 988 352 vobis
1016 288 1261 365 cognita
1288 288 1349 347 in
1374 305 1441 348 re
1462 289 1708 363 publica
1731 285 2060 362 diligentia,
2085 303 2316 348 moneo

292 396 406 457 pro
436 376 799 438 auctoritate
842 371 1150 434 consulari
1188 371 1433 442 hortor,-
1477 389 1589 448 pro
1631 370 2046 445 magnitudine
2074 370 2334 446 periculi

294 461 589 554 obtestor,
619 465 688 518 ut
709 456 854 527 atie,
881 462 949 516 ut
970 453 1125 530 paci,
1150 462 1219 514 ut
1241 454 1441 524 saluti,
1471 461 1538 515 ut
1561 453 1723 514 vitae
1750 461 1993 513 vestrae
2012 461 2074 514 et
2097 460 2334 514 cetero-

290 559 424 604 rum
458 541 681 601 civium
719 537 1088 600 consulatis:
1130 535 1354 597 deinde
1387 552 1502 611 ego
1547 536 1708 597 idem
1743 552 1856 596 vos
1893 535 2241 596 defensoris
2273 543 2340 596 et

291 622 465 684 amici
495 622 700 683 officio
725 623 1027 682 adductus
1048 635 1158 680 oro
1178 626 1368 695 atque
1390 620 1672 693 obsecre,
1693 619 1946 691 ludiceS‚
1969 629 2127 680 utne
2145 618 2338 678 homi-

292 706 387 766 nis
412 705 618 766 miseri
639 713 701 766 et
724 722 911 780 quum
936 701 1216 779 corporis
1229 703 1445 764 morbo
1471 710 1598 763 tum
1619 701 1799 762 animi
1820 703 2036 762 dolore
2051 701 2338 778 confecti,

292 791 357 850 L.
414 789 735 861 Murenae,
795 795 1104 848 recentem
1152 785 1618 860 gratulationem
1678 801 1841 844 nova
1903 783 2338 845 lamentatione

300 873 595 936 obruatis.
666 873 854 932 Modo
898 869 1160 930 maximo
1204 865 1506 928 beneflcio
1553 867 1764 943 populi
1793 867 2053 927 Romani
2082 874 2340 928 ornatus

296 957 646 1016 fortunatus
682 955 1015 1025 videbatur,
1048 951 1215 1026 quod
1241 949 1472 1024 primus
1496 950 1556 1009 in
1583 948 1864 1010 familiam
1891 957 2180 1020 veterem,
2212 946 2334 1025 pri-

296 1055 433 1100 mus
488 1040 547 1098 in
600 1036 990 1113 municipium
1036 1033 1523 1107 antiquissimum
1575 1035 1959 1093 consulatum
1999 1031 2333 1093 attulisset:

300 1137 461 1182 nunc
494 1121 655 1181 idem
684 1122 975 1195 squalore
1007 1125 1067 1178 et
1095 1116 1383 1178 sordibus
1415 1117 1754 1187 confectuS,
1787 1115 2049 1176 lacrimis
2079 1131 2152 1174 ac
2175 1128 2336 1173 mae-

296 1220 439 1263 rore
460 1204 756 1278 perdituS,
785 1209 994 1262 vester
1017 1205 1113 1259 est
1134 1201 1419 1274 supplex,
1449 1197 1698 1268 iudices,
1733 1205 2002 1258 vestram
2025 1199 2206 1258 fidem
2231 1197 2333 1257 ob-

292 1293 571 1356 testatur,
601 1296 852 1346 vestram
865 1282 1345 1343 misericordiam
1357 1281 1660 1356 implorat,
1683 1287 1950 1341 vestram
1965 1286 2335 1355 potestatem

294 1383 369 1426 ac
388 1375 629 1426 vestras
655 1383 808 1442 opes
822 1365 1107 1426 intuetur.
1140 1361 1240 1422 87.
1263 1364 1478 1434 Nolite,
1504 1381 1618 1438 per
1637 1365 1791 1424 deos
1815 1363 2220 1424 immortales!
2250 1361 2330 1420 iu-

297 1449 488 1519 diceS,
512 1449 779 1507 haecum
800 1465 931 1508 cum
955 1463 1039 1516 re,
1066 1461 1188 1518 qua
1212 1461 1285 1505 se
1299 1446 1713 1506 honestIOrem
1731 1448 1864 1506 fore
1877 1447 2130 1521 putavit,
2157 1444 2334 1504 etlam

302 1530 526 1591 ceteris
570 1538 711 1590 ante
755 1527 945 1604 partis
986 1526 1412 1588 honestatibus
1453 1536 1639 1602 atque
1684 1528 1846 1588 omni
1887 1528 2174 1602 dignitate
2212 1527 2335 1586 for-

296 1620 559 1686 tunaque
594 1609 853 1685 privare.
914 1615 1119 1684 Atque
1153 1610 1235 1670 ita
1269 1627 1381 1670 vos
1416 1608 1468 1670 si
1496 1610 1562 1667 L.
1591 1609 1869 1684 Murena,
1900 1603 2165 1683 iudiceS‚
2214 1619 2344 1671 orat

296 1704 477 1767 atque
518 1695 827 1765 obsecrat,
872 1690 926 1752 si
966 1691 1186 1752 iniuste
1216 1691 1516 1752 neminem
1558 1693 1760 1767 laesit,
1809 1692 1862 1753 si
1905 1695 2126 1754 nullius
2162 1709 2340 1754 aures

295 1780 742 1838 voluntatemve
771 1775 1049 1849 violavit,
1098 1775 1150 1835 si
1191 1774 1443 1847 nemini,
1484 1783 1549 1835 ut
1588 1775 1893 1836 levissime
1927 1775 2156 1847 dicam,
2199 1775 2342 1835 odio

294 1877 407 1920 nec
450 1861 613 1920 domi
658 1876 771 1918 nec
812 1857 1056 1920 militiae
1102 1858 1238 1931 fuit,
1292 1857 1370 1920 sit
1408 1859 1570 1932 apud
1613 1874 1728 1918 vos
1770 1857 2104 1918 modestiae
2147 1859 2342 1929 locUS,

294 1942 373 2002 sit
395 1943 678 2001 demissis
716 1941 1043 2001 luminibus
1073 1940 1433 2015 perfugium,
1465 1941 1543 2001 sit
1566 1939 1852 2002 auxilium
1876 1939 2114 2015 pudori.
2159 1940 2339 2001 Mise-

292 2022 613 2082 ricordiam
636 2022 917 2096 spoliatio
944 2025 1296 2083 consulatus
1318 2040 1596 2097 magnam
1618 2023 1841 2082 habere
1856 2022 2053 2093 debet,
2077 2021 2310 2082 iudices
2325 2046 2340 2077 ι

291 2121 411 2164 una
450 2102 609 2162 enim
650 2103 985 2177 eripiuntur
1019 2120 1153 2163 cum
1196 2107 1517 2165 consulatu
1560 2103 1777 2165 omnia.
1861 2103 2154 2164 Invidiam
2196 2120 2342 2164 vero

290 2186 386 2246 his
416 2184 788 2260 temporibus
828 2185 1051 2244 habere
1084 2189 1434 2247 consulatus
1476 2186 1610 2261 ipse
1652 2187 1875 2246 nullam
1909 2195 2139 2261 potest=
2191 2186 2341 2246 obii-

291 2269 445 2328 citur
475 2267 634 2327 enim
687 2265 1052 2327 coitionibus
1086 2266 1548 2340 seditiosorum,
1598 2267 1834 2329 insidiis
1870 2269 2337 2338 coniuratorum,

289 2353 425 2409 telis
452 2349 769 2410 Catilinae:
804 2348 883 2407 ad
908 2365 1083 2408 omne
1114 2349 1378 2424 denique
1415 2351 1743 2426 periculum
1775 2358 1958 2426 atque
1989 2352 2067 2410 ad
2101 2367 2338 2411 ornnem

288 2431 575 2490 invidiam
604 2430 773 2490 solus
806 2429 1151 2504 opponitur.
1209 2431 1308 2492 88.
1355 2433 1484 2506 Qua
1510 2450 1576 2492 re
1611 2433 1754 2508 quid
1788 2432 2178 2494 invidendum
2207 2433 2338 2492 Mu·

289 2529 472 2571 renae
510 2521 613 2572 aut
652 2511 935 2586 cuiquam
977 2521 1248 2574 nostrum
1285 2513 1363 2575 sit
1400 2515 1460 2575 in
1500 2515 1619 2575 hoc
1664 2518 1978 2590 praeclaro
2021 2516 2337 2576 consulatu

290 2611 407 2654 non
438 2589 649 2667 viden,
698 2593 953 2654 iudices.
1040 2593 1204 2669 Quae
1243 2613 1386 2656 vero
1421 2595 1765 2657 miseranda
1795 2608 1965 2672 sunt,
1996 2615 2070 2658 ea
2103 2607 2162 2659 et
2193 2595 2339 2657 mihi

287 2685 426 2736 ante
468 2677 681 2736 oculos
727 2686 1045 2737 versantur
1082 2686 1144 2739 et
1187 2697 1302 2739 vos
1344 2679 1552 2741 videre
1592 2688 1651 2739 et
1680 2680 2028 2757 perspicere
2057 2677 2337 2755 potestis.

286 2759 431 2817 XLI.
478 2758 559 2828 Si,
595 2760 759 2834 quod
781 2760 1049 2834 Iuppiter
1080 2777 1259 2821 omen
1287 2770 1544 2823 avertat!
1580 2762 1741 2822 hunc
1769 2763 1990 2824 vestris
2023 2760 2338 2822 sententiis

291 2839 660 2914 adflixeritiS,
698 2859 819 2918 quo
852 2859 920 2902 se
948 2842 1133 2904 miser
1160 2852 1394 2905 vertet?
1445 2846 1823 2905 Domumne?
1865 2854 1932 2905 ut
1962 2861 2094 2903 eam
2125 2843 2337 2914 imagi-

287 2939 421 2981 nem
463 2923 780 2984 clarissimi
823 2923 965 2999 viri,
1009 2933 1280 3001 parentis
1321 2933 1445 2999 sui,
1488 2943 1666 3002 quam
1696 2926 1910 3000 paucis
1938 2931 2075 2981 ante
2115 2920 2336 2980 diebus

288 3007 614 3065 laureatam
636 3005 697 3066 in
720 3023 833 3067 sua
855 3009 1255 3081 gratulatione
1280 3007 1618 3083 conspexit,
1641 3008 1914 3066 eamdem
1939 3005 2332 3064 deformatam

285 3086 611 3162 ignomInia
640 3089 1067 3164 lugentemque
1096 3090 1339 3149 videat?
1377 3107 1453 3148 an
1482 3091 1560 3148 ad
1590 3093 1880 3147 matrem?
1921 3100 2078 3160 quae
2109 3083 2333 3146 misera

282 3171 464 3230 mode
496 3172 809 3231 consulem
844 3174 1117 3230 osculata
1146 3171 1334 3230 filium
1370 3187 1563 3244 suum,
1601 3185 1760 3228 nunc
1791 3167 2090 3228 cruciatur
2123 3174 2182 3228 et
2209 3171 2330 3228 sol·

283 3252 442 3312 licita
483 3261 579 3313 est
615 3270 692 3312 ne
726 3253 1003 3311 eumdem
1051 3254 1254 3327 paullo
1301 3260 1440 3326 post
1477 3251 1798 3326 spoliatum
1842 3251 2004 3312 omni
2044 3251 2334 3327 dignitate
2425 3325 2430 3330 ὓ

282 3332 660 3406 conspiciat?
742 3331 842 3392 89.
890 3331 1015 3396 Sed
1050 3333 1193 3407 quid
1225 3349 1338 3406 ego
1371 3341 1620 3394 matrem
1652 3343 1757 3396 aut
1784 3337 2028 3397 domum
2064 3335 2330 3412 appello,
