2459 3817
186 0 253 1 ..a

814 179 976 239 CAP.
1007 187 1218 240 1.-3.
1253 185 1305 245 S.
1340 187 1536 242 1-7.
2128 180 2210 247 45

141 348 366 409 rogare
394 339 457 392 et
485 346 693 403 orare,
737 344 814 389 ne
842 326 981 389 illos
1011 330 1327 405 supplices
1364 345 1759 405 aspernarer,
1806 346 1965 404 quos
1994 346 2092 391 me
2120 330 2199 392 in-

140 414 368 477 columi
399 412 625 472 nemini
657 412 973 487 supplices
1002 428 1144 473 esse
1176 421 1502 487 oporteret.

307 498 491 556 11.·4.
535 494 666 555 Tuli
696 495 960 569 graviter
983 503 1042 554 et
1070 495 1309 568 acerbe,
1339 495 1594 568 iudices,
1632 495 1695 555 in
1726 513 1863 557 eum
1888 511 1984 555 me
2007 497 2207 558 locum

139 579 403 652 adduci,
454 586 522 638 ut
563 584 666 637 aut
698 594 808 637 eos
840 576 1118 637 homines
1161 594 1308 652 spes
1352 579 1615 652 falleret,
1662 580 1765 653 qui
1808 595 1989 655 opem
2030 596 2068 637 a
2112 597 2207 639 me

141 672 331 738 atque
363 660 656 722 auxilium
689 662 1019 734 petissent,
1061 668 1165 721 aut
1199 676 1345 736 egO‚
1393 660 1496 735 qui
1542 678 1637 721 me
1670 662 1749 721 ad
1780 662 2206 723 defendendos

141 744 426 805 homines
459 745 536 804 ab
566 742 810 803 ineunte
853 742 1270 805 adolescentia
1312 743 1653 815 dedissem,
1707 751 1981 819 tempore
2021 754 2207 819 atque

141 827 354 889 officio
393 834 644 888 coactus
675 826 753 885 ad
781 827 1198 887 accusandum
1228 826 1599 886 traducerer.
1646 826 1935 886 Dicebam
1963 843 2073 887 eos
2100 829 2203 886 ha·

141 914 292 972 bere
320 918 591 970 actorem
622 909 690 982 Q.
733 908 1085 983 Caecilium,
1124 908 1227 984 qui
1262 910 1622 984 praesertim
1653 918 1945 983 quaestor
1984 909 2043 968 in
2093 928 2207 972 sua

140 992 467 1069 provincia
501 992 734 1053 fuisset.
801 991 932 1064 Quo
962 1008 1079 1067 ego
1110 992 1458 1053 adiumento
1492 993 1815 1067 sperabam
1856 992 2017 1051 hanc
2044 1009 2083 1051 a
2109 1010 2205 1052 me

138 1092 334 1153 posse
357 1074 696 1136 molestiam
720 1074 1050 1147 demoveri,
1072 1074 1136 1133 id
1158 1075 1303 1135 mihi
1327 1083 1456 1135 erat
1478 1074 1900 1136 adversarium
1924 1074 2197 1134 maxime.

137 1162 295 1219 Nam
341 1158 425 1218 illi
465 1160 649 1220 multo
695 1156 837 1216 mihi
879 1156 997 1216 hoc
1029 1157 1269 1217 facilius
1304 1156 1716 1229 remisissent,
1764 1158 1816 1218 si
1860 1158 2039 1217 istum
2082 1174 2203 1219 non

136 1249 403 1303 nossent
431 1249 532 1301 aut
561 1242 613 1300 si
642 1240 759 1300 iste
793 1239 957 1313 apud
988 1256 1097 1301 eos
1135 1248 1427 1314 quaestor
1455 1256 1575 1301 non
1615 1242 1852 1302 suisset.
1891 1239 1951 1301 5.
1991 1241 2200 1300 Addu—

135 1334 282 1387 ctus
316 1340 476 1397 sum,
507 1322 776 1395 iudiceS,
815 1322 1048 1393 offici0,
1087 1324 1241 1395 fide,
1271 1322 1711 1397 misericordia,
1740 1324 2064 1383 multorum
2096 1324 2199 1381 bo-

135 1423 358 1469 norum
394 1407 710 1480 exemplo,
745 1412 952 1465 vetere
981 1405 1424 1467 consuetudine
1452 1404 1851 1480 institutoque
1885 1405 2198 1478 maiorum,

137 1501 204 1553 ut
240 1506 398 1551 onus
427 1490 606 1548 huius
627 1487 854 1547 laboris
884 1496 1067 1563 atque
1098 1486 1287 1549 officii
1315 1506 1435 1549 non
1468 1504 1545 1548 ex
1576 1504 1743 1560 meo,
1779 1488 1894 1549 sed
1928 1505 2005 1548 ex
2034 1503 2199 1548 meo-

133 1591 272 1635 rum
303 1568 791 1633 necessariorum
821 1579 1094 1645 tempore
1123 1570 1268 1630 mihi
1300 1570 1761 1647 suscipiendum
1789 1580 2085 1647 putarem.

303 1656 433 1728 Quo
467 1654 527 1713 in
563 1652 811 1729 negotio
853 1662 1053 1714 tamen
1082 1652 1183 1713 illa
1216 1670 1318 1713 res
1348 1670 1474 1725 me,
1512 1652 1782 1727 iudiceS,
1827 1656 2199 1728 consolatur,

137 1740 310 1816 quod
355 1738 505 1797 haec
577 1752 736 1811 quae
777 1735 1015 1795 videtur
1059 1751 1202 1795 esse
1244 1736 1554 1797 accusatio
1602 1751 1741 1795 mea
1828 1753 1949 1796 non
1996 1736 2201 1810 potius

135 1820 456 1883 accusatio
504 1835 686 1894 quam
726 1817 1003 1877 defensio
1053 1824 1149 1877 est
1207 1816 1633 1877 existimanda.
1706 1818 1984 1877 Defendo
2042 1818 2202 1878 enim

131 1906 363 1965 multos
411 1901 732 1969 mortales,
776 1900 996 1957 multas
1032 1898 1340 1967 civitates,
1389 1895 1764 1973 provinciam
1800 1898 2065 1959 Siciliam
2110 1909 2197 1961 to·

133 1997 278 2047 tam.
367 1982 773 2057 Quamobrem
825 1979 968 2052 quia
1015 1982 1158 2043 mihi
1196 1997 1357 2042 unus
1406 1988 1501 2041 est
1542 1981 1962 2055 accusanduS,
2004 1998 2200 2059 prope

129 2070 390 2129 modum
425 2077 671 2137 manere
701 2060 763 2120 in
797 2060 1064 2122 instituto
1094 2078 1230 2122 meo
1263 2062 1476 2123 videor
1504 2071 1564 2123 et
1593 2079 1715 2123 non
1746 2064 1991 2125 omnino
2026 2083 2062 2126 a
2094 2068 2197 2127 de-

125 2146 464 2211 fendendis
479 2142 824 2205 hominibus
839 2144 1355 2221 sublevandisque
1368 2146 1706 2207 discedere.
1720 2146 1781 2208 6.
1798 2148 2030 2221 Quodsi
2044 2148 2199 2208 hanc

127 2245 390 2293 causam
425 2237 542 2291 tam
573 2229 884 2299 idoneam,
925 2236 1042 2287 tam
1080 2228 1402 2303 illustrem,
1435 2237 1553 2289 tam
1584 2246 1831 2305 gravem
1862 2248 1983 2292 non
2014 2230 2197 2290 habe-

127 2333 296 2387 rem,
329 2312 382 2373 si
411 2319 514 2373 aut
544 2312 660 2373 hoc
693 2328 732 2371 a
763 2326 859 2370 me
891 2310 1078 2370 Siculi
1112 2328 1235 2371 non
1264 2311 1566 2387 petissent
1606 2322 1712 2373 aut
1749 2312 1894 2372 mihi
1937 2329 2071 2372 cum
2106 2311 2197 2371 Si-

128 2396 293 2458 culis
336 2412 524 2459 causa
569 2402 772 2455 tantae
815 2392 1288 2453 necessitudinis
1336 2410 1459 2456 non
1509 2394 1914 2455 intercederet
1960 2402 2021 2454 et
2060 2394 2197 2467 hoc,

131 2480 308 2556 quod
342 2478 516 2551 facio,
552 2493 649 2537 me
671 2475 763 2537 rei
787 2475 1064 2550 publicae
1097 2492 1287 2536 causa
1316 2478 1519 2537 facere
1550 2478 1887 2552 profiterer,
1918 2484 1985 2537 ut
2014 2476 2196 2537 homo

132 2560 432 2636 singulari
462 2559 822 2635 cupiditate,
855 2558 1139 2631 audacia,
1189 2561 1424 2619 scelere
1456 2559 1799 2634 praeditus,
1833 2558 2008 2620 cuius
2041 2561 2197 2620 furta

130 2654 326 2719 atque
371 2642 600 2717 flagitia
639 2658 763 2703 non
803 2640 864 2701 in
912 2640 1120 2702 Sicilia
1165 2643 1394 2714 solum,
1445 2642 1559 2702 sed
1604 2641 1665 2701 in
1706 2642 1969 2715 Achaia,
2027 2642 2195 2714 Asia,

135 2727 380 2801 Cilicia,
432 2724 820 2803 Pamphylia,
872 2725 1103 2787 Romae
1149 2725 1416 2798 denique
1458 2731 1598 2783 ante
1653 2726 1869 2786 oculos
1926 2724 2195 2785 omnium

133 2808 402 2871 maxima
430 2806 909 2882 turpissimaque
938 2823 1285 2881 nossemus,
1315 2822 1414 2867 me
1442 2814 1661 2883 agente
1692 2809 1751 2867 in
1768 2807 2057 2869 iudicium
2090 2824 2194 2867 vo-

134 2900 423 2965 caretur,
454 2890 594 2965 quis
629 2891 872 2951 tandem
903 2898 1072 2951 esset
1101 2890 1202 2964 qui
1248 2906 1451 2950 meum
1487 2892 1710 2950 factum
1740 2900 1843 2952 aut
1870 2890 2193 2953 consilium

136 2982 357 3052 posset
383 2973 878 3049 reprehendere?
937 2973 1036 3032 111.
1069 2968 1124 3031 7.
1157 2972 1314 3047 Quid
1343 2980 1464 3045 est,
1505 2990 1615 3048 pro
1646 2975 1825 3035 deum
1856 2975 2193 3035 hominum-

135 3076 260 3133 que
291 3058 504 3119 fldem!
547 3055 609 3116 in
641 3073 763 3131 quo
794 3071 909 3129 ego
939 3055 1029 3115 rei
1059 3055 1340 3128 publicae
1383 3056 1523 3131 plus
1556 3056 1674 3118 hoc
1704 3065 1976 3132 tempore
2006 3056 2193 3133 prod-

135 3158 282 3203 esse
330 3138 610 3215 possim?
678 3136 831 3211 Quid
875 3146 970 3198 est
1013 3140 1178 3213 quod
1226 3146 1331 3199 aut
1369 3141 1600 3214 populo
1645 3140 1918 3201 Romano
1960 3138 2191 3215 gratius

133 3240 280 3285 esse
313 3224 537 3283 debeat
582 3229 684 3281 aut
725 3218 915 3281 sociis
957 3220 1308 3296 exterisque
1353 3221 1699 3283 nationibus
1742 3221 2007 3297 optatius
2048 3234 2191 3279 esse

138 3304 339 3403 possit
373 3313 477 3365 aut
517 3302 696 3365 saluti
726 3302 1107 3377 fortunisque
1138 3303 1407 3365 omnium
1434 3304 1627 3379 magis
1667 3302 2193 3390 accommodatum

142 3389 258 3450 sit?
290 3388 652 3462 populatae,
684 3392 970 3457 vexatae,
1021 3386 1291 3447 funditus
1328 3402 1586 3447 eversae
1624 3383 2005 3460 provinciae.
2039 3378 2188 3443 socii
