2459 3817
244 176 365 242 106
718 179 795 239 IN
824 178 887 237 C.
921 176 1254 238 VERREM
1281 177 1448 237 Ac'r.
1479 179 1553 237 11.
1574 177 1718 237 LIB.
1743 178 1846 236 lv.

238 328 303 393 id
330 331 383 394 si
412 329 865 405 impetrassent,
898 336 1023 388 tum
1051 335 1117 387 ut
1145 342 1374 387 morem
1405 335 1669 387 veterem
1696 327 2112 387 Hennensium
2147 342 2292 400 con-

240 421 580 484 servarent,
610 411 853 486 publice
875 410 934 468 in
963 425 1133 482 eum,
1164 408 1402 470 tametsi
1433 416 1719 469 vexasset
1750 407 2044 482 Siciliam,
2067 417 2291 484 tamen,

243 496 528 572 quoniam
555 494 709 553 haec
738 508 778 553 a
796 490 1127 553 maioribus
1148 492 1422 552 instituta
1450 492 1856 566 accepissent,
1885 490 2292 553 testimonium

240 596 319 639 ne
349 578 517 652 quod
538 576 855 636 -dicerentz
898 576 992 635 sin
1031 582 1238 651 autem
1279 590 1354 634 ea
1395 591 1518 634 non
1544 572 1944 645 reddidisset,
1983 582 2110 635 tum
2139 576 2292 635 utin

237 661 461 723 iudicio
484 660 788 730 adessent,
818 665 945 718 tum
964 667 1032 718 ut
1059 659 1138 719 de
1158 657 1292 718 eius
1317 656 1550 718 iniuriis
1578 656 1817 717 iudices
1837 657 2144 727 docerent,
2179 658 2294 717 sed

238 742 499 803 maxime
528 743 606 802 de
631 740 926 815 religione
962 748 1375 817 quererentur.
1419 740 1582 813 Quas
1615 739 1856 799 illorum
1879 738 2294 813 querimonias

238 826 451 896 nolite,
496 838 609 899 per
638 825 793 885 deos
844 824 1244 898 immortales,
1285 822 1634 899 aspernari,
1679 821 1864 883 nolite
1907 828 2294 883 contemnere

240 924 315 969 ac
362 906 701 981 negligere,
742 905 999 968 iudices.
1052 910 1343 981 -Aguntur
1396 905 1650 966 iniuriae
1695 904 2022 985 sociorum,
2098 904 2296 979 agitur

240 989 339 1050 vis
378 991 600 1072 legum,
656 987 855 1064 agitur
893 988 1256 1050 existimatio
1289 988 1644 1063 veritasque
1681 986 2060 1049 iudiciorum.
2127 987 2294 1060 Quae

240 1080 381 1133 sunt
408 1070 609 1133 omnia
635 1086 985 1146 permagna,
1016 1088 1226 1132 verum
1254 1072 1404 1131 illud
1429 1072 1784 1131 maximumx
1807 1077 1974 1130 tanta
2000 1067 2295 1143 religione

240 1154 531 1215 obstricta
560 1163 687 1214 tota
714 1153 1031 1229 provincia
1060 1162 1185 1229 est,
1214 1162 1381 1215 tanta
1414 1152 1766 1228 superstitio
1797 1168 1878 1211 ex
1914 1150 2092 1212 istius
2133 1151 2291 1211 facto

238 1245 469 1297 mentes
496 1236 760 1297 omnium
792 1236 1133 1297 Siculorum
1162 1238 1518 1311 occupavit,
1549 1243 1646 1309 ut,
1675 1250 2103 1313 quaecumque
2127 1232 2298 1299 acci·-

239 1320 384 1379 dant
419 1319 660 1395 publice
688 1318 1093 1395 privatimque
1134 1319 1552 1391 incommoda,
1599 1325 1853 1394 propter
1881 1335 2014 1379 eam
2044 1336 2294 1381 causam

241 1401 711 1462 sceleris-istius
752 1402 1001 1461 evenire
1042 1401 1384 1463 videantur.
1446 1398 1588 1463 114.
1646 1400 1924 1463 Audistis
1959 1402 2291 1478 Geumi-ipi-

236 1498 384 1555 noS,
414 1484 852 1559 Agyrinenses,
887 1484 1272 1557 Catinenses,
1302 1486 1679 1556 Aetnenses,
1703 1484 2098 1546 Herbitenses
2129 1502 2291 1546 eom-

234 1566 573 1640 pluresque
600 1565 755 1626 alios
779 1566 1024 1641 publice
1052 1566 1288 1639 dicere,
1324 1582 1482 1641 quae
1509 1566 1776 1627 solitudo
1797 1579 1967 1629 esset
2013 1575 2076 1633 ln
2114 1568 2296 1647 agris,

240 1664 399 1722 quae
425 1648 708 1720 vastitas,
746 1664 905 1723 quae
938 1650 1083 1723 fuga
1110 1657 1444 1722 aratorum,
1478 1666 1660 1723 quam
1689 1650 1972 1723 deserta,·
1995 1666 2178 1723 quam
2203 1652 2290 1709 in—

238 1730 424 1800 culta,
464 1746 645 1805 quarn
671 1732 881 1792 relicta
914 1732 1134 1793 omnia.
1177 1732 1270 1791 Ea
1295 1733 1534 1793 tametsi
1568 1732 1771 1791 multis
1811 1731 1992 1792 istius
2019 1740 2082 1792 et
2104 1732 2290 1793 variis

236 1812 467 1873 iniuriis
493 1814 863 1887 acciderunt,
896 1823 1096 1875 tamen
1118 1814 1272 1875 haee
1297 1830 1419 1875 una
1445 1826 1634 1876 causa
1660 1814 1721 1874 in
1752 1813 2042 1888 opinione
2057 1814 2291 1876 Siculo-

237 1913 371 1955 rum
399 1896 721 1970 plurimum
748 1900 942 1973 valet,
974 1897 1142 1971 quod
1171 1897 1390 1958 Cerere
1421 1897 1645 1957 violata
1681 1912 1894 1957 omnes
1927 1898 2125 1957 cultus
2171 1899 2291 1957 fru-

239 1988 493 2050 ctusque
520 1978 757 2039 Cereris
805 1982 867 2039 in
905 1980 983 2040 iis
1016 1978 1171 2040 locis
1198 1979 1482 2042 interisse
1519 1978 1904 2041 arbitrantur.
1965 1978 2292 2039 Medemini

232 2058 512 2132 religioni
554 2061 893 2133 sociorum,
945 2062 1213 2122 iudices=
1279 2068 1640 2123 conservate
1699 2070 1988 2123 vestram.
2076 2064 2291 2137 Neque

234 2140 394 2202 enim
428 2140 581 2201 haec
628 2152 877 2203 externa
927 2142 1105 2203 vobis
1134 2152 1229 2204 est
1275 2144 1487 2219 religio
1538 2160 1742 2220 neque
1780 2144 1998 2205 aliena.
2060 2144 2290 2218 Quodsi

237 2232 431 2296 esset,
470 2223 526 2283 si
567 2225 885 2299 suscipere
926 2241 1061 2285 eam
1100 2225 1375 2300 nolletiS,
1423 2234 1623 2287 tamen
1655 2226 1718 2288 in
1749 2242 1826 2287 eo
1863 2226 1967 2302 qui
1995 2226 2291 2287 violasset

235 2308 472 2369 sancire
512 2322 626 2368 vos
666 2308 824 2368 velle
868 2314 1192 2381 oporteret.
1254 2306 1396 2370 115.
1461 2310 1636 2370 Nunc
1681 2324 1830 2371 vero
1873 2312 1935 2370 in
1981 2310 2290 2369 communi

234 2389 501 2452 omnium
552 2389 821 2464 gentium
861 2389 1157 2465 religione
1196 2389 1382 2466 inque
1423 2390 1502 2453 iis
1551 2391 1772 2465 sacris,
1817 2408 1976 2467 quae
2022 2390 2288 2452 maiores

234 2473 426 2535 nostri
455 2472 532 2532 ab
560 2472 787 2533 exteris
824 2472 1169 2534 nationibus
1198 2476 1392 2535 ascita
1415 2484 1603 2550 atque
1629 2474 1925 2535 arcessita
1951 2475 2285 2544 coluerunt,

238 2570 395 2630 quae
416 2566 630 2629 sacra,
658 2562 725 2616 ut
752 2563 925 2616 erant
952 2571 1019 2615 re
1047 2570 1221 2631 vera,
1247 2555 1340 2617 sic
1365 2555 1659 2632 appellari
1691 2556 1923 2618 Graeca
1950 2558 2285 2629 voluerunt,

234 2637 612 2713 negligentes
640 2652 713 2698 ac
742 2636 1025 2698 dissoluti
1056 2638 1111 2699 si
1140 2639 1458 2713 cupiamus
1487 2654 1632 2699 esse
1667 2639 1771 2714 qui
1813 2644 2188 2714 possumus?

396 2721 520 2780 L11.
583 2719 777 2782 Unius
809 2719 987 2782 etiam
1010 2718 1179 2782 urbis
1212 2722 1478 2783 omnium
1509 2720 1950 2797 pulcherrimae
1977 2728 2161 2796 atque
2193 2736 2288 2779 or·

236 2802 617 2875 natissimae,
654 2802 1130 2882 Syracusarum,
1174 2802 1576 2881 direptionem
1605 2804 2093 2865 commemorabo
2137 2811 2198 2864 et
2227 2800 2289 2860 in

236 2885 497 2945 medium
526 2887 859 2961 proferam,
891 2886 1144 2961 iudices,
1172 2887 1596 2962 utaliquando
1629 2895 1813 2947 totam
1833 2886 2016 2947 huius
2044 2885 2288 2961 generis

236 2967 571 3030 orationem
618 2970 976 3031 concludam
1005 2977 1191 3046 atque
1224 2969 1528 3031 definiam.
1613 2970 1801 3032 Nemo
1845 2971 1974 3029 fere
2018 2974 2288 3029 vestrum

236 3058 333 3112 est
366 3048 511 3125 quin
544 3066 726 3126 quem
745 3052 826 3112 ad
854 3052 1099 3113 modum
1130 3062 1346 3127 captae
1375 3052 1498 3114 sint
1527 3070 1564 3113 a
1591 3052 1672 3111 Μ.
1699 3052 1987 3113 Marcello
2023 3050 2288 3126 Syracu·

238 3148 345 3193 sae
375 3148 563 3209 saepe
588 3132 874 3207 audierit,
905 3146 1027 3195 non
1051 3150 1382 3209 numquam
1404 3135 1584 3197 etiam
1612 3133 1673 3193 in
1708 3133 2029 3194 annalibus
2058 3130 2288 3206 legerit.

238 3214 519 3277 Conferte
544 3216 703 3277 hane
730 3230 946 3291 pacem
974 3234 1111 3279 eum
1136 3219 1239 3279 illo
1271 3218 1464 3290 bello,
1511 3216 1693 3277 huius
1731 3214 2032 3291 praetoris
2061 3215 2287 3274 adven·

236 3305 361 3357 tum
420 3314 560 3360 cum
601 3298 761 3361 illius
810 3298 1193 3379 imperatoris
1246 3299 1529 3371 victoria,
1592 3298 1771 3360 huius
1822 3298 2132 3359 cohortem
2179 3294 2282 3353 im-

241 3392 457 3447 numm
512 3394 648 3443 eum
706 3380 868 3444 illius
900 3380 1196 3445 ⁴exercitu
1255 3381 1482 3443 invicto
1511 3428 1528 3451 .
1579 3381 1760 3442 huius
1814 3379 2098 3441 libidines
2151 3391 2283 3437 eum
