2459 3817
826 90 988 152 CAP.
1015 98 1206 155 7--9.
1243 98 1295 158 s.
1330 100 1397 155 ιε
1418 102 1595 156 -26,
2218 88 2255 150 7

175 252 464 307 testatem
494 244 664 304 solus
695 242 947 315 habeat,
988 259 1173 317 quum
1207 258 1421 304 omnes
1450 242 1510 303 in
1546 260 1730 304 unum
1765 250 2060 319 spectent,
2090 262 2251 307 unus

173 326 388 388 omnia
430 326 756 401 gubernet,
805 340 992 399 quum
1039 334 1128 387 tot
1165 326 1475 400 tantisque
1518 328 1778 401 negotiis
1823 328 2123 387 distentus
2154 329 2251 401 sit,

172 418 246 471 ut
288 410 598 485 respira-re
638 408 828 467 libere
869 424 992 468 non
1032 408 1264 483 possit,
1322 410 1375 469 si
1422 408 1655 483 aliquid
1708 426 1829 469 non
1868 409 2248 469 animadver-

170 501 294 568 tat,
347 506 532 568 quum
579 489 938 566 praesertim
979 498 1100 551 tam
1143 490 1314 552 multi
1356 490 1822 566 occupationem
1856 491 1991 552 elus
2036 492 2253 553 obser-

171 579 328 635 vent
361 582 731 649 tempusque
773 581 1179 649 aucupentur,
1225 582 1322 648 ut,
1368 572 1546 634 simul
1586 582 1771 649 atque
1800 572 1903 634 ille
1941 575 2251 650 despexe-

171 656 285 731 rit,
310 655 542 731 aliquid
561 655 820 717 huiusce
841 654 1010 715 modi
1033 655 1375 731 moliantur.
1396 656 1531 716 Huc
1552 658 1791 717 accedit
1804 702 1819 728 ‚
1845 656 2012 731 quod
2034 674 2246 731 quam-

173 740 276 800 vis
307 738 408 799 ille
440 738 584 799 felix
629 738 736 811 sit,
783 736 944 798 sicut
986 746 1108 810 est,
1153 747 1355 799 tamen
1386 734 1495 812 [in]
1512 746 1679 799 tanta
1726 738 2013 799 felicitate
2064 756 2244 801 nemo

170 830 390 898 potest
439 834 586 881 esse
641 818 703 879 in
774 836 995 896 magna
1043 821 1270 881 tamilla
1300 823 1405 897 qui
1433 821 1733 881 neminem
1762 836 1969 896 neque
1998 836 2245 883 servum

125 924 136 945 -·
171 914 386 980 neque
429 904 710 965 libertum
741 903 1082 978 improbum
1111 902 1352 964 habeat.
1439 903 1539 965 23.
1592 904 1829 964 Interea
1867 903 1986 964 istc
2026 907 2090 963 T.
2121 907 2245 967 Ro-

172 986 380 1061 sciuS,
413 985 510 1046 vir
540 986 836 1062 optimuS,
868 995 1232 1061 procurator
1262 986 1679 1065 Chrysogoni,
1708 986 2015 1047 Ameriam
2044 985 2242 1049 venit=

167 1071 238 1132 in
269 1070 523 1145 praedia
549 1068 730 1130 huius
752 1068 1012 1129 invadite
1041 1068 1202 1129 hunc
1231 1064 1551 1143 miserum,
1580 1071 1747 1130 luctu
1775 1068 2108 1144 perditum,
2141 1071 2243 1144 qui

168 1153 454 1215 nondum
483 1150 664 1213 etiam
700 1148 903 1210 omnia
931 1154 1187 1225 paterno
1221 1152 1421 1212 funeri
1458 1151 1619 1213 iusta
1649 1150 1972 1226 solvisset,
2015 1152 2245 1213 nudum

167 1234 350 1296 eiicit
403 1232 583 1293 domo
627 1240 812 1307 atque
859 1232 1014 1293 focis
1057 1232 1268 1307 patriis
1315 1232 1535 1311 disque
1576 1233 1899 1309 penatibus
1942 1233 2243 1309 praecipi-

169 1327 334 1390 tem,
366 1314 604 1375 iudices
621 1361 636 1389 ,
672 1315 978 1375 exturbat=
1017 1314 1156 1390 ipse
1183 1314 1595 1392 amplissimae
1622 1316 1925 1391 pecuniae
1954 1316 2024 1376 fit
2050 1314 2245 1376 domi-

168 1398 318 1461 nus.
375 1396 488 1471 Qui
515 1395 577 1457 in
603 1412 718 1457 sua
745 1406 812 1458 re
835 1396 1050 1459 fuisset
1078 1397 1539 1474 egentissimus,
1568 1406 1727 1473 erat,
1756 1407 1820 1460 ut
1841 1398 1936 1471 fit,
1966 1396 2243 1460 insolens

167 1483 240 1544 in
269 1480 488 1541 aliena.
554 1478 744 1542 Multa
777 1482 980 1555 palam
1020 1481 1271 1543 domum
1296 1494 1471 1542 suam
1506 1482 1848 1553 auferebat,
1883 1480 2057 1557 plura
2086 1482 2241 1541 clam

170 1568 259 1627 de
285 1560 490 1624 medio
517 1564 902 1624 removebat2
931 1576 1052 1623 non
1087 1578 1288 1641 pauca
1316 1564 1447 1627 suis
1476 1560 1856 1625 adiutoribus
1885 1564 2053 1639 large
2088 1562 2241 1624 effu-

171 1662 377 1723 seque
420 1646 716 1707 donabat=
757 1644 999 1720 reliqua
1033 1644 1364 1707 constituta
1407 1646 1693 1708 auctione
1732 1645 2058 1707 vendebat.
2142 1644 2242 1719 IX.

167 1729 280 1794 24.
326 1728 502 1802 Quod
531 1726 834 1789 Amerinis
875 1742 1079 1803 usque
1121 1744 1197 1789 eo
1232 1728 1435 1789 visum
1476 1736 1575 1789 est
1601 1728 1951 1803 indignum,
1988 1736 2057 1789 ut
2089 1730 2241 1788 urbe

167 1822 306 1875 tota
327 1812 508 1872 fletus
543 1810 929 1887 gemitusque
952 1810 1146 1871 fieret.
1191 1808 1429 1871 Etenim
1456 1812 1643 1871 multa
1664 1808 1843 1870 simul
1869 1819 2007 1871 ante
2024 1812 2241 1873 oculos

113 1912 118 1917 ·
169 1896 612 1956 versabantur=
662 1906 830 1953 mors
857 1891 1123 1952 hominis
1153 1890 1571 1953 florentissimi
1596 1892 1741 1954 Sex.
1778 1891 1988 1955 Roscii
2024 1890 2240 1955 crude—

170 1978 445 2048 lissima,
489 1975 600 2035 filii
645 1981 847 2036 autem
873 1974 1022 2034 eius
1066 1982 1312 2049 egestas
1340 1972 1790 2050 indignissima,
1831 1972 1930 2035 cui
1966 1976 2043 2037 de
2072 1984 2239 2038 tanto

169 2058 546 2138 patrimonio
576 2059 808 2134 praedo
833 2056 950 2118 iste
973 2056 1244 2117 nefarius
1275 2074 1353 2118 ne
1380 2057 1493 2119 iter
1515 2056 1759 2129 quidem
1783 2058 1863 2119 ad
1886 2060 2235 2132 sepulcrum

177 2140 448 2219 patrium
459 2140 830 2217 reliquisset,
843 2141 1146 2200 bonorum
1164 2138 1391 2210 emptio
1410 2135 1736 2207 flagitiosa,
1759 2144 2103 2206 possessio,
2117 2138 2235 2190 rur·

177 2224 265 2299 ta,
291 2224 564 2301 rapinae,
588 2223 974 2284 donationes,
1002 2220 1201 2281 Nemo
1223 2227 1359 2279 erat
1380 2216 1485 2293 qui
1509 2232 1635 2277 non
1663 2215 1885 2275 ardere
1911 2215 2015 2275 illa
2034 2213 2237 2274 omnia

178 2310 389 2368 mallet
430 2320 610 2382 quam
652 2304 863 2364 videre
901 2299 1158 2364 in-Sex.
1191 2300 1403 2364 Roscii
1439 2298 1556 2361 viri
1598 2299 1809 2376 optimi
1842 2306 2028 2372 atque
2051 2296 2241 2357 hone-

177 2388 438 2452 stissimi
463 2386 646 2449 bonis
675 2386 995 2447 iactantem
1028 2402 1099 2446 se
1127 2400 1200 2447 ac
1230 2384 1640 2446 dominantem
1666 2380 1730 2442 Τ.
1764 2380 2077 2442 Roscium.
2140 2379 2241 2441 25.

174 2474 397 2547 Itaque
423 2467 822 2531 decurionum
851 2470 1162 2529 decretum
1191 2467 1391 2528 statim
1422 2468 1519 2541 fit,
1561 2474 1629 2527 ut
1657 2464 1870 2525 decem
1896 2461 2072 2538 primi
2100 2476 2242 2539 pro-

180 2554 537 2616 ficiscantur
575 2552 654 2611 ad
693 2552 762 2611 L.
793 2550 1020 2612 Sullam
1050 2550 1437 2626 doceantque
1481 2564 1620 2609 eum
1671 2544 1778 2621 qui
1819 2546 1914 2606 vir
1944 2544 2089 2606 Sex.
2119 2546 2241 2605 Ro·

175 2637 354 2699 scius
403 2634 613 2696 fuerit=
661 2638 1114 2709 conquerantur
1159 2632 1238 2693 de
1278 2632 1535 2695 istorum
1587 2632 1822 2691 scelere
1869 2639 1929 2690 et
1977 2627 2241 2689 iniuriis=

176 2728 360 2781 orent
395 2726 463 2779 ut
503 2726 563 2779 et
602 2716 766 2777 illius
807 2714 1026 2776 mortui
1068 2716 1287 2775 famam
1328 2724 1389 2776 et
1429 2712 1537 2775 filii
1577 2712 1922 2774 innocentis
1966 2710 2242 2773 fortunas

181 2809 584 2865 conservatas
614 2799 778 2860 velit.
851 2800 1054 2874 Atque
1083 2797 1287 2873 ipsum
1316 2798 1655 2869 decretum,
1704 2810 1967 2870 quaes0,
2014 2810 2241 2872 cogno-

179 2885 357 2947 scite.
428 2878 736 2943 ni-:cn'it'rmu
778 2893 1175 2940 mensionum.
1244 2878 1453 2954 Legati
1481 2878 1542 2939 in
1574 2886 1775 2939 castra
1798 2876 2068 2939 veniunt.
2146 2877 2243 2937 ln-

180 2966 504 3041 telligitur,
557 2962 827 3037 iudiceS,
883 2959 948 3022 id
996 2962 1162 3038 quod
1202 2962 1324 3022 iam
1365 2968 1505 3023 ante
1543 2960 1699 3033 dixi,
1752 2958 2137 3036 imprudente
2176 2960 2243 3019 L.

179 3052 357 3112 Sulla
387 3050 624 3110 scelera
651 3047 805 3107 haec
835 3054 896 3106 et
925 3042 1154 3121 flagitia
1182 3042 1335 3105 fieri.
1388 3046 1538 3105 Nam
1569 3042 1770 3105 statim
1800 3042 2243 3119 Chrysogonus

177 3140 243 3195 et
272 3136 412 3208 ipse
440 3132 519 3191 ad
551 3144 662 3191 eos
693 3129 932 3188 accedit
961 3136 1021 3187 et
1048 3126 1329 3186 homines
1361 3125 1599 3184 nobiles
1632 3123 1895 3195 adlegat,
1926 3122 2099 3178 abiis
2132 3120 2236 3190 qui

181 3220 464 3292 peterent
497 3228 575 3273 ne
603 3213 682 3273 ad
714 3210 940 3273 Sullam
975 3206 1214 3270 adirent
1245 3216 1305 3269 et
1344 3206 1547 3270 omnia
1576 3204 2043 3283 Chrysogonum
2086 3222 2247 3278 quae

183 3300 414 3360 vellent
442 3311 586 3357 esse
618 3298 914 3357 facturum
944 3291 1393 3367 pollicerentur.
1460 3290 1561 3353 26.
1603 3290 1819 3363 Usque
1852 3286 2009 3347 adeo
2044 3294 2246 3347 autem
