2459 3817
1232 0 2459 30 ff*—

746 124 909 183 CAP.
955 130 1216 185 ’lo—⁷2.
1262 129 1317 189 S.
1349 129 1676 185 179-186.
2091 120 2206 183 181

140 289 369 347 meam,
403 289 587 349 quem
621 274 701 335 de
726 273 905 335 vobis
938 274 1167 345 haben,
1206 271 1516 346 fefellerit,
1556 288 1676 333 non
1707 274 1892 335 modo
1927 290 2040 335 eos
2069 291 2207 349 per-

142 356 353 431 sequi,
406 358 487 416 ad
539 372 698 431 quos
743 356 1009 417 maxime
1049 357 1236 431 culpa
1277 355 1550 431 corrupti
1590 355 1828 428 iudicii,
1878 357 1992 417 sed
2027 357 2209 419 etiam

139 438 310 512 ilios,
349 441 431 499 ad
474 456 633 515 quos
672 438 1088 500 conscientiae
1122 438 1408 513 contagio
1447 438 1788 513 pertinebit.
1850 438 2116 501 Proinde
2151 441 2205 501 si

141 522 246 597 qui
275 532 447 595 sunt,
489 522 595 597 qui
622 521 682 581 in
725 523 844 582 hoc
872 538 981 583 ree
1007 531 1117 582 aut
1138 531 1427 597 potentes
1453 530 1564 583 aut
1587 524 1857 583 audaces
1889 532 1996 584 aut
2021 523 2206 586 artifi-

142 619 249 664 ces
297 604 378 663 ad
409 606 919 680 corrumpendum
948 604 1240 665 iudicium
1269 604 1458 666 velint
1483 620 1655 676 esse,
1705 605 1790 665 ita
1827 604 1948 665 sint
1991 605 2202 679 parati,

138 697 237 761 ut,
279 688 661 763 disceptante
702 690 937 763 populo
978 689 1288 761 Romano,
1341 703 1581 748 mecum
1633 687 1750 750 sibi
1790 704 1920 747 rem
1960 688 2207 751 videant

136 770 427 829 futui-amr
482 778 573 842 et,
616 769 671 831 si
714 784 817 830 me
862 771 924 829 in
954 771 1075 830 hnc
1104 786 1245 843 reo,
1291 786 1472 844 quem
1499 769 1645 831 mihi
1673 770 1980 834 inimicum
2015 769 2202 831 Siculi

138 852 461 923 dederunt,
504 851 655 913 satis
683 854 1135 926 vehementem,
1178 852 1328 913 satis
1360 863 1891 927 perseverantem,
1937 855 2086 915 satis
2113 854 2205 915 vi·

135 934 593 1009 gilantcmesse
626 944 999 1011 cognorunt,
1042 934 1390 997 existiment
1417 934 1477 995 in
1529 935 1605 995 iis
1639 934 2019 1007 hominibuS,
2054 953 2205 1009 quo-

136 1031 268 1077 rum
304 1034 421 1093 ego
452 1017 793 1079 inimicitias
829 1018 1042 1093 populi
1067 1017 1330 1078 Romani
1356 1016 1806 1079 salutiscausa
1843 1034 2199 1093 suscepero,

137 1103 323 1159 inuito
358 1100 699 1175 graviorem
724 1109 914 1176 atque
946 1100 1244 1161 acriorem
1277 1102 1561 1163 [murum.

304 1266 531 1325 Lxxifh
592 1263 735 1327 184.
795 1266 967 1324 Nunc
990 1276 1088 1338 te,
1119 1263 1396 1339 luppiter
1423 1265 1655 1339 optime
1697 1264 1990 1331 maxime.
2021 1264 2200 1327 cuius

137 1347 253 1407 iste
284 1348 779 1421 donum-regale,
806 1346 1058 1423 dignum
1095 1358 1199 1408 tuo
1224 1347 1638 1422 pulcherrimo
1675 1350 1918 1423 templo,
1953 1346 2205 1422 dignum

138 1430 432 1504 Capitolio
474 1439 659 1505 atque
694 1431 818 1491 ista
856 1447 1000 1491 arce
1042 1430 1312 1491 omnium
1351 1430 1692 1504 nationum,
1741 1432 1994 1505 dignum
2031 1432 2203 1505 regio

136 1528 413 1586 munere,
436 1514 548 1578 *tibi
582 1516 803 1574 sactum
832 1515 911 1573 ab
948 1513 1229 1587 regibus,
1269 1512 1380 1573 tibi
1405 1512 1672 1575 dicatum
1712 1524 1901 1589 atque
1942 1514 2204 1589 promis-

134 1612 303 1669 sum,
332 1612 447 1671 per
472 1598 767 1657 nefarium
798 1598 1002 1657 scelus
1034 1598 1111 1657 de
1140 1595 1422 1657 manibus
1441 1596 1642 1671 regiis
1673 1596 1958 1667 extorsit,
1990 1597 2201 1658 cuius-

136 1695 257 1752 que
308 1680 761 1761 sanctissimum
809 1688 872 1739 et
918 1680 1388 1755 pulcherrimum
1438 1680 1827 1739 simulacrum
1866 1678 2202 1757 Syracusis

137 1762 407 1821 sustulitz
448 1772 650 1837 teque,
680 1764 833 1821 luno
862 1761 1105 1836 regina,
1140 1762 1316 1823 cuius
1345 1763 1473 1823 duo·
1505 1764 1645 1821 sana
1673 1763 1917 1823 duabus
1943 1760 2005 1822 in
2035 1762 2202 1825 insu-

134 1844 209 1904 lis
242 1844 445 1918 posita
472 1846 807 1917 sociorum,
840 1845 1083 1904 Melitae
1108 1855 1169 1905 et
1184 1844 1374 1917 Sami,
1404 1846 1798 1911 sanctissima.
1823 1853 1884 1905 et
1905 1844 2201 1919 antiquis·

134 1926 317 1996 sima,
352 1926 532 1986 simili
563 1930 799 1987 scelere
828 1925 991 1987 idem
1028 1928 1147 1987 iste
1174 1928 1464 1989 omnibus.
1489 1928 1670 1990 donis
1698 1927 2203 2003 ornamentisque

133 2006 415 2068 nudavit=
440 2017 645 2081 teque,
670 2008 959 2076 Minerva,
992 2021 1175 2079 quam
1198 2010 1341 2069 item
1367 2010 1532 2081 [iste]
1561 2009 1807 2070 duobus
1837 2010 1900 2071 in
1935 2010 2201 2077 clarissi-

130 2091 247 2149 mis
268 2101 340 2151 -ct
366 2089 849 2167 religiosissimis
882 2094 1123 2167 templis
1154 2092 1482 2167 expilavit,
1511 2094 1770 2155 Athenis
1786 2141 1800 2163 ‚
1846 2112 2035 2168 quum
2065 2093 2201 2155 auri

129 2175 363 2249 grande
406 2176 669 2249 pondus,
707 2175 1071 2251 Syracusis,
1108 2193 1296 2249 quum
1344 2175 1547 2237 emnia
1587 2187 1831 2252 praete-r
1863 2188 2096 2239 tectum
2139 2183 2202 2233 et

130 2259 396 2331 parietes
442 2258 719 2319 abstufite
778 2258 917 2320 185.
966 2269 1181 2333 teque,
1233 2260 1465 2321 Latona
1521 2269 1582 2321 et
1628 2261 1852 2335 Apollo
1885 2270 1947 2321 et
1983 2259 2194 2322 Diana-

130 2356 389 2414 qucrum
418 2338 535 2401 iste
568 2342 701 2401 Deli
732 2358 857 2401 non
882 2343 1121 2403 fanum.
1166 2344 1309 2404 sed.
1332 2351 1400 2403 ut
1431 2342 1742 2405 hominum
1776 2341 1982 2415 opinio
2011 2351 2074 2403 et
2105 2358 2200 2403 re-

109 2423 270 2498 ligio
300 2425 685 2495 sert‚·sedem
718 2424 1030 2499 antiquam
1061 2424 1457 2499 divinumque
1483 2422 1858 2490 demicilium
1876 2456 1881 2461 ·
1901 2435 2199 2486 nocturno

128 2506 449 2567 latrocinio
464 2516 657 2581 atque
684 2507 914 2583 impetu
940 2508 1326 2581 compilavit=
1369 2509 1552 2569 etiam
1579 2517 1668 2581 te,
1711 2509 1970 2583 Apollo,
2009 2524 2199 2583 quem

125 2588 243 2649 iste
284 2588 433 2650 chio
472 2589 749 2651 sustulita
802 2601 987 2665 teque
1014 2591 1207 2653 *etiam
1235 2599 1422 2666 atque
1462 2591 1673 2663 etiam,
1729 2590 1953 2663 Diana,
2005 2606 2198 2665 quam

94 2684 107 2709 -’
124 2671 355 2746 Pergae
382 2672 669 2747 spoliavit
682 2719 705 2745 ,.
741 2674 919 2735 cuius
947 2674 1336 2735 simulacrum
1386 2672 1842 2735 sanctissimum
1859 2674 2198 2747 „Segestae

100 2754 219 2814 ·bis
250 2756 416 2829 apud
438 2755 1316 2829 Segestanoscensecratum,
1354 2759 1544 2819 semel
1573 2756 1852 2831 ipsorum
1879 2756 2198 2831 religione,

122 2838 339 2898 iterum
357 2838 423 2896 P.
450 2839 720 2897 Africani
746 2838 1034 2912 victoria,
1066 2841 1396 2899 tollendum
1428 2841 1996 2915 asportandumque
2020 2856 2198 2907 cum-

122 2921 238 2980 vit=
279 2930 495 2995 teque,
522 2920 825 2988 Mercuri,
858 2924 1300 2995 quem=verres
1331 2922 1390 2982 in
1417 2924 1608 2984 domo
1637 2931 1698 2984 et
1725 2922 1788 2985 in
1819 2923 2059 2999 privata
2087 2921 2195 2983 ali-

123 3018 247 3077 qua
290 3004 593 3077 palaestra
640 3003 877 3078 posuit,
926 3003 990 3061 P.
1034 3004 1362 3064 Africanus
1403 3005 1462 3065 in
1507 3006 1664 3067 urbe
1707 3007 2016 3071 socierum
2045 3015 2110 3067 et
2133 3004 2194 3066 in

118 3086 445 3163 gymnasio
476 3086 1028 3164 Tyndaritanorum
1075 3086 1414 3149 iuventutis
1461 3087 1701 3149 illorum
1753 3091 2075 3151 custodem
2119 3106 2194 3149 aa.

120 3169 468 3243 praesidem
517 3169 712 3229 voluit
766 3186 941 3231 esse:
992 3166 1153 3231 186.
1174 3180 1412 3245 teque,
1460 3172 1789 3244 Hercules,
1849 3187 2032 3246 quem
2078 3170 2197 3231 iste

118 3251 464 3325 Agrigenti,
496 3264 679 3312 nocte
698 3251 1099 3327 intempesta,
1144 3269 1462 3315 servor-um
1499 3254 1796 3315 instructa
1838 3264 1900 3314 et
1945 3270 2196 3328 compa·

116 3343 249 3395 rata
282 3349 495 3407 manu,
529 3337 877 3395 convellere
898 3350 980 3395 ex
1006 3335 1141 3397 suis
1170 3336 1426 3397 sedibus
1453 3346 1639 3411 atque
1668 3337 1908 3397 auferre
1937 3346 2194 3398 conatus
