2459 3817
727 162 890 223 CAP.
924 168 1191 225 33—35.
1232 165 1287 229 S.
1314 166 1579 224 89-95-
2077 158 2197 222 171

117 325 191 378 et
217 324 284 378 ut
309 314 520 377 vivete
550 313 730 375 liceat
767 314 1164 377 obsecrantes
1193 309 1376 373 etiam
1408 310 1621 373 odisse
1652 312 1956 387 solemuS,
2002 312 2193 375 fortes

117 409 188 463 et
213 398 528 461 animosos
563 404 625 459 et
661 412 732 457 se
771 395 995 458 acriter
1021 394 1196 472 ipsos
1231 394 1411 457 morti
1450 393 1780 456 offerentes
1811 409 2061 456 servare
2090 410 2195 456 cu·

120 482 360 560 ..pimuS,
393 495 730 555 eorumque
757 495 874 541 nos
903 480 1095 554 magis
1123 476 1388 551 miseret,
1416 478 1519 552 qui
1552 486 1824 540 nostram
1852 476 2195 539 misericor·

119 565 290 626 <liam
318 562 813 639 nonai-equitant,
861 578 1042 638 quam
1071 561 1176 639 qui
1203 560 1367 622 illam
1390 559 1763 637 efflagitant,
1814 568 2043 638 quanto
2076 560 2194 623 hoc

127 646 325 723 magis
355 646 416 706 in
451 644 798 707 fortissimis
827 644 1066 706 civibus
1090 647 1291 705 facere
1312 644 1656 705 debemus?
1678 642 1783 706 93.
1804 644 1905 705 Me
1929 643 2193 721 quidem,

120 730 394 803 iudiceS,
439 728 786 790 exanimant
827 737 890 790 et
928 726 1277 790 interimunt
1313 728 1431 788 hae
1476 742 1667 789 voces
1710 725 2009 803 MiloniS,.
2038 742 2195 803 quas

126 812 310 875 audio
345 812 604 873 adsidue
635 820 696 874 et
735 811 958 888 quibus
997 811 1289 873 intersum
1334 808 1580 871 cotidie.
1664 811 1953 885 Valeant,
1982 809 2199 886 inquit,

122 898 372 957 valeant
415 894 586 956 cives
619 896 768 956 meix
809 894 932 955 sint
960 894 1301 956 incolumes
1319 939 1335 968 ,
1364 891 1487 955 sint
1514 892 1826 966 florentes,
1857 894 1978 955 sint
2002 892 2199 954 beati:

129 986 249 1040 stet
287 978 444 1039 haec
474 978 624 1039 urbs
669 978 987 1054 praeclara
1025 977 1297 1053 mihique
1326 975 1521 1052 patria
1549 976 1897 1052 carissima,
1945 991 2195 1052 quoquo

122 1062 314 1122 mode
361 1059 476 1121 erit
523 1062 738 1122 merita
783 1061 862 1121 de
907 1074 1034 1119 mee
1091 1058 1417 1134 tranquilla
1454 1074 1527 1119 re
1560 1058 1807 1134 publica
1846 1060 1967 1121 mei
2007 1058 2197 1133 civeS,

124 1142 418 1220 quoniam
456 1142 598 1203 mihi
639 1158 778 1204 cum
807 1143 926 1204 illis
957 1158 1080 1204 non
1112 1144 1281 1214 licet,
1320 1142 1451 1203 sine
1480 1157 1581 1203 me
1607 1142 1759 1218 ipsi,
1800 1144 1914 1223 sed
1950 1150 2202 1218 propter

125 1242 227 1287 me
253 1234 455 1287 tamen
486 1227 898 1301 perfruantur-2
929 1240 1046 1301 ego
1079 1224 1294 1286 cedam
1322 1232 1509 1300 atque
1536 1225 1751 1287 abibo=
1782 1227 1836 1287 si
1862 1224 2009 1286 mihi
2035 1226 2197 1286 bona

127 1325 197 1371 re
225 1308 623 1385 publicarrrui
653 1324 777 1369 non
807 1308 1058 1382 licuerit,
1087 1312 1147 1369 at
1175 1307 1399 1369 carebo
1428 1310 1606 1384 mala,
1646 1317 1707 1369 et
1729 1325 1910 1383 quam
1939 1306 2199 1384 primum

127 1393 382 1469 tetigero
411 1393 570 1453 bene
601 1398 892 1453 moratam
921 1398 984 1452 et
1022 1390 1275 1465 liberam
1316 1388 1649 1466 civitatem,
1696 1392 1756 1451 in
1798 1408 1873 1453 ea
1910 1390 2201 1466 conquie-

127 1490 316 1537 scam.
401 1473 506 1537 94.
537 1474 584 1534 0
620 1476 868 1546 frustra,
905 1472 1127 1550 inquit,
1170 1471 1317 1533 mihi
1347 1475 1620 1549 suscepti
1648 1474 1927 1536 labores!
1982 1491 2019 1537 o
2051 1489 2199 1551 spes

129 1559 380 1620 fallaces
421 1565 484 1619 et
529 1557 930 1633 cogitationes
976 1557 1192 1617 inanes
1235 1564 1441 1617 meae!
1526 1556 1659 1632 Ego
1702 1573 1892 1632 quum
1922 1556 2199 1620 tribunus

133 1640 331 1717 plebis
355 1656 424 1700 re
455 1640 699 1715 publica
729 1656 1033 1717 oppressa
1065 1654 1164 1701 me
1200 1638 1438 1702 senatui
1481 1638 1791 1700 dedissem
1814 1686 1831 1715 ‚
1877 1654 2059 1715 quem
2092 1654 2197 1700 ex-

133 1718 413 1783 stInctum
443 1738 835 1799 acceperam,
865 1722 1173 1797 equitibus
1199 1720 1512 1794 Romame,
1546 1737 1801 1797 quorum
1830 1720 1998 1783 vires
2030 1729 2203 1783 erant

133 1805 386 1877 debiles,
417 1805 597 1866 bonis
623 1804 792 1878 viris,
825 1803 930 1879 qui
959 1818 1201 1865 omnem
1229 1802 1649 1865 auctoritatem
1674 1803 1982 1865 Clodianis
2018 1802 2202 1864 armis

137 1886 501 1959 abiecerunt,
524 1885 668 1947 mihi
689 1900 976 1961 umquam
999 1886 1301 1947 bonorum
1329 1886 1701 1961 praesidium
1725 1886 2069 1949 defuturum
2092 1902 2203 1962 pu·

133 1978 368 2033 tarem?
394 1984 510 2045 ego
543 1986 730 2044 quum
761 1977 824 2029 te
851 2002 930 2015 --
972 1982 1210 2030 mecum
1231 1968 1393 2029 enim
1427 1967 1793 2044 saepissime
1823 1968 2093 2045 loquitur
2121 1999 2207 2015 --

134 2051 370 2130 patriae
399 2049 976 2131 reddidissem,mihi
1005 2060 1280 2127 putarem
1312 2052 1374 2111 in
1415 2050 1610 2127 patria
1650 2068 1773 2113 non
1815 2055 2076 2114 futurum
2118 2053 2205 2115 lo-

31 2130 54 2149 ‘
134 2143 320 2197 cum?
347 2136 462 2197 Ubi
485 2152 648 2197 nunc
669 2143 922 2197 senatus
953 2143 1078 2209 est,
1110 2149 1293 2211 quem
1317 2132 1513 2196 secuti
1543 2142 1803 2197 sumus?
1828 2135 1933 2198 ubi
1962 2133 2203 2211 equites

134 2219 396 2281 Romani
423 2218 538 2292 illi,
568 2218 684 2295 illi,
719 2218 943 2293 inquit,
985 2219 1115 2279 tui?
1157 2218 1259 2279 ubi
1302 2217 1505 2279 studia
1554 2218 2063 2295 municipiorum?
2102 2216 2206 2279 ubi

135 2300 347 2363 ltaliae
375 2308 612 2363 voces?
655 2300 760 2363 ubi
812 2298 1078 2376 denique
1109 2308 1214 2363 tua
1245 2300 1379 2375 illa,
1432 2300 1514 2361 Μ.
1536 2301 1709 2377 Tulli,
1742 2318 1903 2379 quae
1930 2299 2207 2377 plurimis

138 2386 248 2445 luit
275 2384 504 2446 auxilio
521 2431 541 2459 ,
570 2400 698 2446 vox
727 2391 912 2459 atque
938 2384 1264 2446 defensio?
1302 2382 1531 2446 mihine
1570 2400 1647 2445 ea
1676 2384 1825 2459 soli,
1865 2384 1971 2461 qui
2004 2401 2117 2461 pro
2144 2392 2207 2444 te

51 2533 63 2539 ,
137 2466 362 2530 totiens
391 2466 568 2529 morti
603 2484 700 2529 me
729 2466 939 2541 obtuli,
969 2467 1116 2528 nihil
1145 2474 1352 2544 potest
1382 2466 1707 2543 opitulari?

261 2550 501 2611 XXXV.
539 2548 642 2613 95.
683 2550 808 2612 Nec
841 2566 989 2613 vero
1016 2550 1200 2626 haec,
1246 2549 1513 2623 iudiceS,
1554 2558 1624 2612 ut
1653 2568 1769 2627 ego
1798 2568 1995 2625 nunc,
2027 2549 2207 2626 flenS,

140 2632 255 2695 sed
297 2632 418 2694 hoc
455 2635 675 2695 eodem
707 2632 974 2710 loquitur
1007 2636 1176 2696 vultu
1213 2650 1336 2710 quo
1377 2634 1619 2695 videtis.
1703 2634 1897 2709 Negat
1924 2634 2085 2695 enim
2116 2649 2206 2707 se,

137 2724 322 2791 negat
359 2714 610 2791 ingratis
651 2715 887 2779 civibus
928 2717 1152 2778 secisse
1193 2734 1352 2793 quae
1375 2716 1615 2789 fecerit,
1664 2716 1885 2777 timidis
1920 2725 1981 2779 et
2004 2716 2207 2779 omnia

135 2798 770 2872 circumspicientibus
808 2800 1084 2875 pericula
1125 2816 1245 2860 non
1280 2807 1480 2875 negat.
1566 2800 1811 2860 Plebem
1842 2805 1904 2861 et
1941 2798 2208 2861 infimam

137 2878 612 2953 multitudinem,
662 2898 824 2957 quae
851 2882 914 2942 P.
950 2880 1161 2942 Clodio
1199 2882 1359 2943 duce
1398 2882 1657 2943 fortunis
1687 2881 1907 2943 vestris
1936 2882 2209 2944 immine·-

137 2965 274 3037 bat,
296 2978 460 3037 eam,
500 2980 622 3039 quo
650 2964 834 3025 tutior
863 2971 1030 3025 esset
1057 2972 1265 3025 vestra
1292 2962 1443 3036 vita,
1490 2980 1561 3025 se
1590 2963 1815 3026 secisse
1844 2980 2209 3027 commemo·

137 3054 236 3109 rat
263 3054 480 3109 utnon
515 3047 700 3109 modo
733 3045 952 3109 virtute
980 3045 1273 3125 flecteret,
1302 3047 1415 3130 sed
1444 3050 1623 3109 etiam
1642 3046 1838 3110 tribus
1867 3051 1997 3112 suis
2026 3047 2211 3126 patri·

140 3128 366 3191 moniis
411 3128 709 3206 deliniret,
737 3144 853 3191 nec
879 3130 1048 3191 timet
1075 3145 1172 3205 ne,
1210 3146 1395 3207 quum
1428 3132 1669 3207 plebem
1702 3134 2053 3194 muneribus
2084 3131 2209 3206 pla·

142 3210 324 3286 carit,
369 3229 485 3275 vos
527 3229 650 3275 non
681 3212 1017 3276 conciliarit
1043 3214 1273 3275 meritis
1302 3213 1363 3274 in
1405 3230 1532 3276 rem
1562 3216 1865 3291 publicam
1896 3211 2203 3290 singulari·

140 3294 283 3355 bus.
369 3294 633 3360 Senatus
671 3312 818 3374 erga
863 3313 934 3359 se
967 3296 1451 3360 benevolentiam
1493 3298 1873 3375 temporibus
1916 3296 2013 3359 his
2056 3294 2215 3372 ipsis

143 3392 338 3455 saepe
365 3394 511 3441 esse
537 3388 920 3457 perspectam
938 3425 954 3453 ,
998 3386 1239 3441 vestras
1272 3396 1423 3443 vero
1466 3389 1527 3442 et
1558 3389 1901 3443 vestrorum
1935 3377 2215 3442 ordinum
