2459 3817
825 107 988 165 cAP.
1015 115 1210 168 5—8.
1255 113 1306 172 s.
1341 115 1597 168 ιιι-πο.
2116 104 2235 169 147

189 264 283 317 tur
315 255 438 314 ulla
470 253 748 328 quaestio
785 255 864 313 de
891 253 1162 313 Africani
1183 263 1373 315 morte
1406 256 1529 315 lata
1554 261 1689 314 est?
1722 261 1883 316 certe
1910 257 2091 316 nulla.
2138 256 2237 320 17.

189 335 344 411 Quid
369 334 496 394 ita?
539 333 684 408 quia
712 351 836 396 non
865 335 984 394 alio
1019 336 1285 397 facinore
1314 336 1459 398 clari
1487 337 1795 410 homines,
1829 335 1952 397 alio
1991 339 2235 403 obscuri

189 423 496 478 ineantur.
580 416 824 477 Intersit
862 416 1017 476 inter
1055 417 1216 478 vitae
1253 417 1597 493 dignitatem
1646 435 2015 480 summorum
2046 427 2239 496 atque

189 500 560 560 infimorumz
600 513 768 558 mors
811 497 1054 572 quidem
1097 498 1259 560 illata
1304 517 1415 576 per
1452 501 1655 561 scelus
1685 501 1901 561 iisdem
1930 509 1991 562 et
2019 502 2239 576 poenis

193 589 464 644 effleatul'
503 587 565 639 et
606 578 866 654 legibus.
947 579 1076 641 Nisi
1123 584 1277 642 forte
1318 581 1511 658 magis
1544 583 1656 642 erit
1682 582 2018 658 parricida,
2050 583 2238 660 siqui

190 663 567 724 consularem
604 669 834 737 patrem
886 679 1064 736 quam
1109 661 1163 722 si
1205 663 1343 736 quis
1385 663 1668 725 humilem
1697 668 1958 737 necarit,
2004 674 2110 726 aut
2164 683 2237 726 eo

187 759 354 806 mors
381 746 644 805 atrocior
665 743 782 804 erit
809 744 872 803 P.
903 744 1114 817 Clodii,
1149 747 1317 818 quod
1346 744 1401 805 is
1430 744 1487 803 in
1518 746 1920 808 monumentis
1943 747 2233 808 maiorum

193 843 442 888 suorum
471 825 551 886 sit
577 825 926 887 interfectus
957 857 1044 870 —-
1071 827 1190 887 hoc
1217 826 1378 887 enim
1406 827 1485 885 ab
1517 825 1651 886 istis
1680 842 1868 901 saepe
1898 827 2115 889 dicitnr
2132 861 2235 902 —,

188 909 443 986 proinde
477 909 654 982 quasi
695 909 934 983 Appius
980 907 1080 966 ille
1108 909 1339 968 Caecus
1376 907 1537 968 viam
1560 907 1907 980 muniverit,
1951 925 2075 970 non
2116 928 2237 986 qua

187 993 454 1066 populus
483 998 767 1062 uteretur,
797 990 910 1048 sed
937 989 1039 1048 ubi
1070 989 1315 1063 impune
1339 988 1435 1050 sui
1462 988 1692 1063 posteri
1711 989 2237 1052 latrocinarenturt

189 1072 290 1134 18.
317 1074 531 1145 Itaque
561 1070 620 1130 in
652 1072 866 1130 eadem
895 1071 1012 1130 ista
1037 1071 1240 1144 Appia
1270 1070 1369 1130 via
1396 1087 1583 1145 quum
1605 1071 2051 1132 ornatissimum
2070 1075 2237 1148 equi-

189 1163 309 1214 tem
354 1155 688 1212 Romanum
719 1152 783 1210 P.
829 1150 1074 1212 Clodius
1107 1151 1186 1210 Μ.
1226 1151 1527 1226 Papirium
1568 1151 1923 1226 occidisset,
1966 1170 2089 1214 non
2130 1153 2240 1216 fuit

189 1235 336 1295 illud
371 1233 607 1294 facinus
635 1234 1070 1308 poeniendum
1116 1234 1299 1293 homo
1334 1233 1493 1294 enim
1524 1233 1745 1295 nobilis
1767 1233 1827 1293 in
1868 1235 1996 1296 suis
2024 1253 2238 1298 monu-

190 1316 409 1378 mentis
450 1314 714 1390 equitem
742 1317 1077 1376 Romanurn
1121 1317 1455 1376 occiderat:
1497 1332 1656 1376 nunc
1698 1315 1973 1378 eiusdem
1998 1319 2239 1395 Appiae

189 1414 408 1460 nomen
425 1407 684 1473 quantas
697 1398 1044 1472 tragoedias
1058 1398 1309 1480 eqtcitat!
1336 1397 1501 1471 Quae
1522 1407 1831 1459 cruentata
1852 1408 2029 1462 antea
2048 1403 2237 1462 caede

187 1480 428 1544 honesti
479 1489 662 1554 atque
703 1480 1044 1542 innocentis
1085 1480 1198 1541 viri
1240 1479 1556 1552 silebatur,
1590 1483 1801 1542 endem
1830 1499 1992 1544 nunc
2022 1485 2237 1544 crebro

189 1571 543 1638 usurpatur,
591 1572 806 1637 postea
853 1579 1032 1639 quam
1060 1563 1310 1624 latronis
1338 1572 1398 1623 et
1423 1563 1761 1639 parricidae
1790 1565 2089 1640 sanguine
2127 1565 2229 1626 im-

189 1647 334 1706 buta
367 1652 478 1706 est.
535 1645 661 1706 Sed
693 1645 842 1721 quid
871 1662 984 1720 ego
1015 1646 1116 1704 illa
1144 1652 1595 1707 commemoro?
1624 1644 2115 1719 comprehensus
2142 1655 2238 1708 est

195 1726 250 1788 in
280 1727 506 1800 templo
538 1727 806 1788 Castoris
842 1744 1057 1786 servus
1087 1728 1148 1792 P.
1191 1726 1413 1798 Clodii,
1456 1741 1633 1801 quem
1674 1726 1774 1786 ille
1811 1728 1889 1786 ad
1934 1728 2035 1786 Cn.
2058 1728 2236 1788 Pom-

192 1808 393 1884 peium
435 1807 914 1868 interficiendum
957 1809 1315 1868 collocarat:
1354 1815 1592 1868 extorta
1624 1815 1719 1867 est
1762 1809 2072 1870 confitenti
2110 1809 2237 1869 sica

194 1893 271 1952 de
327 1889 635 1950 manibus=
676 1889 868 1950 caruit
906 1892 1038 1950 roro
1095 1897 1311 1964 postea
1352 1887 1710 1964 Pompeius„
1771 1889 1963 1952 caruit
2002 1899 2237 1963 senatu,

193 1971 381 2034 caruit
404 1970 678 2046 publicos
721 1973 902 2031 ianua
925 1988 995 2032 se
1022 1986 1093 2031 ac
1127 1969 1489 2046 parietibus,
1538 1987 1661 2031 non
1695 1969 1825 2032 iure
1854 1973 2055 2046 legum
2084 1970 2237 2034 iudi-

194 2055 547 2128 ciorumque
577 2053 742 2114 texit.
791 2052 892 2114 19.
927 2053 1078 2114 Num
1105 2069 1265 2128 quae
1292 2052 1525 2128 rogatio
1556 2054 1693 2126 lata,
1716 2070 1857 2113 num
1886 2070 2045 2128 qnae
2076 2071 2237 2116 nova

195 2137 470 2212 quaestio
515 2136 759 2195 decreta
803 2143 936 2196 est?
973 2136 1158 2211 Atqui
1203 2135 1258 2196 si
1284 2152 1418 2208 reS,
1460 2135 1513 2196 si
1546 2135 1667 2209 vir,
1692 2135 1746 2195 si
1775 2143 2015 2211 tempus
2049 2138 2234 2198 ullum

196 2218 442 2292 dignum
475 2217 613 2290 ruit,
656 2226 818 2279 certe
860 2219 1011 2278 haee
1051 2217 1112 2278 in
1141 2216 1243 2277 illa
1272 2233 1459 2278 causa
1488 2233 1720 2278 summa
1748 2217 1950 2278 omnia
1978 2219 2235 2280 fuerunt.

191 2300 518 2362 Insidiator
544 2308 674 2360 erat
703 2298 764 2360 in
795 2302 930 2362 soro
961 2302 1293 2362 collocatus
1326 2308 1509 2375 atque
1537 2300 1599 2359 in
1631 2299 1935 2362 vestibulo
1976 2299 2117 2375 ipso
2140 2317 2235 2362 se-

191 2391 397 2458 natuS,
427 2382 484 2443 ei
513 2381 642 2444 viro
675 2392 876 2444 antem
901 2398 1066 2444 mors
1096 2383 1448 2457 parabatur,
1490 2382 1664 2442 cuius
1695 2385 1758 2441 in
1784 2382 1911 2443 vita
1942 2382 2238 2444 nitebatur

193 2467 361 2527 salus
393 2465 680 2538 civitatis,
723 2482 798 2526 eo
830 2482 1012 2540 porro
1045 2466 1134 2526 rei
1161 2464 1440 2540 publicae
1472 2473 1775 2539 tempore,
1815 2480 1969 2540 quc,
2003 2465 2056 2525 si
2080 2481 2236 2525 unns

189 2550 288 2610 ille
319 2546 660 2622 cecidisset,
687 2565 808 2609 non
829 2550 980 2609 haec
1005 2552 1198 2610 solum
1222 2546 1452 2620 civitas,
1484 2549 1597 2608 sed
1624 2556 1835 2622 gentes
1859 2562 2070 2608 omnes
2094 2561 2237 2608 con-

191 2629 499 2692 cidissent.
561 2631 688 2692 Nisi
718 2648 862 2692 vero
895 2630 1037 2706 quia
1066 2633 1330 2708 perfecta
1358 2645 1459 2692 res
1488 2646 1609 2690 non
1646 2638 1756 2704 est,
1786 2644 1907 2689 non
1943 2629 2055 2690 fuit
2088 2645 2238 2704 poe-

191 2713 451 2785 nienda,
484 2713 740 2786 proinde
774 2715 953 2788 quasi
981 2712 1176 2774 exitus
1207 2729 1437 2785 rerum,
1483 2729 1603 2775 non
1643 2711 1952 2774 hominum
1985 2710 2238 2772 consilia

192 2794 428 2870 legibus
469 2792 864 2855 vindicentur.
909 2841 914 2846 .
948 2795 1147 2856 Minus
1183 2795 1511 2855 dolendum
1556 2795 1668 2855 ruit
1702 2809 1771 2853 re
1802 2811 1921 2854 non
1948 2795 2237 2867 perfecta,

191 2878 306 2939 sed
337 2877 740 2952 poeniendum
771 2885 934 2938 certe
965 2876 1148 2937 nihilo
1182 2874 1399 2937 minus.
1486 2873 1587 2936 20.
1618 2874 1905 2948 Quotiens
1938 2891 2053 2950 ego
2079 2875 2235 2950 ipse,

191 2959 446 3032 iudieeS‚
478 2975 556 3019 ex
581 2959 644 3018 P.
676 2959 868 3020 Clodii
902 2957 1036 3020 telis
1065 2968 1231 3021 etex
1258 2957 1525 3019 cruentis
1553 2959 1684 3019 eius
1714 2957 1989 3019 manibus
2020 2956 2234 3031 effugit

193 3058 273 3104 ex
325 3041 546 3118 quibus
588 3041 642 3102 si
682 3058 778 3103 me
819 3058 940 3102 non
985 3043 1079 3103 vel
1118 3057 1253 3102 mea
1284 3041 1377 3101 vel
1412 3042 1500 3101 rei
1531 3040 1809 3115 publicae
1838 3041 2078 3100 fortuna
2108 3055 2234 3100 ser-

192 3134 434 3198 vasset,
465 3123 602 3198 quis
637 3126 878 3186 tandem
924 3126 1002 3185 de
1041 3123 1281 3186 interitu
1321 3139 1457 3185 meo
1504 3124 1920 3198 quaestionem
1960 3122 2239 3183 tulisset?

196 3207 348 3266 vm.
379 3206 504 3268 Sed
533 3206 696 3269 stulti
731 3223 940 3268 sumus
969 3206 1074 3282 qui
1105 3208 1399 3279 Drusum,
1432 3205 1535 3280 qui
1563 3205 1943 3277 Africanum,
1983 3203 2234 3278 Pompe-

195 3287 334 3360 ium,
361 3299 598 3350 nosmet
624 3291 799 3392 ipsos
829 3307 964 3351 cum
990 3290 1054 3349 P.
1085 3290 1295 3350 Clodio
1328 3290 1603 3350 conferre
1630 3289 1980 3424 affissamus·
2063 3284 2233 3345 'rote-
