2459 3817
231 133 355 198 120
757 137 908 202 PRO
941 140 1055 202 CN.
1080 140 1408 203 PLANCIO
1454 143 1758 203 ORATIO.

223 294 399 357 Creta
432 293 552 354 hoc
581 291 950 368 imperatore
972 300 1032 353 et
1062 292 1342 355 tribunus
1374 293 1435 354 in
1456 294 1821 356 Macedonia
1843 291 2094 354 militum
2116 293 2307 357 ruerit

223 387 286 439 at
315 385 605 453 quaestor
634 383 859 439 tantum
895 393 976 438 ex
995 390 1064 436 re
1084 375 1326 437 militari
1366 378 1696 440 detraxerit
1730 375 2055 452 temporiS,
2103 393 2303 452 quan-

223 471 349 523 tum
392 459 455 520 in
496 476 594 520 me
638 459 1103 522 custodiendum
1145 462 1474 521 transferre
1512 461 1806 522 maluerit.
1888 459 1993 522 62.
2041 460 2305 533 Quaeris

223 561 365 606 num
397 541 663 603 disertus
694 542 814 603 sit?
854 542 1073 614 Immo,
1103 541 1167 602 id
1198 545 1367 618 quod
1396 546 1733 605 secundum
1766 551 1877 614 est,
1908 559 1987 603 ne
2016 541 2129 603 sibi
2166 543 2303 619 qui-

225 629 366 686 dem
406 625 661 686 videtur.
745 625 898 686 Num
940 625 1089 692 iuris
1118 627 1480 688 consultus?
1525 627 1701 701 quasi
1734 627 2057 702 quisquam
2086 625 2171 688 sit
2192 625 2304 702 qui

223 709 341 769 sibi
363 708 524 768 hunc
545 709 761 769 salsum
787 709 866 769 de
885 708 1018 770 iure
1037 709 1440 784 respondisse
1463 711 1643 771 dicat.
1686 709 1909 770 Omnes
1928 709 2091 769 enim
2118 711 2303 770 istius

227 791 392 852 modi
429 800 592 853 artes
631 793 693 852 in
739 791 816 853 iis
847 791 1414 868 reprehenduntur,
1454 794 1560 868 qui
1592 810 1780 868 quum
1826 793 2091 868 professi
2135 800 2299 865 sunt,

227 876 374 936 satis
406 876 607 936 facere
633 891 756 936 non
785 883 1078 950 possunt,
1119 891 1242 936 non
1271 877 1331 936 in
1364 875 1470 949 iis,
1516 876 1621 951 qui
1651 893 1723 938 se
1760 875 1993 936 aruisse
2033 877 2111 936 ab
2161 875 2298 936 istis

226 958 446 1020 studiis
477 959 860 1020 confitentur.
932 959 1163 1034 Virtus,
1195 959 1490 1035 probitaS,
1517 958 1828 1035 integritas
1857 960 1917 1017 in
1948 956 2295 1031 candidato,

225 1059 348 1102 non
377 1043 622 1118 linguae
650 1041 1028 1115 volubilitas,
1070 1057 1193 1102 non
1227 1058 1363 1117 ars,
1404 1059 1526 1102 non
1562 1041 1818 1103 scientia
1858 1041 2088 1117 requiri
2116 1043 2297 1102 solet.

223 1126 302 1186 Ut
323 1141 438 1187 nos
466 1125 526 1185 in
558 1124 878 1199 mancipiis
913 1125 1204 1200 parandis
1236 1125 1517 1202 quamvis
1546 1125 1703 1200 frugi
1730 1125 2059 1198 hominem,
2092 1122 2147 1186 si
2176 1141 2299 1200 pro

227 1207 398 1268 fabro
429 1217 535 1268 aut
569 1225 679 1283 pro
714 1215 944 1270 tectore
973 1210 1229 1270 emimus
1248 1254 1265 1283 ‚
1297 1210 1455 1268 serre
1485 1211 1742 1270 moleste
1781 1209 2072 1282 solemus,
2104 1206 2157 1266 si
2185 1223 2297 1267 eas

227 1299 408 1364 arteS‚
437 1308 594 1367 quas
621 1290 682 1350 in
717 1294 976 1353 emendo
1007 1293 1201 1354 secuti
1231 1309 1465 1366 sumus,
1512 1294 1673 1354 forte
1712 1290 2024 1362 nesciunt,
2062 1288 2155 1350 sin
2186 1307 2295 1350 au·

225 1383 346 1434 tem
379 1373 634 1433 emimus
669 1391 848 1448 quem
881 1374 1120 1436 vilicum
1150 1373 1627 1449 imponeremus
1660 1391 1841 1449 quem
1876 1371 2086 1448 pecori
2114 1388 2293 1448 prae·

227 1455 572 1530 flectemus,
605 1455 749 1530 nihil
780 1455 840 1516 in
871 1471 946 1518 eo
979 1457 1096 1518 nisi
1127 1459 1557 1533 frugalitatem,
1599 1459 1896 1530 laborem,
1930 1455 2297 1530 vigilantiam

229 1553 372 1598 esse
430 1552 712 1600 curamus
741 1583 756 1611 ‚
801 1539 892 1600 sic
949 1542 1220 1616 populus
1273 1543 1587 1603 Romanus
1646 1539 1855 1616 deligit
1907 1540 2296 1614 magistratus

233 1619 410 1696 quasi
442 1619 532 1681 rei
563 1621 845 1697 publicae
877 1621 1126 1686 vilicos=
1155 1622 1217 1684 in
1248 1624 1472 1698 quibus
1496 1626 1550 1686 si
1576 1640 1696 1698 qua
1720 1632 2035 1699 praeterea
2058 1629 2155 1683 est
2175 1638 2295 1694 ars,

228 1703 404 1766 facile
435 1704 686 1779 patitur=
715 1707 808 1768 sin
836 1705 1054 1781 minus,
1087 1705 1306 1768 virtute
1340 1725 1548 1769 eorum
1585 1715 1645 1768 et
1672 1704 2018 1768 innocentia
2049 1712 2293 1766 conten-

225 1796 324 1849 tus
353 1795 468 1848 est.
521 1789 756 1864 Quotus
786 1789 946 1852 enim
980 1793 1245 1867 quisque
1275 1791 1557 1864 disertus,
1595 1800 1817 1866 quotus
1855 1787 2119 1865 quisque
2146 1788 2296 1849 iuris

226 1871 457 1948 peritus
487 1881 613 1948 est,
646 1883 712 1936 ut
741 1889 850 1935 eos
881 1891 1181 1948 numere3‚
1227 1873 1333 1950 qui
1364 1876 1576 1935 volunt
1604 1880 1792 1934 esse?
1832 1871 2006 1946 Quod
2037 1871 2089 1932 si
2118 1886 2295 1946 prae·

225 1963 393 2015 terea
421 1971 598 2018 nemo
629 1964 724 2018 est
752 1957 986 2018 honore
1017 1959 1269 2033 dignus,
1314 1957 1600 2033 quidnam
1631 1963 1720 2018 tot
1750 1954 1994 2031 optimis
2028 1961 2091 2016 et
2118 1970 2295 2016 orna·

228 2035 478 2098 tissimis
507 2038 747 2100 civibus
776 2047 872 2098 est
900 2040 1160 2101 futurum
1179 2048 1208 2100 ‘t

351 2120 563 2179 XXVI.
605 2120 706 2183 63.
747 2121 931 2182 Iubes
972 2121 1280 2184 Plancium
1336 2123 1415 2184 de
1465 2122 1626 2184 vitiis
1665 2122 2014 2185 Laterensis
2068 2118 2293 2183 dicere.

229 2199 386 2260 Nihil
417 2209 648 2276 potest,
687 2201 804 2263 nisi
835 2220 973 2264 eum
1002 2205 1180 2266 nimis
1221 2208 1281 2266 in
1314 2221 1385 2266 se
1414 2206 1771 2267 iracundum
1809 2205 2053 2281 putabis
2082 2203 2291 2266 ruisse.

226 2283 394 2342 idem
424 2284 610 2346 effers
637 2286 1026 2348 Laterensem
1071 2289 1381 2350 laudibus.
1468 2289 1670 2350 Facile
1710 2289 1907 2365 patior
1926 2288 1991 2350 id
2026 2295 2087 2350 te
2113 2303 2295 2362 agere

228 2365 429 2425 multis
464 2366 686 2440 verbis,
721 2369 885 2442 quod
909 2370 986 2431 ad
1011 2370 1301 2433 iudicium
1331 2387 1453 2432 non
1483 2373 1808 2447 pertineat,
1835 2379 1896 2432 et
1936 2371 1997 2432 id
2028 2380 2087 2433 te
2115 2385 2291 2432 accu-

231 2453 466 2508 santem
483 2454 606 2507 tam
629 2448 732 2508 diu
745 2450 970 2523 dicere,
998 2455 1164 2527 quod
1179 2471 1295 2530 ego
1312 2457 1680 2517 defensurus
1693 2456 1827 2516 sine
1847 2453 2123 2529 periculo
2146 2469 2289 2528 pos-

229 2531 342 2590 sim
373 2531 664 2592 confiteri.
703 2532 892 2606 Atqui
922 2550 1044 2595 non
1073 2535 1257 2594 modo
1288 2536 1585 2596 confiteor
1611 2553 1848 2598 summa
1876 2537 1934 2597 in
1966 2537 2293 2597 Laterense

229 2622 581 2675 ornamenta
611 2631 784 2690 esse,
813 2615 924 2676 sed
959 2623 1020 2677 te
1049 2617 1227 2678 etiam
1257 2618 1659 2693 reprehendo,
1696 2621 1862 2694 quod
1890 2636 1965 2680 ea
1992 2636 2113 2678 non
2146 2635 2289 2680 enu-

228 2709 457 2769 meres,
489 2695 608 2756 alia
649 2699 948 2772 quaedam
993 2698 1196 2761 inania
1235 2709 1297 2761 et
1336 2700 1494 2761 levia
1534 2702 1883 2777 conquiras.
1968 2702 2293 2763 Praeneste

228 2777 453 2838 recisse
499 2780 699 2841 ludos.
787 2781 983 2856 Quidr
1023 2783 1125 2843 alii
1166 2789 1527 2858 quaestores
1573 2800 1777 2846 nonne
1823 2787 2137 2847 fecerunt?
2176 2785 2293 2862 cy-

227 2862 392 2920 renis
419 2861 729 2924 libcralem
757 2863 817 2925 in
855 2866 1235 2940 publicanos,
1270 2867 1495 2928 iustum
1526 2867 1585 2926 in
1618 2869 1828 2929 socios
1858 2867 2069 2930 fuisse.
2147 2867 2295 2941 Quis

227 2950 449 3017 negat?
488 2947 599 3006 sed
644 2946 727 3008 ita
764 2951 948 3010 multa
974 2951 1206 3010 Romae
1240 2957 1557 3024 geruntur,
1588 2959 1654 3011 ut
1682 2949 1787 3010 vix
1817 2967 1920 3025 ea,
1955 2967 2115 3027 quae
2142 2951 2296 3012 fiunt

227 3024 289 3086 in
332 3026 666 3101 provinciis
690 3075 706 3102 ,
751 3032 1087 3093 audiantur.
1175 3029 1278 3093 64.
1320 3033 1453 3092 Non
1496 3047 1716 3094 vereor
1754 3050 1832 3095 ne
1869 3035 2011 3094 mihi
2041 3033 2293 3110 aliquid,

229 3107 488 3183 iudiceS‚
521 3111 736 3172 videar
755 3114 1072 3188 adrogare,
1109 3113 1162 3174 si
1185 3114 1265 3174 de
1288 3122 1618 3189 quaestura
1646 3133 1783 3177 mea
1813 3117 2046 3178 dixero.
2076 3116 2293 3190 Quam-

227 3190 322 3252 vis
355 3191 513 3254 enim
546 3194 644 3254 illa
675 3192 978 3270 floruerit,
1016 3205 1213 3258 tamen
1252 3213 1388 3258 eum
1419 3214 1516 3259 me
1545 3207 1761 3270 postea
1792 3198 1985 3260 fuisse
2014 3199 2074 3259 in
2104 3198 2290 3260 maxi·

227 3272 343 3333 mis
371 3275 641 3350 imperiis
671 3276 957 3352 arbitror,
994 3287 1062 3339 ut
1111 3295 1232 3339 non
1261 3279 1345 3340 ita
1384 3281 1636 3339 multum
1682 3279 1827 3341 mihi
1849 3279 2079 3356 gloriae
2109 3281 2189 3342 sit
2214 3297 2293 3343 ex

230 3366 594 3427 quaesturae
617 3359 797 3420 laude
819 3360 1251 3435 repetondmm
1285 3365 1396 3422 sed
1430 3370 1628 3424 tamen
1658 3380 1779 3426 non
1810 3379 2029 3426 vereor
2052 3379 2131 3438 ne
2154 3363 2290 3440 quis
