2459 3817
306 153 393 218 84
890 157 1041 220 PRO
1084 161 1146 218 P.
1192 160 1456 220 SESTIO
1501 158 1804 220 ORA'rlO.

305 328 521 374 omnes
549 311 903 373 honestates
946 311 1237 385 civitatiS,
1283 327 1498 372 omnes
1539 320 1801 384 aetates,
1847 325 2084 382 omnes
2108 307 2364 372 ordines

188 389 193 398 ’
304 413 429 457 una
463 395 866 466 consentiunt,
897 411 973 454 an
1003 396 1063 454 in
1094 412 1215 470 qua
1247 396 1436 455 suriae
1461 395 1800 456 concitatae
1817 401 2128 470 tamquam
2160 394 2242 453 ad
2275 395 2366 454 fu-

304 497 424 539 nus
452 479 541 538 rei
570 479 855 554 publicae
884 479 1252 538 convolant?
1314 477 1456 540 110.
1485 481 1614 549 An,
1663 477 1860 538 sicubi
1895 477 2092 536 aderit
2118 477 2370 548 GelliuS,

305 563 491 622 homo
522 571 583 622 et
614 563 796 621 fratre
824 561 1143 636 indignus,
1190 559 1326 620 viro
1355 560 1694 620 clarissimo
1733 569 1919 634 atque
1953 561 2191 635 optimo
2221 575 2368 620 con-

308 647 476 718 suie,
506 652 567 705 et
594 643 807 704 ordine
829 644 1128 720 equestri,
1162 643 1336 704 cuius
1365 643 1466 704 ille
1496 642 1726 703 ordinis
1755 658 1974 702 nomen
1999 641 2238 716 retinet,
2271 659 2366 702 or-

304 734 591 788 namento.
631 728 920 802 confecit,
961 728 1024 786 id
1061 727 1175 787 erit
1214 728 1556 802 populare?
1583 759 1660 772 -—
1703 725 1816 785 Est
1842 724 2003 787 enim
2031 725 2218 786 homo
2253 725 2368 786 iste

302 811 538 887 populo
580 811 856 871 Romano
901 809 1162 871 deditus.
1206 845 1278 856 —
1322 810 1478 870 Nihil
1535 807 1662 868 vidi
1703 807 1928 881 magis=
1995 807 2130 882 qui,
2183 824 2370 880 quum

305 893 443 955 eius
478 894 891 955 adolescentia
930 893 991 952 in
1030 892 1426 969 amplissimis
1469 890 1810 952 honoribus
1849 889 2068 952 summi
2103 889 2251 963 viri,
2297 891 2364 948 L.

302 976 566 1052 Philippi
594 975 820 1052 vitrici,
851 976 1073 1036 florere
1100 975 1432 1051 potuisset,
1471 990 1672 1050 usque
1702 989 1776 1033 eo
1811 990 1934 1035 non
1965 972 2076 1032 fuit
2102 974 2365 1047 popula-

302 1059 421 1134 ris»,
448 1068 517 1121 ut
543 1061 707 1119 bona
735 1061 907 1121 solus
938 1069 1261 1119 comesset.
1327 1057 1562 1118 Deinde
1590 1073 1670 1116 ex
1697 1056 1938 1131 impuro
1967 1056 2366 1116 adolescente

306 1154 365 1204 et
403 1145 739 1217 petulante,
781 1149 1002 1218 postea
1036 1158 1219 1216 quam
1263 1157 1392 1201 rem
1435 1149 1748 1216 paternam
1787 1139 1868 1200 ab
1909 1139 2230 1199 idiotarum
2273 1139 2364 1197 di-

304 1225 467 1286 vitiis
519 1226 600 1286 ad
644 1225 1149 1300 philosophorum
1199 1227 1464 1286 reculam
1515 1223 1831 1298 perduxit,
1879 1221 2245 1282 Graeculum
2296 1237 2366 1280 se

305 1317 493 1381 atque
548 1309 815 1368 otiosum
843 1307 1045 1383 putari
1072 1309 1295 1382 vol-uit,
1327 1306 1530 1369 studio
1562 1307 1894 1367 litterarum
1925 1321 1998 1365 se
2025 1303 2228 1365 subito
2259 1305 2367 1364 de-

304 1390 475 1450 didit.
516 1390 675 1452 Nihil
703 1390 991 1450 iuvabant
1016 1399 1422 1464 anagnostaez
1453 1389 1639 1450 libelli
1661 1406 1772 1465 pro
1799 1387 1939 1448 vino
1965 1387 2146 1448 etiam
2172 1403 2366 1462 saepe

304 1471 881 1546 oppignerabantur.
966 1473 1253 1534 Manebat
1311 1472 1704 1534 insaturabile
1747 1473 2050 1532 abdomen
2067 1517 2084 1542 ,
2143 1469 2366 1545 copiae

306 1554 687 1616 deficiebant.
756 1556 969 1630 Itaque
996 1572 1242 1630 semper
1280 1557 1638 1616 versabatur
1675 1555 1735 1616 in
1783 1569 1898 1630 spe
1931 1569 2130 1614 rerum
2174 1569 2366 1614 nova-

303 1654 467 1698 rumz
508 1639 651 1701 otio·
678 1646 740 1700 et
775 1638 1204 1713 tranquillitate
1232 1639 1324 1698 rei
1365 1639 1645 1714 publicae
1673 1637 2180 1700 consenescebat.
2243 1635 2366 1694 LlI.

303 1721 552 1796 Ecqua-e
584 1721 803 1783 seditio
832 1739 1120 1797 umquam
1153 1720 1264 1783 fuit
1296 1721 1356 1782 in
1390 1739 1511 1798 qua
1538 1737 1662 1782 non
1690 1721 1792 1782 ille
1820 1721 2156 1796 princeps?
2179 1717 2365 1792 ecqui

306 1805 636 1866 seditiosus
672 1805 773 1866 cui
811 1805 913 1866 ille
942 1823 1065 1866 non
1101 1805 1458 1866 familiaris?
1510 1819 1746 1880 ecquae
1779 1803 2124 1864 turbulenta
2154 1800 2362 1862 contio

304 1887 477 1949 cuius
518 1889 619 1949 ille
668 1905 793 1949 non
838 1891 1219 1951 concitator?
1282 1889 1383 1949 cui
1428 1889 1586 1948 bene
1629 1887 1782 1947 dixit
1822 1902 2112 1961 umquam
2157 1886 2368 1945 bono!

301 1971 462 2032 bene
490 1971 683 2032 dixit?
736 1971 950 2046 immo,
998 1990 1179 2048 quem
1216 1975 1434 2032 fortem
1462 1978 1524 2032 et
1548 1971 1778 2032 bonum
1811 1969 2010 2030 civem
2037 1985 2162 2030 non
2193 1975 2363 2042 petu-

302 2053 637 2114 lantissime
667 2062 764 2114 est
789 2054 1170 2117 insectatus?
1212 2055 1349 2130 qui,
1376 2062 1442 2115 ut
1466 2055 1649 2114 credo
1667 2099 1683 2127 ,
1713 2070 1837 2114 non
1865 2051 2134 2113 libidinis
2156 2066 2362 2120 causa,

304 2135 419 2194 sed
450 2143 517 2195 ut
544 2135 848 2209 plebicola
876 2137 1212 2211 videretur,
1241 2137 1578 2198 libertinam
1609 2136 1784 2196 duxit
1809 2151 2088 2197 uxorem.
2133 2132 2275 2197 111.
2306 2133 2364 2190 Is

304 2218 385 2277 de
416 2233 512 2277 me
539 2216 899 2292 suffragium
930 2220 1093 2293 tulit,
1134 2221 1188 2280 is
1219 2221 1444 2294 adfuit,
1485 2219 1540 2280 is
1583 2219 1852 2280 interfuit
1889 2220 2092 2294 epulis
2130 2226 2193 2278 et
2229 2232 2360 2290 gra·

304 2298 699 2360 tulationibus
722 2301 1189 2394 parricidarum·
1221 2304 1284 2364 in
1319 2320 1442 2380 quo
1475 2313 1677 2364 tamen
1706 2311 1803 2363 est
1829 2318 1927 2361 me
1955 2303 2135 2375 ultu8‚
2173 2315 2360 2376 quum

301 2381 408 2441 illo
444 2397 551 2441 ore
578 2379 859 2445 inimicos
886 2394 984 2463 est
1015 2403 1190 2446 meos
1263 2388 1566 2447 saviatus·
1623 2385 1758 2461 qui,
1810 2383 1992 2460 quasi
2017 2400 2152 2444 mea
2187 2383 2366 2456 culpa

304 2464 469 2524 bona
499 2464 862 2540 perdiderit,
894 2454 977 2528 ita
1008 2470 1089 2529 ob
1117 2485 1252 2529 eam
1280 2469 1480 2544 ipsam
1500 2483 1750 2529 causam
1774 2477 1872 2528 est
1893 2467 2082 2527 mihi
2064 2466 2366 2536 inimicuS,

308 2546 454 2620 quia
483 2545 628 2605 nihil
656 2546 857 2608 habet.
928 2550 1141 2610 Utrum
1168 2567 1286 2626 ego
1317 2551 1426 2612 tibi
1464 2550 1891 2627 patrimonium
1932 2549 2157 2626 eripui,
2193 2548 2369 2621 Gelli,

306 2645 385 2687 an
420 2637 487 2687 tu
520 2629 881 2691 comedisti?
931 2631 1128 2704 ouidi
1166 2640 1230 2692 tu
1263 2649 1400 2694 meo
1431 2636 1736 2710 periculo,
1766 2649 1993 2710 gurges
2023 2649 2100 2693 ac
2135 2647 2370 2705 vorago

306 2709 696 2784 patrimonii,
716 2714 1088 2788 helluabare,
1116 2723 1209 2788 ut,
1243 2718 1294 2775 si
1325 2733 1443 2790 ego
1479 2720 1696 2779 consul
1724 2734 1850 2778 rem
1879 2715 2188 2792 publicam
2215 2729 2370 2774 con-

305 2802 399 2851 tra
432 2800 489 2852 te
522 2802 584 2854 et
606 2797 885 2871 gregales
914 2807 1053 2859 tuos
1082 2799 1529 2874 defendissem,
1569 2800 1632 2861 in
1667 2800 1910 2861 civitate
1938 2815 2083 2860 esse
2112 2812 2208 2857 me
2235 2799 2373 2858 nol-

306 2876 443 2933 les?
472 2875 556 2936 Te
586 2894 761 2939 nemo
784 2887 1027 2942 tuorum
1048 2881 1260 2944 videre
1285 2884 1442 2944 vult.
1469 2899 1686 2944 omnes
1708 2883 1936 2943 aditum
1953 2928 1969 2956 ,
2000 2895 2377 2955 sermonem,

308 2971 707 3031 ⁰⁰¹¹g’r0ssum
735 2970 907 3023 tuum
935 2965 1201 3039 fugiunta
1249 2974 1308 3028 te
1337 2968 1570 3028 sororis
1600 2967 1762 3028 filius
1791 2965 2174 3038 Postumius,
2219 2965 2375 3024 ado-

308 3039 551 3100 lescens
591 3044 831 3117 gravis,
875 3046 1051 3108 senili
1088 3047 1346 3122 iudicio,
1389 3049 1651 3120 notavit,
1699 3065 1881 3124 quum
1909 3049 1972 3108 in
2001 3063 2225 3123 magno
2259 3065 2381 3109 nu·

309 3137 478 3183 mero
506 3129 767 3184 tutorem
801 3127 1011 3189 liberis
1050 3147 1174 3192 non
1216 3131 1492 3194 instituit.
1563 3131 1690 3192 Sed
1745 3132 1908 3192 latus
1957 3131 2103 3192 odio
2133 3139 2198 3191 et
2223 3146 2379 3192 meo

308 3211 371 3264 et
397 3204 487 3264 rei
513 3206 795 3282 publicae
826 3213 1099 3285 nomine,
1133 3231 1393 3290 quorum
1419 3215 1521 3274 ille
1551 3215 1672 3275 utri
1701 3215 1780 3275 sit
1805 3213 2110 3275 inimicior
2131 3213 2382 3286 nescio,

310 3287 486 3359 plura
514 3288 641 3349 dixi
664 3305 845 3364 quam
869 3292 1191 3356 dicendum
1217 3299 1360 3370 fuit,
1393 3299 1455 3358 in
1480 3297 1950 3358 furiosissimum
1971 3305 2158 3373 atque
2179 3311 2379 3371 egen

309 3367 607 3432 tissimum
647 3387 1003 3444 ganeonem.
1065 3375 1207 3440 112.
1259 3381 1409 3442 Illuc
1437 3388 1742 3440 revertor·
1795 3387 2010 3440 contra
2048 3393 2150 3440 me
2176 3395 2380 3454 quum
