2459 3817
740 147 905 210 cAP.
941 157 1095 213 16—-
1116 159 1201 213 19.
1246 156 1298 217 S.
1327 157 1590 214 47÷-53.
2123 154 2200 217 17

138 315 323 375 quem
348 298 733 361 interemisti:
769 316 885 376 ego
907 299 1203 383 iacentem
1235 309 1297 362 et
1324 300 1648 377 spoliatum
1671 298 1934 361 defendo
1965 310 2026 363 et
2052 319 2196 378 pro-

138 393 299 457 tego.
369 384 571 459 Atque
612 383 711 443 hic
752 392 816 444 tu
851 390 910 443 et
948 383 1348 459 reprehendis
1387 401 1512 456 me,
1561 383 1704 458 quia
1735 385 2088 460 defendam,
2135 394 2194 447 et

134 464 443 526 irasceris
496 467 629 540 Ego
656 475 856 527 autem
886 483 1009 526 non
1038 469 1223 528 modo
1253 467 1360 527 tibi
1389 484 1509 528 non
1541 466 1805 540 irascor,
1851 469 1966 528 sed
1995 485 2071 529 ne
2098 484 2194 528 re-

134 549 451 623 prehendo
494 549 737 625 quidem
776 551 996 610 factum
1033 558 1219 610 tuum.
1278 551 1362 610 Te
1401 550 1561 611 enim
1593 549 1875 610 existimo
1922 551 2028 612 tibi
2073 561 2192 612 sta-

131 631 330 691 tuisse
360 630 509 706 quid
538 630 879 692 faciendum
907 640 1156 708 putares
1180 641 1244 693 et
1274 631 1424 693 satis
1452 632 1739 694 idoneum
1775 634 1960 694 officii
1988 633 2076 695 tui
2102 633 2192 695 iu-

134 713 332 774 dicem
363 730 505 774 esse
534 713 831 789 potuisse.

298 795 399 858 51.
440 800 523 858 At
550 806 800 859 accusat
836 799 899 859 C.
943 797 1203 860 Cornelii
1243 797 1404 858 filius
1433 803 1495 857 et
1522 795 1585 858 id
1627 813 1824 873 aeque
1851 800 2057 860 valere
2087 801 2193 861 de-

132 879 237 940 bet
276 895 351 940 ac
382 877 437 940 si
484 883 655 955 pater
696 881 1008 943 indicaret.
1096 881 1145 942 Ο
1176 889 1408 956 patrem
1439 879 1781 939 Cornelium
1821 881 2190 955 sapientem!

132 962 259 1038 qui,
294 962 461 1037 quod
490 962 743 1038 praemii
772 965 930 1024 solet
960 979 1101 1024 esse
1129 964 1190 1024 in
1220 962 1464 1034 indicio,
1504 961 1834 1036 reliquerit,
1874 962 2040 1037 quod
2069 974 2189 1025 tur-

130 1044 425 1121 pitudinis
458 1043 521 1105 in
549 1047 959 1120 confessione,
988 1045 1067 1106 id·
1081 1063 1193 1121 per
1214 1045 1668 1107 accusationem
1695 1043 1804 1104 filii
1833 1047 2186 1124 susceperit.

132 1129 258 1188 Sed
295 1127 444 1203 quid
474 1135 570 1188 est
601 1128 863 1201 tandem,
892 1129 1063 1202 quod
1087 1127 1314 1190 indicat
1341 1128 1662 1204 pei-‘istum
1689 1145 1946 1203 puerum
1969 1129 2188 1190 Corne-

129 1210 293 1270 lius?
334 1208 401 1269 Si
422 1217 633 1269 vetera
660 1208 805 1269 mihi
831 1209 1055 1285 ignota,
1086 1226 1223 1270 cum
1249 1211 1573 1272 Hortensio
1605 1210 2064 1282 communicata,
2095 1229 2188 1274 re-

130 1290 385 1366 spondit
422 1291 812 1352 Hortensius=
854 1294 981 1366 sin,
1021 1293 1241 1367 uteie,
1282 1293 1449 1354 illum
1489 1303 1771 1355 conatum
1810 1293 2088 1355 Autronii
2130 1305 2186 1358 et

128 1373 452 1446 Catilinae,
492 1391 676 1450 quum
718 1375 779 1434 in
820 1391 1038 1451 campo
1074 1376 1497 1438 consularibus
1527 1376 1805 1451 comitiiS,
1837 1395 1997 1452 quae
2025 1395 2063 1437 a
2091 1395 2188 1440 me

128 1457 333 1518 habita
375 1464 545 1531 sunt,
603 1459 853 1520 caedem
898 1461 1103 1520 facere
1146 1461 1493 1521 voluerunt=
1538 1460 1902 1522 Autronium
1953 1469 2079 1522 tum
2125 1460 2186 1521 in

130 1556 349 1615 campo
392 1538 684 1615 vidimus,
728 1543 843 1602 sed
880 1542 1027 1618 quid
1070 1541 1195 1603 dixi
1237 1542 1472 1605 vidisse
1511 1550 1672 1604 nos?
1713 1561 1829 1620 ego
1872 1543 2024 1604 vidi:
2073 1561 2186 1605 vos

126 1624 288 1683 enim
316 1631 461 1697 tum,
483 1622 737 1696 iudices,
762 1624 905 1685 nihii
931 1625 1298 1688 laborabatis
1319 1642 1522 1702 neque
1551 1626 2046 1701 suspicabamini,
2070 1642 2185 1700 ego

124 1714 323 1767 tectus
362 1706 673 1781 praesidio
718 1709 891 1769 firmo
938 1709 1270 1770 amicorum
1314 1709 1602 1768 Catilinae
1642 1716 1768 1769 tum
1805 1708 2185 1768 et·Autronii

124 1788 343 1863 copias
384 1797 446 1850 et
484 1797 767 1850 conatum
813 1791 1104 1865 repressi.
1202 1789 1306 1851 52.
1349 1792 1499 1849 Num
1546 1788 1684 1864 quis
1725 1797 1821 1850 est
1857 1788 2039 1863 igitur
2083 1791 2184 1864 qui

120 1881 249 1934 tum
276 1871 437 1932 dicat
465 1872 524 1930 in
550 1889 827 1948 campum
857 1873 1169 1948 aspirasse
1192 1872 1464 1932 Sullam?
1501 1870 1690 1946 Atqui
1720 1870 1920 1932 situm
1950 1886 2020 1932 se
2049 1887 2184 1932 cum

118 1955 378 2016 Catilina
406 1953 699 2016 societate
722 1955 975 2017 sceleris
998 1955 1411 2035 coniunxerat,
1442 1969 1552 2014 cur
1578 1953 1657 2014 ab
1683 1970 1760 2014 eo
1789 1953 2188 2015 discedebat-'e

120 2055 241 2099 cur
284 2053 423 2098 cum
462 2037 761 2099 Autronio
804 2055 925 2098 non
970 2045 1139 2099 erat?
1190 2054 1302 2098 cur
1339 2036 1400 2096 in
1444 2036 1577 2112 pari
1618 2053 1808 2096 causa
1848 2053 1970 2097 non
2016 2035 2184 2112 paria

116 2120 299 2195 signa
324 2119 587 2182 criminis
609 2121 1033 2199 reperiuntur?
1054 2121 1178 2181 Sed
1202 2119 1488 2197 quoniam
1503 2118 1822 2181 Cornelius
1845 2119 1983 2195 ipse
2005 2119 2182 2180 etiam

116 2214 287 2261 nunc
313 2199 393 2258 de
414 2201 743 2265 indicando
774 2203 1026 2275 dubitat,
1056 2211 1125 2263 ut
1151 2203 1371 2277 dicitis,
1406 2204 1694 2264 informat
1715 2204 1797 2263 ad
1827 2203 1947 2263 hoc
1971 2205 2180 2263 adum-

115 2285 362 2344 bratum
385 2283 671 2349 indicium
694 2287 903 2359 filium,
930 2287 1079 2362 quid
1100 2289 1348 2348 tandem
1376 2289 1456 2348 de
1475 2288 1579 2348 illa
1602 2294 1786 2348 nocte
1809 2286 1972 2358 dicit,
1996 2301 2182 2358 quum

117 2366 284 2427 inter
309 2366 600 2430 falcarios
640 2371 719 2430 ad
757 2371 839 2430 M.
868 2371 1129 2432 Laecam
1160 2379 1347 2433 nocte
1377 2388 1482 2444 ea,
1521 2388 1680 2446 quae
1720 2377 2056 2431 consecuta
2089 2376 2182 2430 est

117 2455 449 2527 posterum
481 2452 642 2513 diem
662 2455 971 2514 Nonarum
995 2455 1430 2516 Novembrium
1461 2470 1560 2515 me
1581 2457 1858 2526 consule,
1891 2452 2183 2514 Catilinae

116 2534 583 2598 denuntiatione
607 2537 937 2598 convenit?
976 2555 1137 2614 quae
1161 2556 1290 2600 nox
1312 2538 1582 2600 omnium
1604 2546 1953 2613 temporum
1977 2537 2183 2598 coniu-

114 2617 377 2680 rationis
404 2619 699 2681 acerrima
730 2620 842 2683 fuit
869 2627 1057 2696 atque
1082 2621 1502 2684 acerbissima.
1559 2625 1710 2684 Tum
1737 2620 2027 2682 Catilinae
2049 2619 2184 2680 dies

118 2702 409 2774 exeundi,
438 2710 565 2765 tum
590 2705 811 2766 ceteris
835 2705 1119 2766 manendi
1142 2707 1443 2778 condicio,
1474 2715 1600 2767 tum
1643 2699 1966 2780 discriptio
1992 2711 2182 2765 totam

116 2801 239 2862 per
278 2786 493 2847 urbem
534 2789 741 2849 caedis
784 2796 973 2862 atque
1025 2788 1443 2850 incendiorum
1489 2789 1822 2850 constituta
1867 2795 1996 2848 est:
2053 2795 2182 2848 tum

119 2877 269 2930 tuus
303 2877 496 2946 pater,
529 2872 790 2944 Corneli,
820 2871 881 2931 id
912 2873 1082 2945 quod
1107 2874 1357 2932 tandem
1387 2871 1719 2948 aliquando
1749 2870 2093 2942 confitetur,
2121 2870 2184 2929 il·

120 2954 247 3012 lam
283 2953 403 3014 sibi
432 2954 777 3016 officiosam
817 2953 1198 3030 provinciam
1242 2955 1641 3037 depoposcit,
1686 2959 1754 3014 ut
1805 2969 1944 3014 cum
1993 2956 2184 3031 prima

122 3038 267 3097 luce
290 3041 611 3100 consulem
635 3041 962 3100 salutatum
989 3036 1244 3112 veniret,
1267 3039 1656 3100 intromissus
1682 3043 1744 3098 et
1763 3054 1901 3098 meo
1928 3054 2097 3098 more
2121 3041 2184 3096 et

122 3119 259 3180 iure
292 3120 595 3184 amicitiae
628 3138 728 3183 me
758 3122 819 3183 in
862 3137 1000 3183 meo
1033 3122 1258 3184 lectulo
1294 3121 1645 3184 trucidaret.
1715 3121 1874 3182 XIX.
1908 3120 2009 3182 53.
2051 3122 2184 3180 Hoc

126 3211 427 3281 tempore,
476 3224 663 3282 quum
694 3208 944 3267 arderet
972 3206 1272 3268 acerrime
1307 3205 1664 3278 coniuratio,
1712 3221 1900 3280 quum
1930 3201 2188 3264 Catilina

128 3291 525 3363 egrederetur
555 3293 632 3352 ad
676 3289 1032 3361 exercitum,
1078 3291 1370 3352 Lentulus
1415 3289 1476 3352 in
1519 3289 1674 3352 urbe
1717 3287 2184 3361 relinqueretur,

127 3373 380 3434 Cassius
410 3373 740 3447 incendiiS,
777 3375 1087 3447 Cethegus
1116 3373 1293 3435 caedi
1323 3379 1848 3516 praeponeret2ur,
1881 3368 2186 3430 Autronio

218 3465 343 3512 οπο.
388 3469 575 3515 οιιΑΤ.
619 3458 710 3519 II.
