2459 3817
268 173 394 236 276
834 168 984 231 PRO
1015 169 1081 228 L.
1111 168 1443 230 MURENA
1472 167 1775 228 ORATIO.

272 325 538 398 denique
580 320 718 397 ipse
760 329 1082 382 accusator
1111 329 1323 399 noster
1350 321 1677 381 Postumus
1729 317 1971 379 obviam
2013 335 2151 380 cum
2176 319 2337 380 bene

271 424 490 482 magna
519 416 769 466 caterva
811 422 924 464 sua
956 403 1148 478 venit,
1192 404 1341 478 quid
1372 403 1555 463 habet
1579 407 1697 462 ista
1725 402 2043 462 multitudo
2076 404 2312 462 admira

270 491 494 550 tionis?
550 488 769 549 Omitto
802 488 1084 560 clientes,
1132 486 1405 560 vicinos,
1450 486 1735 557 tribuleS,
1780 485 2115 546 exercitum
2146 494 2339 546 totum

269 572 535 643 Luculli,
583 571 686 646 qui
715 572 795 629 ad
823 570 1188 644 triumphum
1229 586 1343 644 per
1373 585 1485 629 eos
1527 569 1661 628 dies
1699 577 1977 629 venerat:
2027 568 2147 628 hoc
2178 569 2342 641 dico,

269 654 676 730 frequentiam
716 652 777 713 in
817 653 936 714 isto
967 652 1174 714 officio
1216 652 1532 726 gratuitam
1564 667 1689 711 uon
1728 652 1913 713 modo
1944 650 2219 726 dignitati
2247 653 2343 712 ul·

265 739 392 799 lius
421 754 740 814 umquam,
783 739 896 798 sed
930 753 1008 796 ne
1039 735 1331 796 voluntati
1362 735 1608 808 quidem
1638 733 1930 794 defuisse.
1986 733 2087 796 70.
2129 739 2213 795 At
2243 751 2339 794 se-

272 822 588 887 ctabantur
635 820 824 882 multi.
911 822 1109 890 Doce,
1165 820 1478 878 mercede:
1531 819 1865 879 concedam
1908 834 2051 879 esse
2092 818 2344 877 crimen,

271 907 404 964 Hoc
441 903 687 978 quidem
713 912 948 965 remoto
1003 903 1149 978 quid
1175 900 1622 976 reprehendis?
1682 900 1951 961 XXXIV.
1996 901 2154 974 Quid
2182 917 2340 976 opus

273 996 396 1062 εει,
429 987 654 1062 inquit,
685 986 1134 1048 sectatoribus?
1173 988 1232 1044 A
1259 1001 1355 1044 me
1384 994 1449 1045 tu
1477 983 1542 1045 id
1573 984 1845 1060 quaeris,
1892 983 2042 1059 quid
2072 1001 2232 1059 opus
2264 984 2345 1044 sit

273 1088 380 1145 eo,
425 1089 546 1145 quo
592 1087 838 1145 semper
875 1069 975 1130 usi
1015 1076 1273 1130 sumus?
1318 1070 1611 1128 Homines
1650 1076 1866 1128 tenues
1902 1085 2089 1127 unum
2114 1066 2344 1127 habent

273 1154 334 1214 in
375 1165 649 1216 nostrum
683 1153 958 1214 ordinem
997 1162 1104 1214 aut
1143 1151 1533 1226 promerendi
1574 1157 1678 1211 aut
1720 1149 2025 1211 referendi
2058 1149 2345 1210 beneficii

274 1240 504 1311 locum,
553 1239 714 1297 hanc
759 1236 821 1296 in
851 1235 1080 1297 nostris
1125 1235 1518 1311 petitionibus
1550 1249 1801 1309 operam
1834 1242 2021 1308 atque
2060 1234 2341 1294 adsecta-

275 1321 519 1381 tionem.
590 1320 804 1394 Neque
846 1319 1006 1379 enim
1045 1318 1179 1378 fieri
1221 1327 1427 1395 potest
1467 1334 1670 1392 neque
1708 1316 2139 1392 postulandum
2181 1325 2278 1376 est
2304 1333 2347 1374 a

275 1403 453 1463 nobis
482 1411 586 1462 aut
612 1404 690 1462 ab
725 1401 1032 1478 equitibus
1060 1401 1382 1476 Romanis,
1422 1411 1490 1462 ut
1530 1417 1680 1462 suos
1716 1399 2105 1462 necessarios
2135 1399 2343 1459 candi-

277 1487 455 1546 datos
488 1485 880 1546 adsectentur
906 1492 1067 1546 totos
1098 1484 1264 1544 dies=
1294 1501 1333 1544 a
1364 1483 1588 1559 quibus
1610 1483 1665 1543 si
1692 1485 1913 1544 domus
1940 1491 2151 1544 nostra
2180 1482 2342 1542 cele-

277 1570 512 1642 bratur,
567 1567 621 1629 si
661 1567 962 1628 interdum
1002 1568 1083 1627 ad
1120 1570 1313 1629 forum
1356 1565 1741 1638 deducimur,
1794 1565 1848 1628 si
1888 1583 2009 1628 uno
2052 1563 2346 1628 basilicae

279 1653 478 1728 spatio
508 1651 939 1726 honestamur,
969 1651 1291 1723 diligenter
1318 1651 1637 1711 observari
1665 1648 1944 1710 videmur
1968 1657 2030 1710 et
2062 1648 2213 1709 coli:
2255 1657 2345 1709 te-

257 1737 558 1799 nuiorum
583 1737 920 1796 amicorum
964 1743 1028 1794 ει
1057 1751 1182 1796 non
1215 1741 1660 1808 occupatorum
1688 1741 1785 1793 est
1810 1732 1930 1794 ista
1968 1731 2344 1792 adsiduitas=

279 1837 538 1894 quorum
569 1835 750 1895 copia
776 1819 957 1881 bonis
986 1818 1136 1880 viris
1171 1829 1233 1879 et
1258 1817 1555 1879 beneficis
1585 1819 1810 1877 deesse
1839 1833 1961 1877 non
1990 1815 2168 1876 solet.
2240 1811 2343 1875 71.

275 1904 410 1964 Noli
451 1903 631 1979 igitur
674 1902 914 1978 eripere
953 1904 1116 1963 hunc
1161 1901 1432 1963 inferiori
1473 1899 1683 1976 generi
1724 1900 2034 1960 hominum
2083 1900 2345 1959 fructum

277 1987 493 2061 officii,
537 1988 716 2048 cato=
767 1987 902 2047 sine
941 2003 1086 2062 eos,
1127 1985 1236 2061 qui
1275 1984 1483 2046 omnia
1510 2000 1549 2044 a
1578 1983 1757 2045 nobis
1794 1992 2069 2058 sperant,
2116 1982 2347 2042 habere

275 2069 453 2144 ipsos
489 2085 741 2144 quoque
773 2069 1007 2145 aliquid
1049 2070 1216 2144 quod
1256 2068 1436 2130 nobis
1477 2067 1744 2130 tribuere
1784 2068 2043 2142 possint.
2102 2064 2167 2124 Si
2200 2064 2347 2126 nihil

275 2152 392 2214 erit
421 2162 662 2229 praeter
689 2152 963 2226 ipsorum
994 2151 1381 2227 suffragium,
1410 2160 1592 2213 tenue
1621 2159 1751 2220 est,
1795 2150 1877 2224 si,
1908 2159 1975 2211 ut
2004 2149 2345 2224 suffragen-

277 2246 403 2310 tur,
445 2235 591 2296 nihil
621 2236 825 2296 valent
862 2235 1073 2312 gratia.
1129 2234 1258 2310 Ipsi
1292 2235 1587 2312 denique,
1632 2234 1941 2294 ut·solent
1977 2232 2177 2308 loqui,
2220 2249 2345 2293 non

279 2319 485 2381 dicere
517 2336 628 2394 pro
671 2318 882 2392 nobiS,
923 2335 1048 2380 non
1077 2319 1417 2394 spondere,
1461 2335 1585 2380 non
1618 2331 1844 2379 vocare
1884 2318 2133 2377 domum
2170 2332 2343 2376 suam

278 2412 544 2478 possunt
627 2411 814 2476 atque
855 2402 1010 2462 haec
1055 2420 1092 2463 a
1131 2403 1313 2463 nobis
1356 2409 1569 2477 petunt
1607 2400 1841 2478 omnia,
1888 2417 2093 2476 neque
2124 2401 2247 2461 ulla
2279 2416 2347 2460 re

279 2486 419 2557 alia,
471 2501 631 2560 quae
658 2501 696 2544 a
719 2486 899 2547 nobis
931 2494 1407 2562 consequuntur,
1444 2485 1562 2546 nisi
1592 2501 1783 2561 opera
1812 2501 1927 2545 sua
1958 2483 2349 2560 compensari

282 2577 496 2643 putant
538 2583 748 2644 posse.
835 2569 1050 2645 ltaque
1092 2578 1160 2641 et
1193 2569 1314 2644 legi
1340 2569 1595 2642 Fabiae,
1638 2586 1799 2643 quae
1842 2577 1939 2629 εει
1980 2569 2059 2628 de
2092 2582 2348 2628 numero

279 2659 665 2723 sectatorum,
697 2663 758 2712 et
787 2661 1038 2714 senatus
1063 2655 1362 2726 consulto,
1395 2653 1563 2728 quod
1590 2660 1685 2712 cst
1705 2653 1771 2712 L.
1799 2652 2061 2713 Caesare
2090 2654 2351 2712 consule

280 2738 522 2807 factum,
556 2735 923 2797 restiterunt.
979 2737 1160 2817 Nulla·
1181 2744 1277 2797 est
1305 2735 1465 2796 enim
1491 2752 1693 2810 poena
1720 2751 1877 2811 quae
1906 2735 2109 2810 possit
2134 2734 2349 2794 obser-

281 2819 543 2878 vantiam
576 2821 916 2880 tenuiorum
947 2820 1024 2881 ab
1057 2820 1177 2882 hoc
1213 2828 1424 2880 vetere
1466 2817 1739 2881 instituto
1768 2819 2106 2880 officiorum
2135 2818 2347 2876 exclu-

279 2902 444 2960 dere.
535 2899 636 2963 72.
678 2906 763 2964 At
801 2905 1153 2979 spectacula
1185 2913 1329 2964 sunt
1358 2900 1623 2964 tributim
1658 2904 1800 2963 data
1826 2903 1995 2963 etad
2022 2897 2347 2976 prandium

279 2987 461 3060 vulgo
501 2985 724 3046 vocati.
804 2986 936 3048 Etsi
976 2987 1096 3047 hoc
1139 2988 1366 3047 sactum
1392 3003 1431 3046 a
1464 2986 1719 3046 Murena
1755 2985 2031 3059 omnino,
2087 2983 2346 3054 iudiceS,

279 3084 398 3128 non
431 3075 556 3141 est,
586 3069 664 3130 ab
694 3068 827 3130 eius
863 3069 1074 3130 amicis
1103 3078 1305 3130 autem
1334 3086 1505 3130 more
1536 3078 1598 3131 et
1625 3070 1811 3128 modo
1842 3071 2066 3129 factum
2096 3076 2220 3140 est,
2257 3075 2345 3127 ta·

279 3168 416 3210 men
449 3151 794 3213 admonitus
825 3169 893 3213 re
931 3152 1070 3228 ipsa
1110 3154 1407 3214 recordor
1452 3161 1745 3227 quantum
1790 3151 1909 3212 hae
1954 3147 2348 3226 conquestio-

279 3251 390 3294 nes
424 3234 487 3294 in
521 3244 740 3295 senatu
767 3235 1008 3295 habitae
1043 3243 1404 3308 punctorum
1446 3235 1655 3311 nobis,
1704 3234 1914 3308 Servi,
1956 3231 2350 3294 detraxerint.

279 3317 456 3389 Quod
485 3318 643 3379 enim
677 3327 918 3392 tempus
949 3316 1060 3379 fuit
1085 3325 1190 3377 aut
1211 3326 1424 3379 nostra
1449 3327 1557 3380 aut
1575 3327 1815 3394 patrum
1842 3325 2193 3378 nostrorum
2221 3333 2349 3377 me-

278 3399 474 3459 moria
509 3417 634 3475 quo
667 3400 840 3474 haec,
874 3399 1008 3461 sive
1032 3399 1279 3462 ambitio
1311 3410 1408 3462 est
1435 3400 1568 3464 sive
1597 3401 1947 3474 liberalium,
1991 3417 2116 3462 non
2148 3396 2349 3464 suerit.
