2459 3817
758 143 924 206 CAP.
962 149 1220 206 ιιι-16.
1267 150 1317 212 s.
1345 150 1614 206 40—47.
2147 143 2233 208 15

154 297 363 358 vellet=
416 293 641 357 deinde
674 311 753 356 ne
789 294 886 355 cui
916 295 1126 356 liceret
1155 311 1442 368 umquam
1471 293 1922 369 reprehendere
1955 292 2105 355 illud
2134 295 2224 356 in-

153 379 375 442 dicium
404 387 509 440 aut
535 387 761 439 temere
791 377 1085 439 creditum
1115 377 1448 438 criminari:
1484 387 1795 455 postremo
1827 395 1904 438 ne
1929 377 2078 452 quid
2105 381 2230 438 iam

150 482 187 524 a
209 479 327 535 me,
356 479 435 522 ne
460 461 603 536 quid
628 478 707 521 ex
728 460 882 522 meis
907 461 1358 521 commentariis
1390 469 1803 536 quaereretur,
1834 478 1912 522 ne
1941 469 2045 522 aut
2074 461 2226 521 obli-

150 546 253 607 vio
285 561 421 608 mea
450 553 555 605 aut
583 545 871 605 memoria
904 544 1085 605 nimia
1114 545 1448 616 videretur,
1492 561 1570 604 ne
1601 545 1871 620 denique
1903 553 2007 606 aut
2035 546 2226 620 negli-

150 630 355 706 gentia
384 628 580 702 turpis
603 636 708 690 aut
730 627 1039 703 diligentia
1062 628 1327 688 crudeliS
1358 636 1688 703 putaretur.
1749 628 1850 690 44.
1875 628 2002 689 Sed
2026 636 2226 690 tamen

150 713 263 774 abs
284 720 363 786 te,
390 714 709 787 Torquate,
750 728 999 786 quaere,
1033 729 1217 788 quum
1248 713 1548 772 indicatus
1576 719 1712 772 tuus
1737 721 1906 774 esset
1926 713 2229 786 inimicuS,

151 805 212 857 et
250 803 419 856 esset
452 795 586 856 eius
624 795 712 858 rei
744 797 1032 871 frequens
1068 803 1320 856 senatus
1360 804 1420 856 et
1447 811 1666 856 recens
1709 795 2000 856 memoria
2034 798 2228 870 testiS,

152 879 286 952 tibi,
330 895 466 938 meo
500 879 775 939 familiari
810 886 869 939 et
900 878 1350 952 contubernali,
1396 879 1568 953 prius
1600 878 1780 939 etiam
1813 879 2034 940 edituri
2072 878 2226 938 indi-

151 962 311 1023 cium
342 961 565 1023 fuerint
586 963 831 1023 scribae
859 961 1009 1036 mei,
1039 961 1094 1023 si
1122 961 1462 1034 voluisseS,
1503 978 1682 1036 quam
1712 961 1772 1022 in
1803 961 2084 1022 codicem
2107 967 2226 1022 ret»

154 1045 449 1119 tulissent,
484 1063 671 1120 quum
695 1045 939 1107 videres
963 1046 1136 1106 aliter
1154 1046 1386 1118 referri,
1420 1062 1529 1106 cur
1557 1046 1816 1120 tacuisti,
1854 1061 2083 1120 passus
2115 1053 2233 1105 es?

150 1145 274 1189 non
304 1144 538 1188 mecum
570 1137 676 1188 aut
704 1144 841 1188 cum
872 1127 1146 1188 familiari
1178 1144 1314 1188 meo
1346 1137 1604 1205 questus
1638 1137 1752 1189 es?
1803 1137 1910 1189 aut
1939 1127 2226 1202 quoniam

154 1221 274 1272 tam
314 1212 490 1270 facile
524 1211 832 1272 inveheris
872 1211 933 1271 in
971 1212 1242 1286 amicos„
1278 1210 1635 1273 iracundius
1667 1221 1772 1273 aut
1805 1209 2230 1272 vehementius

151 1295 601 1369 expostulasti?
647 1295 765 1366 Tu,
804 1312 990 1371 quum
1022 1303 1124 1356 tua
1153 1312 1277 1356 vox
1307 1300 1638 1371 numquam
1665 1295 1744 1357 sit
1770 1295 2005 1367 audita,
2040 1311 2230 1371 quum

150 1376 375 1438 indicio
402 1379 578 1452 lecte,
611 1378 939 1455 descripte,
967 1378 1278 1454 divulgato
1305 1378 1631 1454 quieveriS,
1658 1378 1942 1451 tacueris,
1971 1387 2228 1455 repente

152 1468 377 1523 tantam
404 1478 535 1522 rem
577 1462 907 1524 ementiare
935 1470 996 1522 et
1028 1463 1085 1522 in
1124 1480 1264 1524 eum
1295 1464 1499 1524 locum
1533 1471 1592 1524 te
1622 1463 1928 1536 deducaS,
1967 1471 2036 1523 ut
2063 1471 2224 1533 ante,

152 1563 335 1642 quam
371 1561 469 1605 me
496 1546 843 1607 commutati
870 1545 1077 1607 indicii
1104 1547 1484 1630 coargueris,
1512 1555 1576 1608 te
1607 1563 1882 1608 summae
1913 1546 2223 1622 negligen-

151 1629 271 1690 tiae
306 1636 407 1689 tuo
438 1629 661 1692 iudicio
694 1631 1040 1692 convictum
1072 1647 1215 1691 esse
1251 1632 1524 1692 fateare?

316 1713 476 1772 XVI.
506 1711 610 1772 45.
646 1713 793 1774 Mihi
824 1713 1187 1788 cuiusquam
1220 1715 1390 1774 salus
1433 1711 1584 1774 tanti
1626 1710 1874 1783 fuisset,
1919 1719 1986 1772 ut
2026 1727 2228 1772 meam

149 1793 566 1870 negligerem?
602 1813 711 1870 per
732 1812 829 1857 me
862 1812 978 1870 ego
1012 1796 1324 1857 veritatem
1359 1796 1720 1868 patefactam
1753 1792 2226 1855 contaminarem

149 1877 361 1954 aliquo
403 1878 766 1939 mendacior
812 1895 1183 1954 quemquam
1216 1876 1488 1949 denique
1530 1891 1646 1951 ego
1682 1877 1988 1949 iuvarent,
2029 1893 2068 1936 a
2102 1892 2226 1949 quo

148 1971 276 2026 tam
360 1961 641 2023 crudeles
718 1959 973 2020 insidias
1042 1961 1133 2019 rei
1186 1960 1472 2034 publicae
1539 1963 1732 2022 factas
1754 2005 1772 2036 ,
1841 1967 1905 2020 et
1961 1975 2062 2020 me
2112 1974 2233 2034 po-

148 2043 455 2107 tissimum
514 2045 801 2117 consule,
866 2049 1184 2118 putarem?
1286 2042 1466 2116 Quod
1521 2043 1576 2102 si
1636 2042 1755 2103 iam
1809 2057 2014 2104 essem
2072 2040 2223 2102 obli-

151 2138 255 2190 tus
288 2125 631 2187 severitatis
663 2135 723 2187 et
752 2125 1129 2187 constantiae
1156 2143 1360 2199 meae,
1405 2133 1608 2187 tamne
1647 2141 1860 2187 amens
1897 2141 2092 2196 eram,
2140 2133 2224 2198 ut,

152 2227 343 2288 quum
372 2208 606 2270 litterae
633 2208 1006 2286 posteritatis
1037 2226 1225 2272 causa
1247 2218 1526 2284 repertae
1556 2209 1706 2283 sint,
1751 2225 1914 2285 quae
1944 2207 2227 2270 subsidio

150 2292 451 2357 oblivioni
500 2310 643 2354 esse
692 2302 981 2370 possent,
1035 2310 1151 2369 ego
1202 2302 1510 2355 recentem
1554 2301 1831 2368 putarem
1871 2291 2227 2352 memoriam

150 2377 355 2439 cuncti
389 2385 638 2440 senatus
668 2377 1099 2440 commentario
1132 2394 1270 2438 meo
1303 2393 1492 2453 posse
1529 2377 1850 2452 superari?
1922 2374 2024 2438 46.
2067 2374 2226 2434 Fero

148 2476 271 2536 ego
300 2466 376 2531 te,
414 2461 735 2537 Torquate,
766 2461 886 2523 iam
916 2463 1163 2531 dudum,
1197 2462 1348 2536 fero,
1377 2469 1438 2523 et
1461 2477 1582 2522 non
1607 2475 1940 2536 numquam
1959 2459 2228 2518 animum

84 2548 89 2554 ’
148 2542 463 2605 incitatum
492 2547 571 2606 ad
603 2547 1016 2607 ulciscendam
1046 2544 1384 2607 orationem
1421 2553 1584 2606 tuam
1613 2559 1843 2605 revoco
1876 2541 2014 2617 ipse
2043 2551 2106 2603 et
2130 2557 2223 2602 re-

151 2627 367 2689 flecto:
419 2629 699 2726 permitto
742 2629 975 2706 aliquid
1012 2629 1366 2690 iracundiae
1410 2637 1576 2700 tuae,
1623 2629 1703 2688 do
1747 2624 2226 2696 adolescentiae,

152 2711 313 2772 cedo
340 2713 656 2786 amicitiae,
691 2713 888 2775 tribuo
920 2713 1177 2789 parenti.
1236 2712 1362 2773 Sed
1393 2711 1512 2772 nisi
1545 2709 1652 2794 ubi
1679 2708 1946 2785 aliquem
1977 2709 2226 2770 modum-

150 2803 281 2855 tute
310 2797 729 2869 constitueriS‚
762 2813 951 2873 coges
977 2812 1075 2856 me
1108 2797 1362 2858 oblitum
1392 2803 1640 2856 nostr-ae
1671 2791 1970 2854 amicitiae
1999 2793 2229 2854 habere

151 2879 451 2940 rationem
479 2895 652 2940 meae
683 2841 1008 2954 dignitatis.
1067 2880 1260 2939 Nemo
1289 2894 1578 2953 umquam
1607 2893 1705 2936 me
1734 2877 2087 2937 tenuissima
2122 2893 2224 2936 su-

154 2962 426 3038 spitione
462 2962 845 3039 perstrinxit,
894 2979 1076 3038 quem
1117 2979 1240 3022 non
1274 2958 1668 3037 perverterim
1700 2975 1772 3020 ac
1810 2959 2224 3035 perfregerim.

154 3044 283 3105 Sed
306 3045 451 3106 mihi
475 3048 594 3108 hoc
617 3048 835 3108 credas
862 3047 1069 3107 velim=
1100 3063 1221 3106 non
1247 3043 1322 3105 iis
1346 3043 1746 3106 libentissime
1769 3045 1942 3105 soleo
1965 3059 2225 3118 respon·

154 3129 342 3226 dere,
392 3147 553 3205 quos
592 3129 735 3191 mihi
780 3127 993 3191 videor
1035 3129 1317 3190 facillime
1347 3145 1537 3204 posse
1569 3143 1882 3204 superare.
1976 3125 2078 3188 47.
2116 3126 2222 3194 Tu,

156 3211 445 3286 quoniam
475 3211 722 3275 minime
749 3213 997 3307 ignoras
1029 3211 1534 3274 consuetudinem
1565 3211 1808 3272 dicendi
1837 3225 2064 3278 meam,
2101 3207 2224 3267 noli

156 3311 271 3356 nac
292 3295 541 3359 lenitate
569 3315 730 3360 nova
752 3284 917 3359 abuti
946 3315 1098 3368 mea,
1131 3299 1256 3357 noli
1284 3299 1536 3357 aculeos
1565 3293 1860 3355 orationis
1888 3307 2081 3362 meae,
2121 3292 2226 3366 qui

153 3379 454 3442 reconditi
494 3392 663 3455 sunt,
711 3397 1017 3444 excussos
1046 3378 1353 3448 arbitrari,
1392 3379 1518 3440 noli
1559 3377 1622 3437 id
1655 3375 1900 3438 omnino
1931 3389 1968 3432 a
1990 3390 2088 3434 me
2117 3391 2218 3449 pu
