<?xml version="1.0" encoding="UTF-8"?>
<!DOCTYPE html PUBLIC "-//W3C//DTD XHTML 1.0 Transitional//EN"
    "http://www.w3.org/TR/xhtml1/DTD/xhtml1-transitional.dtd">
<html xmlns="http://www.w3.org/1999/xhtml" xml:lang="en" lang="en">
 <head>
  <title>
</title>
<meta http-equiv="Content-Type" content="text/html;charset=utf-8" />
  <meta name='ocr-system' content='tesseract 3.04.00' />
  <meta name='ocr-capabilities' content='ocr_page ocr_carea ocr_par ocr_line ocrx_word'/>
</head>
<body>
  <div class='ocr_page' id='page_1' title='image "./mtulliiciceroni00klotgoog_0532.png"; bbox 0 0 2459 3817; ppageno 0'>
   <div class='ocr_carea' id='block_1_1' title="bbox 821 148 2246 227">
    <p class='ocr_par' dir='ltr' id='par_1_1' title="bbox 821 148 2246 227">
     <span class='ocr_line' id='line_1_1' title="bbox 821 148 2246 227; baseline -0.008 -12"><span class='ocrx_word' id='word_1_1' title='bbox 821 148 992 215; x_wconf 78' lang='lat' dir='ltr'><strong>cAP.</strong></span> <span class='ocrx_word' id='word_1_2' title='bbox 1021 155 1260 214; x_wconf 73' lang='lat'><strong>18-21.</strong></span> <span class='ocrx_word' id='word_1_3' title='bbox 1281 157 1339 222; x_wconf 72' lang='lat' dir='ltr'><strong>s.</strong></span> <span class='ocrx_word' id='word_1_4' title='bbox 1365 153 1630 213; x_wconf 51' lang='lat'><strong>44--519</strong></span> <span class='ocrx_word' id='word_1_5' title='bbox 2111 156 2246 227; x_wconf 64' lang='lat'><strong><em>:23¹1</em></strong></span> 
     </span>
    </p>
   </div>
   <div class='ocr_carea' id='block_1_2' title="bbox 154 311 2310 3465">
    <p class='ocr_par' dir='ltr' id='par_1_2' title="bbox 154 311 2310 2472">
     <span class='ocr_line' id='line_1_2' title="bbox 154 311 2242 395; baseline 0.002 -18"><span class='ocrx_word' id='word_1_6' title='bbox 154 314 293 391; x_wconf 75' lang='lat' dir='ltr'><strong>Qui</strong></span> <span class='ocrx_word' id='word_1_7' title='bbox 324 321 457 377; x_wconf 86' lang='lat' dir='ltr'><strong>tum</strong></span> <span class='ocrx_word' id='word_1_8' title='bbox 488 311 639 379; x_wconf 88' lang='lat' dir='ltr'><strong>inde</strong></span> <span class='ocrx_word' id='word_1_9' title='bbox 662 314 897 381; x_wconf 85' lang='lat' dir='ltr'><strong>reditus</strong></span> <span class='ocrx_word' id='word_1_10' title='bbox 936 326 1046 380; x_wconf 74' lang='lat' dir='ltr'><strong>aut</strong></span> <span class='ocrx_word' id='word_1_11' title='bbox 1084 317 1326 395; x_wconf 70' lang='lat' dir='ltr'><strong>quatis?</strong></span> <span class='ocrx_word' id='word_1_12' title='bbox 1367 317 1544 395; x_wconf 87' lang='lat' dir='ltr'><strong>prius</strong></span> <span class='ocrx_word' id='word_1_13' title='bbox 1580 316 1643 383; x_wconf 83' lang='lat' dir='ltr'><strong>in</strong></span> <span class='ocrx_word' id='word_1_14' title='bbox 1681 316 1954 383; x_wconf 75' lang='lat' dir='ltr'><strong>ultimam</strong></span> <span class='ocrx_word' id='word_1_15' title='bbox 1988 317 2242 383; x_wconf 74' lang='lat' dir='ltr'><strong>Gelliam</strong></span> 
     </span>
     <span class='ocr_line' id='line_1_3' title="bbox 166 401 2242 478; baseline 0.003 -19"><span class='ocrx_word' id='word_1_16' title='bbox 166 414 253 459; x_wconf 77' lang='lat' dir='ltr'><strong>ex</strong></span> <span class='ocrx_word' id='word_1_17' title='bbox 306 401 601 475; x_wconf 70' lang='lat' dir='ltr'><strong>Aegypto</strong></span> <span class='ocrx_word' id='word_1_18' title='bbox 656 416 842 477; x_wconf 85' lang='lat' dir='ltr'><strong>quam</strong></span> <span class='ocrx_word' id='word_1_19' title='bbox 889 401 1159 464; x_wconf 85' lang='lat' dir='ltr'><strong>domum.</strong></span> <span class='ocrx_word' id='word_1_20' title='bbox 1266 402 1438 478; x_wconf 82' lang='lat' dir='ltr'><strong>Quae</strong></span> <span class='ocrx_word' id='word_1_21' title='bbox 1483 410 1691 465; x_wconf 83' lang='lat' dir='ltr'><strong>autem</strong></span> <span class='ocrx_word' id='word_1_22' title='bbox 1734 406 1998 466; x_wconf 74' lang='lat' dir='ltr'><strong>domus?</strong></span> <span class='ocrx_word' id='word_1_23' title='bbox 2053 404 2242 466; x_wconf 82' lang='lat' dir='ltr'><strong>Suam</strong></span> 
     </span>
     <span class='ocr_line' id='line_1_4' title="bbox 158 482 2238 562; baseline 0 -17"><span class='ocrx_word' id='word_1_24' title='bbox 158 483 339 545; x_wconf 82' lang='lat' dir='ltr'><strong>enim</strong></span> <span class='ocrx_word' id='word_1_25' title='bbox 374 482 639 561; x_wconf 75' lang='lat' dir='ltr'><strong>quisque</strong></span> <span class='ocrx_word' id='word_1_26' title='bbox 666 485 913 547; x_wconf 83' lang='lat' dir='ltr'><strong>domum</strong></span> <span class='ocrx_word' id='word_1_27' title='bbox 940 492 1068 547; x_wconf 89' lang='lat' dir='ltr'><strong>tum</strong></span> <span class='ocrx_word' id='word_1_28' title='bbox 1102 486 1414 547; x_wconf 75' lang='lat' dir='ltr'><strong>obtinebat</strong></span> <span class='ocrx_word' id='word_1_29' title='bbox 1440 500 1642 561; x_wconf 83' lang='lat' dir='ltr'><strong>neque</strong></span> <span class='ocrx_word' id='word_1_30' title='bbox 1667 494 1802 547; x_wconf 76' lang='lat' dir='ltr'><strong>erat</strong></span> <span class='ocrx_word' id='word_1_31' title='bbox 1829 498 2091 562; x_wconf 81' lang='lat' dir='ltr'><strong>usquam</strong></span> <span class='ocrx_word' id='word_1_32' title='bbox 2113 493 2238 547; x_wconf 82' lang='lat' dir='ltr'><strong>tua.</strong></span> 
     </span>
     <span class='ocr_line' id='line_1_5' title="bbox 161 564 2238 647; baseline 0 -18"><span class='ocrx_word' id='word_1_33' title='bbox 161 567 433 629; x_wconf 75' lang='lat' dir='ltr'><strong>Dummn</strong></span> <span class='ocrx_word' id='word_1_34' title='bbox 472 566 657 629; x_wconf 63' lang='lat' dir='ltr'><strong>dicov</strong></span> <span class='ocrx_word' id='word_1_35' title='bbox 689 564 844 641; x_wconf 81' lang='lat' dir='ltr'><strong>Quid</strong></span> <span class='ocrx_word' id='word_1_36' title='bbox 889 577 1019 630; x_wconf 84' lang='lat' dir='ltr'><strong>erat</strong></span> <span class='ocrx_word' id='word_1_37' title='bbox 1056 570 1117 631; x_wconf 89' lang='lat' dir='ltr'><strong>in</strong></span> <span class='ocrx_word' id='word_1_38' title='bbox 1152 569 1333 631; x_wconf 84' lang='lat' dir='ltr'><strong>terris</strong></span> <span class='ocrx_word' id='word_1_39' title='bbox 1363 568 1470 632; x_wconf 88' lang='lat' dir='ltr'><strong>ubi</strong></span> <span class='ocrx_word' id='word_1_40' title='bbox 1497 567 1559 629; x_wconf 86' lang='lat' dir='ltr'><strong>in</strong></span> <span class='ocrx_word' id='word_1_41' title='bbox 1585 578 1692 632; x_wconf 88' lang='lat' dir='ltr'><strong>tuo</strong></span> <span class='ocrx_word' id='word_1_42' title='bbox 1721 568 1942 647; x_wconf 85' lang='lat' dir='ltr'><strong>pedem</strong></span> <span class='ocrx_word' id='word_1_43' title='bbox 1970 580 2238 645; x_wconf 77' lang='lat' dir='ltr'><strong>poneres</strong></span> 
     </span>
     <span class='ocr_line' id='line_1_6' title="bbox 163 642 2237 729; baseline 0 -18"><span class='ocrx_word' id='word_1_44' title='bbox 163 659 423 726; x_wconf 84' lang='lat' dir='ltr'><strong>praeter</strong></span> <span class='ocrx_word' id='word_1_45' title='bbox 458 664 647 711; x_wconf 86' lang='lat' dir='ltr'><strong>unum</strong></span> <span class='ocrx_word' id='word_1_46' title='bbox 673 650 1005 722; x_wconf 78' lang='lat' dir='ltr'><strong>Misenum,</strong></span> <span class='ocrx_word' id='word_1_47' title='bbox 1055 654 1225 727; x_wconf 88' lang='lat' dir='ltr'><strong>quod</strong></span> <span class='ocrx_word' id='word_1_48' title='bbox 1261 666 1401 714; x_wconf 78' lang='lat' dir='ltr'><strong>curn</strong></span> <span class='ocrx_word' id='word_1_49' title='bbox 1429 651 1618 714; x_wconf 83' lang='lat' dir='ltr'><strong>sociis</strong></span> <span class='ocrx_word' id='word_1_50' title='bbox 1644 660 1952 728; x_wconf 80' lang='lat' dir='ltr'><strong>tamquam</strong></span> <span class='ocrx_word' id='word_1_51' title='bbox 1983 642 2237 729; x_wconf 59' lang='lat' dir='ltr'><strong>&amp;isupe-</strong></span> 
     </span>
     <span class='ocr_line' id='line_1_7' title="bbox 160 732 2236 811; baseline 0.001 -18"><span class='ocrx_word' id='word_1_52' title='bbox 160 748 313 793; x_wconf 73' lang='lat' dir='ltr'><strong>nem</strong></span> <span class='ocrx_word' id='word_1_53' title='bbox 338 733 637 795; x_wconf 62' lang='lat' dir='ltr'><strong>tenebas?</strong></span> <span class='ocrx_word' id='word_1_54' title='bbox 660 734 788 795; x_wconf 85' lang='lat' dir='ltr'><strong>XX.</strong></span> <span class='ocrx_word' id='word_1_55' title='bbox 815 732 917 795; x_wconf 75' lang='lat'><strong>49.</strong></span> <span class='ocrx_word' id='word_1_56' title='bbox 945 734 1184 797; x_wconf 80' lang='lat' dir='ltr'><strong>Venisti</strong></span> <span class='ocrx_word' id='word_1_57' title='bbox 1209 751 1249 797; x_wconf 88' lang='lat' dir='ltr'><strong>e</strong></span> <span class='ocrx_word' id='word_1_58' title='bbox 1275 736 1468 796; x_wconf 79' lang='lat' dir='ltr'><strong>Gallia</strong></span> <span class='ocrx_word' id='word_1_59' title='bbox 1500 734 1579 795; x_wconf 89' lang='lat' dir='ltr'><strong>ad</strong></span> <span class='ocrx_word' id='word_1_60' title='bbox 1607 744 1996 809; x_wconf 68' lang='lat' dir='ltr'><strong>quaesturam</strong></span> <span class='ocrx_word' id='word_1_61' title='bbox 2027 743 2236 811; x_wconf 83' lang='lat' dir='ltr'><strong>peten-</strong></span> 
     </span>
     <span class='ocr_line' id='line_1_8' title="bbox 158 816 2248 899; baseline 0.001 -22"><span class='ocrx_word' id='word_1_62' title='bbox 158 817 335 877; x_wconf 81' lang='lat' dir='ltr'><strong>dam.</strong></span> <span class='ocrx_word' id='word_1_63' title='bbox 404 816 585 878; x_wconf 82' lang='lat' dir='ltr'><strong>Ande</strong></span> <span class='ocrx_word' id='word_1_64' title='bbox 613 816 819 878; x_wconf 85' lang='lat' dir='ltr'><strong>dicere</strong></span> <span class='ocrx_word' id='word_1_65' title='bbox 855 824 913 878; x_wconf 91' lang='lat' dir='ltr'><strong>te</strong></span> <span class='ocrx_word' id='word_1_66' title='bbox 943 816 1113 892; x_wconf 77' lang='lat' dir='ltr'><strong>prius</strong></span> <span class='ocrx_word' id='word_1_67' title='bbox 1142 820 1223 878; x_wconf 88' lang='lat' dir='ltr'><strong>ad</strong></span> <span class='ocrx_word' id='word_1_68' title='bbox 1253 826 1565 899; x_wconf 84' lang='lat' dir='ltr'><strong>parentem</strong></span> <span class='ocrx_word' id='word_1_69' title='bbox 1586 825 1754 879; x_wconf 84' lang='lat' dir='ltr'><strong>tuam</strong></span> <span class='ocrx_word' id='word_1_70' title='bbox 1778 817 2026 879; x_wconf 86' lang='lat' dir='ltr'><strong>venisse</strong></span> <span class='ocrx_word' id='word_1_71' title='bbox 2053 831 2248 895; x_wconf 81' lang='lat' dir='ltr'><strong>quam-</strong></span> 
     </span>
     <span class='ocr_line' id='line_1_9' title="bbox 162 896 2238 976; baseline 0.001 -15"><span class='ocrx_word' id='word_1_72' title='bbox 162 900 257 961; x_wconf 85' lang='lat' dir='ltr'><strong>ad</strong></span> <span class='ocrx_word' id='word_1_73' title='bbox 278 908 447 961; x_wconf 52' lang='lat' dir='ltr'><strong>mec·</strong></span> <span class='ocrx_word' id='word_1_74' title='bbox 480 901 862 976; x_wconf 83' lang='lat' dir='ltr'><strong>Acceperam</strong></span> <span class='ocrx_word' id='word_1_75' title='bbox 906 900 1027 960; x_wconf 83' lang='lat' dir='ltr'><strong>iam</strong></span> <span class='ocrx_word' id='word_1_76' title='bbox 1054 908 1194 961; x_wconf 84' lang='lat' dir='ltr'><strong>ante</strong></span> <span class='ocrx_word' id='word_1_77' title='bbox 1224 900 1504 963; x_wconf 81' lang='lat' dir='ltr'><strong>caesaris</strong></span> <span class='ocrx_word' id='word_1_78' title='bbox 1535 896 1783 973; x_wconf 76' lang='lat' dir='ltr'><strong>litteras,</strong></span> <span class='ocrx_word' id='word_1_79' title='bbox 1813 907 1878 960; x_wconf 82' lang='lat' dir='ltr'><strong>ut</strong></span> <span class='ocrx_word' id='word_1_80' title='bbox 1909 897 2056 961; x_wconf 81' lang='lat' dir='ltr'><strong>mihi</strong></span> <span class='ocrx_word' id='word_1_81' title='bbox 2085 900 2238 963; x_wconf 81' lang='lat' dir='ltr'><strong>satis</strong></span> 
     </span>
     <span class='ocr_line' id='line_1_10' title="bbox 168 980 2238 1060; baseline 0.001 -17"><span class='ocrx_word' id='word_1_82' title='bbox 168 982 313 1043; x_wconf 85' lang='lat' dir='ltr'><strong>fieri</strong></span> <span class='ocrx_word' id='word_1_83' title='bbox 341 990 585 1057; x_wconf 85' lang='lat' dir='ltr'><strong>paterer</strong></span> <span class='ocrx_word' id='word_1_84' title='bbox 613 998 651 1042; x_wconf 89' lang='lat' dir='ltr'><strong>a</strong></span> <span class='ocrx_word' id='word_1_85' title='bbox 677 991 757 1044; x_wconf 87' lang='lat' dir='ltr'><strong>tc.</strong></span> <span class='ocrx_word' id='word_1_86' title='bbox 826 980 1039 1056; x_wconf 77' lang='lat' dir='ltr'><strong>ltaque</strong></span> <span class='ocrx_word' id='word_1_87' title='bbox 1075 998 1155 1043; x_wconf 85' lang='lat' dir='ltr'><strong>ue</strong></span> <span class='ocrx_word' id='word_1_88' title='bbox 1176 983 1348 1060; x_wconf 84' lang='lat' dir='ltr'><strong>loqui</strong></span> <span class='ocrx_word' id='word_1_89' title='bbox 1376 983 1622 1060; x_wconf 85' lang='lat' dir='ltr'><strong>quidem</strong></span> <span class='ocrx_word' id='word_1_90' title='bbox 1651 996 1788 1045; x_wconf 77' lang='lat' dir='ltr'><strong>sum</strong></span> <span class='ocrx_word' id='word_1_91' title='bbox 1813 990 1876 1045; x_wconf 75' lang='lat' dir='ltr'><strong>te</strong></span> <span class='ocrx_word' id='word_1_92' title='bbox 1899 994 2131 1059; x_wconf 79' lang='lat' dir='ltr'><strong>passus</strong></span> <span class='ocrx_word' id='word_1_93' title='bbox 2159 984 2238 1045; x_wconf 92' lang='lat' dir='ltr'><strong>de</strong></span> 
     </span>
     <span class='ocr_line' id='line_1_11' title="bbox 157 1063 2238 1142; baseline 0.002 -20"><span class='ocrx_word' id='word_1_94' title='bbox 157 1063 381 1139; x_wconf 80' lang='lat' dir='ltr'><strong>gratia.</strong></span> <span class='ocrx_word' id='word_1_95' title='bbox 474 1064 699 1126; x_wconf 84' lang='lat' dir='ltr'><strong>Postea</strong></span> <span class='ocrx_word' id='word_1_96' title='bbox 736 1080 874 1127; x_wconf 83' lang='lat' dir='ltr'><strong>sum</strong></span> <span class='ocrx_word' id='word_1_97' title='bbox 914 1067 1115 1128; x_wconf 81' lang='lat' dir='ltr'><strong>cultus</strong></span> <span class='ocrx_word' id='word_1_98' title='bbox 1147 1081 1188 1125; x_wconf 83' lang='lat' dir='ltr'><strong>a</strong></span> <span class='ocrx_word' id='word_1_99' title='bbox 1214 1074 1306 1140; x_wconf 81' lang='lat' dir='ltr'><strong>te,</strong></span> <span class='ocrx_word' id='word_1_100' title='bbox 1343 1075 1410 1129; x_wconf 90' lang='lat' dir='ltr'><strong>tu</strong></span> <span class='ocrx_word' id='word_1_101' title='bbox 1435 1084 1473 1127; x_wconf 91' lang='lat' dir='ltr'><strong>a</strong></span> <span class='ocrx_word' id='word_1_102' title='bbox 1503 1080 1599 1127; x_wconf 84' lang='lat' dir='ltr'><strong>me</strong></span> <span class='ocrx_word' id='word_1_103' title='bbox 1629 1066 1994 1128; x_wconf 78' lang='lat' dir='ltr'><strong>observatus</strong></span> <span class='ocrx_word' id='word_1_104' title='bbox 2025 1067 2088 1127; x_wconf 80' lang='lat' dir='ltr'><strong>in</strong></span> <span class='ocrx_word' id='word_1_105' title='bbox 2131 1080 2238 1142; x_wconf 85' lang='lat' dir='ltr'><strong>pe-</strong></span> 
     </span>
     <span class='ocr_line' id='line_1_12' title="bbox 160 1146 2238 1225; baseline 0.001 -18"><span class='ocrx_word' id='word_1_106' title='bbox 160 1146 381 1208; x_wconf 82' lang='lat' dir='ltr'><strong>titione</strong></span> <span class='ocrx_word' id='word_1_107' title='bbox 428 1154 821 1224; x_wconf 75' lang='lat' dir='ltr'><strong>quaesturae.</strong></span> <span class='ocrx_word' id='word_1_108' title='bbox 927 1146 1061 1222; x_wconf 79' lang='lat' dir='ltr'><strong>Quo</strong></span> <span class='ocrx_word' id='word_1_109' title='bbox 1104 1149 1354 1225; x_wconf 87' lang='lat' dir='ltr'><strong>quidem</strong></span> <span class='ocrx_word' id='word_1_110' title='bbox 1393 1157 1666 1225; x_wconf 80' lang='lat' dir='ltr'><strong>tempore</strong></span> <span class='ocrx_word' id='word_1_111' title='bbox 1702 1150 1765 1208; x_wconf 79' lang='grc' dir='ltr'><strong>Ρ.</strong></span> <span class='ocrx_word' id='word_1_112' title='bbox 1815 1149 2091 1211; x_wconf 84' lang='lat' dir='ltr'><strong>Clodium</strong></span> <span class='ocrx_word' id='word_1_113' title='bbox 2127 1164 2238 1225; x_wconf 86' lang='lat' dir='ltr'><strong>ap·</strong></span> 
     </span>
     <span class='ocr_line' id='line_1_13' title="bbox 162 1230 2238 1309; baseline 0.002 -20"><span class='ocrx_word' id='word_1_114' title='bbox 162 1230 471 1305; x_wconf 73' lang='lat' dir='ltr'>probante</span> <span class='ocrx_word' id='word_1_115' title='bbox 499 1231 732 1307; x_wconf 75' lang='lat' dir='ltr'><strong>populo</strong></span> <span class='ocrx_word' id='word_1_116' title='bbox 754 1232 1034 1293; x_wconf 82' lang='lat' dir='ltr'><strong>Romano</strong></span> <span class='ocrx_word' id='word_1_117' title='bbox 1070 1230 1135 1293; x_wconf 88' lang='lat' dir='ltr'><strong>in</strong></span> <span class='ocrx_word' id='word_1_118' title='bbox 1158 1234 1297 1293; x_wconf 77' lang='lat' dir='ltr'><strong>foro</strong></span> <span class='ocrx_word' id='word_1_119' title='bbox 1324 1246 1394 1294; x_wconf 84' lang='lat' dir='ltr'><strong>es</strong></span> <span class='ocrx_word' id='word_1_120' title='bbox 1418 1238 1674 1293; x_wconf 82' lang='lat' dir='ltr'><strong>conatus</strong></span> <span class='ocrx_word' id='word_1_121' title='bbox 1697 1230 1998 1305; x_wconf 81' lang='lat' dir='ltr'><strong>occidere,</strong></span> <span class='ocrx_word' id='word_1_122' title='bbox 2026 1244 2238 1309; x_wconf 73' lang='lat' dir='ltr'><strong>quum-</strong></span> 
     </span>
     <span class='ocr_line' id='line_1_14' title="bbox 164 1313 2238 1391; baseline 0.001 -16"><span class='ocrx_word' id='word_1_123' title='bbox 164 1328 297 1388; x_wconf 82' lang='lat' dir='ltr'><strong>que</strong></span> <span class='ocrx_word' id='word_1_124' title='bbox 328 1328 465 1375; x_wconf 85' lang='lat' dir='ltr'><strong>eam</strong></span> <span class='ocrx_word' id='word_1_125' title='bbox 493 1328 623 1375; x_wconf 81' lang='lat' dir='ltr'><strong>rem</strong></span> <span class='ocrx_word' id='word_1_126' title='bbox 648 1320 753 1376; x_wconf 87' lang='lat' dir='ltr'><strong>tua</strong></span> <span class='ocrx_word' id='word_1_127' title='bbox 782 1322 1005 1391; x_wconf 77' lang='lat' dir='ltr'><strong>sponte</strong></span> <span class='ocrx_word' id='word_1_128' title='bbox 1034 1330 1360 1389; x_wconf 73' lang='lat' dir='ltr'><strong>conarere,</strong></span> <span class='ocrx_word' id='word_1_129' title='bbox 1403 1329 1528 1378; x_wconf 88' lang='lat' dir='ltr'><strong>non</strong></span> <span class='ocrx_word' id='word_1_130' title='bbox 1555 1313 1826 1389; x_wconf 84' lang='lat' dir='ltr'><strong>impulsu</strong></span> <span class='ocrx_word' id='word_1_131' title='bbox 1849 1328 2008 1390; x_wconf 82' lang='lat' dir='ltr'><strong>meo,</strong></span> <span class='ocrx_word' id='word_1_132' title='bbox 2037 1323 2238 1377; x_wconf 79' lang='lat' dir='ltr'><strong>tamen</strong></span> 
     </span>
     <span class='ocr_line' id='line_1_15' title="bbox 159 1394 2240 1473; baseline 0.001 -15"><span class='ocrx_word' id='word_1_133' title='bbox 159 1394 251 1459; x_wconf 81' lang='lat' dir='ltr'><strong>ita</strong></span> <span class='ocrx_word' id='word_1_134' title='bbox 278 1397 713 1472; x_wconf 73' lang='lat' dir='ltr'><strong>praedicabas,</strong></span> <span class='ocrx_word' id='word_1_135' title='bbox 760 1405 822 1461; x_wconf 86' lang='lat' dir='ltr'><strong>te</strong></span> <span class='ocrx_word' id='word_1_136' title='bbox 867 1412 993 1461; x_wconf 82' lang='lat' dir='ltr'><strong>nen</strong></span> <span class='ocrx_word' id='word_1_137' title='bbox 1038 1398 1419 1473; x_wconf 83' lang='lat' dir='ltr'><strong>existimare,</strong></span> <span class='ocrx_word' id='word_1_138' title='bbox 1459 1397 1578 1460; x_wconf 86' lang='lat' dir='ltr'><strong>nisi</strong></span> <span class='ocrx_word' id='word_1_139' title='bbox 1607 1396 1776 1459; x_wconf 82' lang='lat' dir='ltr'><strong>ilium</strong></span> <span class='ocrx_word' id='word_1_140' title='bbox 1804 1397 2240 1472; x_wconf 76' lang='lat' dir='ltr'><strong>interfecisses,</strong></span> 
     </span>
     <span class='ocr_line' id='line_1_16' title="bbox 160 1478 2238 1557; baseline 0 -16"><span class='ocrx_word' id='word_1_141' title='bbox 160 1494 461 1557; x_wconf 83' lang='lat' dir='ltr'><strong>umquam</strong></span> <span class='ocrx_word' id='word_1_142' title='bbox 490 1478 639 1543; x_wconf 82' lang='lat' dir='ltr'><strong>mihi</strong></span> <span class='ocrx_word' id='word_1_143' title='bbox 668 1496 782 1557; x_wconf 85' lang='lat' dir='ltr'><strong>pro</strong></span> <span class='ocrx_word' id='word_1_144' title='bbox 813 1482 933 1544; x_wconf 83' lang='lat' dir='ltr'><strong>tuis</strong></span> <span class='ocrx_word' id='word_1_145' title='bbox 960 1482 1023 1544; x_wconf 86' lang='lat' dir='ltr'><strong>in</strong></span> <span class='ocrx_word' id='word_1_146' title='bbox 1052 1498 1154 1543; x_wconf 83' lang='lat' dir='ltr'><strong>me</strong></span> <span class='ocrx_word' id='word_1_147' title='bbox 1182 1480 1416 1543; x_wconf 82' lang='lat' dir='ltr'><strong>iniuriis</strong></span> <span class='ocrx_word' id='word_1_148' title='bbox 1444 1481 1595 1544; x_wconf 79' lang='lat' dir='ltr'><strong>setis</strong></span> <span class='ocrx_word' id='word_1_149' title='bbox 1622 1496 1768 1544; x_wconf 86' lang='lat' dir='ltr'><strong>esse</strong></span> <span class='ocrx_word' id='word_1_150' title='bbox 1793 1483 2113 1544; x_wconf 77' lang='lat' dir='ltr'><strong>recturum.</strong></span> <span class='ocrx_word' id='word_1_151' title='bbox 2167 1483 2238 1542; x_wconf 87' lang='lat' dir='ltr'><strong>ln</strong></span> 
     </span>
     <span class='ocr_line' id='line_1_17' title="bbox 158 1561 2239 1641; baseline -0 -16"><span class='ocrx_word' id='word_1_152' title='bbox 158 1578 295 1637; x_wconf 86' lang='lat' dir='ltr'><strong>quo</strong></span> <span class='ocrx_word' id='word_1_153' title='bbox 319 1561 587 1626; x_wconf 85' lang='lat' dir='ltr'><strong>demiror</strong></span> <span class='ocrx_word' id='word_1_154' title='bbox 618 1580 729 1627; x_wconf 87' lang='lat' dir='ltr'><strong>cur</strong></span> <span class='ocrx_word' id='word_1_155' title='bbox 756 1565 1046 1627; x_wconf 78' lang='lat' dir='ltr'><strong>Milonem</strong></span> <span class='ocrx_word' id='word_1_156' title='bbox 1086 1565 1357 1641; x_wconf 77' lang='lat' dir='ltr'><strong>impulsu</strong></span> <span class='ocrx_word' id='word_1_157' title='bbox 1394 1580 1534 1629; x_wconf 84' lang='lat' dir='ltr'><strong>meo</strong></span> <span class='ocrx_word' id='word_1_158' title='bbox 1561 1578 1690 1627; x_wconf 84' lang='lat' dir='ltr'><strong>rem</strong></span> <span class='ocrx_word' id='word_1_159' title='bbox 1717 1564 1882 1625; x_wconf 80' lang='lat' dir='ltr'><strong>issam</strong></span> <span class='ocrx_word' id='word_1_160' title='bbox 1909 1564 2120 1640; x_wconf 78' lang='lat' dir='ltr'><strong>egisse</strong></span> <span class='ocrx_word' id='word_1_161' title='bbox 2146 1563 2239 1625; x_wconf 79' lang='lat' dir='ltr'><strong>di-</strong></span> 
     </span>
     <span class='ocr_line' id='line_1_18' title="bbox 160 1646 2240 1721; baseline 0.001 -15"><span class='ocrx_word' id='word_1_162' title='bbox 160 1658 297 1718; x_wconf 74' lang='lat' dir='ltr'><strong>cas,</strong></span> <span class='ocrx_word' id='word_1_163' title='bbox 330 1660 519 1721; x_wconf 84' lang='lat' dir='ltr'><strong>quum</strong></span> <span class='ocrx_word' id='word_1_164' title='bbox 534 1656 609 1709; x_wconf 87' lang='lat' dir='ltr'><strong>-te</strong></span> <span class='ocrx_word' id='word_1_165' title='bbox 636 1650 795 1710; x_wconf 85' lang='lat' dir='ltr'><strong>uttro</strong></span> <span class='ocrx_word' id='word_1_166' title='bbox 822 1649 968 1710; x_wconf 76' lang='lat' dir='ltr'><strong>mihi</strong></span> <span class='ocrx_word' id='word_1_167' title='bbox 999 1648 1162 1710; x_wconf 82' lang='lat' dir='ltr'><strong>idem</strong></span> <span class='ocrx_word' id='word_1_168' title='bbox 1188 1648 1341 1710; x_wconf 78' lang='lat' dir='ltr'><strong>illud</strong></span> <span class='ocrx_word' id='word_1_169' title='bbox 1368 1650 1742 1709; x_wconf 75' lang='lat' dir='ltr'><strong>deserentem</strong></span> <span class='ocrx_word' id='word_1_170' title='bbox 1763 1656 2092 1721; x_wconf 80' lang='lat' dir='ltr'><strong>numquam</strong></span> <span class='ocrx_word' id='word_1_171' title='bbox 2121 1646 2240 1709; x_wconf 75' lang='lat' dir='ltr'><strong>sim</strong></span> 
     </span>
     <span class='ocr_line' id='line_1_19' title="bbox 163 1723 2238 1806; baseline 0 -17"><span class='ocrx_word' id='word_1_172' title='bbox 163 1723 547 1791; x_wconf 68' lang='lat' dir='ltr'><strong>adhortatus.</strong></span> <span class='ocrx_word' id='word_1_173' title='bbox 606 1726 1005 1806; x_wconf 75' lang='lat' dir='ltr'><strong>Quamquam,</strong></span> <span class='ocrx_word' id='word_1_174' title='bbox 1033 1731 1089 1791; x_wconf 84' lang='lat' dir='ltr'><strong>si</strong></span> <span class='ocrx_word' id='word_1_175' title='bbox 1114 1731 1286 1793; x_wconf 81' lang='lat' dir='ltr'><strong>ineo</strong></span> <span class='ocrx_word' id='word_1_176' title='bbox 1323 1738 1772 1806; x_wconf 64' lang='lat' dir='ltr'><strong>perseverares,</strong></span> <span class='ocrx_word' id='word_1_177' title='bbox 1809 1728 1891 1791; x_wconf 79' lang='lat' dir='ltr'><strong>ed</strong></span> <span class='ocrx_word' id='word_1_178' title='bbox 1917 1739 2081 1790; x_wconf 82' lang='lat' dir='ltr'><strong>tuam</strong></span> <span class='ocrx_word' id='word_1_179' title='bbox 2109 1730 2238 1803; x_wconf 78' lang='lat' dir='ltr'><strong>glo·</strong></span> 
     </span>
     <span class='ocr_line' id='line_1_20' title="bbox 166 1807 2235 1888; baseline -0.001 -15"><span class='ocrx_word' id='word_1_180' title='bbox 166 1810 323 1873; x_wconf 78' lang='lat' dir='ltr'><strong>riam</strong></span> <span class='ocrx_word' id='word_1_181' title='bbox 348 1810 667 1874; x_wconf 74' lang='lat' dir='ltr'><strong>remilium</strong></span> <span class='ocrx_word' id='word_1_182' title='bbox 694 1813 905 1875; x_wconf 72' lang='lat' dir='ltr'><strong>referri</strong></span> <span class='ocrx_word' id='word_1_183' title='bbox 936 1814 1237 1875; x_wconf 77' lang='lat' dir='ltr'><strong>malebam</strong></span> <span class='ocrx_word' id='word_1_184' title='bbox 1269 1826 1452 1888; x_wconf 85' lang='lat' dir='ltr'><strong>quam</strong></span> <span class='ocrx_word' id='word_1_185' title='bbox 1479 1814 1560 1874; x_wconf 89' lang='lat' dir='ltr'><strong>ad</strong></span> <span class='ocrx_word' id='word_1_186' title='bbox 1589 1827 1786 1873; x_wconf 86' lang='lat' dir='ltr'><strong>meam</strong></span> <span class='ocrx_word' id='word_1_187' title='bbox 1819 1810 2094 1887; x_wconf 77' lang='lat' dir='ltr'><strong>gratiam.</strong></span> <span class='ocrx_word' id='word_1_188' title='bbox 2131 1807 2235 1874; x_wconf 84' lang='lat'><strong>50.</strong></span> 
     </span>
     <span class='ocr_line' id='line_1_21' title="bbox 168 1893 2238 1970; baseline 0 -15"><span class='ocrx_word' id='word_1_189' title='bbox 168 1893 474 1969; x_wconf 78' lang='lat' dir='ltr'><strong>Quaestor</strong></span> <span class='ocrx_word' id='word_1_190' title='bbox 510 1908 583 1958; x_wconf 76' lang='lat' dir='ltr'><strong>es</strong></span> <span class='ocrx_word' id='word_1_191' title='bbox 621 1898 851 1959; x_wconf 72' lang='lat' dir='ltr'><strong>factus·</strong></span> <span class='ocrx_word' id='word_1_192' title='bbox 896 1897 1120 1959; x_wconf 84' lang='lat' dir='ltr'><strong>deinde</strong></span> <span class='ocrx_word' id='word_1_193' title='bbox 1163 1895 1451 1958; x_wconf 76' lang='lat' dir='ltr'><strong>continuo</strong></span> <span class='ocrx_word' id='word_1_194' title='bbox 1495 1895 1630 1956; x_wconf 81' lang='lat' dir='ltr'><strong>sine</strong></span> <span class='ocrx_word' id='word_1_195' title='bbox 1659 1905 1909 1957; x_wconf 77' lang='lat' dir='ltr'><strong>senatus</strong></span> <span class='ocrx_word' id='word_1_196' title='bbox 1939 1895 2238 1970; x_wconf 84' lang='lat' dir='ltr'><strong>consulto,</strong></span> 
     </span>
     <span class='ocr_line' id='line_1_22' title="bbox 168 1977 2310 2055; baseline -0 -16"><span class='ocrx_word' id='word_1_197' title='bbox 168 1979 307 2039; x_wconf 78' lang='lat' dir='ltr'><strong>sine</strong></span> <span class='ocrx_word' id='word_1_198' title='bbox 333 1986 520 2051; x_wconf 81' lang='lat' dir='ltr'><strong>sorte,</strong></span> <span class='ocrx_word' id='word_1_199' title='bbox 550 1977 685 2041; x_wconf 78' lang='lat' dir='ltr'><strong>sine</strong></span> <span class='ocrx_word' id='word_1_200' title='bbox 707 1981 845 2055; x_wconf 76' lang='lat' dir='ltr'><strong>lege</strong></span> <span class='ocrx_word' id='word_1_201' title='bbox 873 1981 956 2040; x_wconf 80' lang='lat' dir='ltr'><strong>ad</strong></span> <span class='ocrx_word' id='word_1_202' title='bbox 984 1982 1309 2041; x_wconf 78' lang='lat' dir='ltr'><strong>Caesarem</strong></span> <span class='ocrx_word' id='word_1_203' title='bbox 1337 1977 1679 2040; x_wconf 74' lang='lat' dir='ltr'><strong>cucurristi.</strong></span> <span class='ocrx_word' id='word_1_204' title='bbox 1764 1978 1834 2039; x_wconf 88' lang='lat' dir='ltr'><strong>ld</strong></span> <span class='ocrx_word' id='word_1_205' title='bbox 1862 1977 2024 2039; x_wconf 85' lang='lat' dir='ltr'><strong>enim</strong></span> <span class='ocrx_word' id='word_1_206' title='bbox 2049 1993 2238 2039; x_wconf 89' lang='lat' dir='ltr'><strong>unum</strong></span> <span class='ocrx_word' id='word_1_207' title='bbox 2293 2012 2310 2023; x_wconf 71' lang='lat'><strong>,</strong></span> 
     </span>
     <span class='ocr_line' id='line_1_23' title="bbox 164 2059 2236 2138; baseline -0 -15"><span class='ocrx_word' id='word_1_208' title='bbox 164 2061 231 2123; x_wconf 78' lang='lat' dir='ltr'><strong>in</strong></span> <span class='ocrx_word' id='word_1_209' title='bbox 258 2062 437 2123; x_wconf 65' lang='lat' dir='ltr'><strong>wrris</strong></span> <span class='ocrx_word' id='word_1_210' title='bbox 462 2061 788 2137; x_wconf 74' lang='lat' dir='ltr'><strong>egestatis,</strong></span> <span class='ocrx_word' id='word_1_211' title='bbox 822 2062 985 2123; x_wconf 78' lang='lat' dir='ltr'><strong>aeris</strong></span> <span class='ocrx_word' id='word_1_212' title='bbox 1014 2062 1224 2135; x_wconf 84' lang='lat' dir='ltr'><strong>alieni,</strong></span> <span class='ocrx_word' id='word_1_213' title='bbox 1255 2062 1562 2137; x_wconf 76' lang='lat' dir='ltr'><strong>nequitiae</strong></span> <span class='ocrx_word' id='word_1_214' title='bbox 1589 2059 1846 2138; x_wconf 89' lang='lat' dir='ltr'><strong>perditis</strong></span> <span class='ocrx_word' id='word_1_215' title='bbox 1871 2060 2033 2122; x_wconf 85' lang='lat' dir='ltr'><strong>vitae</strong></span> <span class='ocrx_word' id='word_1_216' title='bbox 2056 2060 2236 2122; x_wconf 83' lang='lat' dir='ltr'><strong>ratio·</strong></span> 
     </span>
     <span class='ocr_line' id='line_1_24' title="bbox 166 2142 2237 2225; baseline -0.001 -20"><span class='ocrx_word' id='word_1_217' title='bbox 166 2143 355 2205; x_wconf 79' lang='lat' dir='ltr'><strong>nibus</strong></span> <span class='ocrx_word' id='word_1_218' title='bbox 398 2143 743 2220; x_wconf 76' lang='lat' dir='ltr'><strong>perfugium</strong></span> <span class='ocrx_word' id='word_1_219' title='bbox 788 2156 936 2207; x_wconf 73' lang='lat' dir='ltr'><strong>esse</strong></span> <span class='ocrx_word' id='word_1_220' title='bbox 976 2144 1268 2206; x_wconf 81' lang='lat' dir='ltr'><strong>ducebas.</strong></span> <span class='ocrx_word' id='word_1_221' title='bbox 1353 2146 1438 2206; x_wconf 85' lang='lat' dir='ltr'><strong>lbi</strong></span> <span class='ocrx_word' id='word_1_222' title='bbox 1469 2152 1528 2205; x_wconf 84' lang='lat' dir='ltr'><strong>tc</strong></span> <span class='ocrx_word' id='word_1_223' title='bbox 1557 2160 1745 2220; x_wconf 86' lang='lat' dir='ltr'><strong>quum</strong></span> <span class='ocrx_word' id='word_1_224' title='bbox 1773 2153 1836 2205; x_wconf 87' lang='lat' dir='ltr'><strong>et</strong></span> <span class='ocrx_word' id='word_1_225' title='bbox 1868 2142 2029 2204; x_wconf 81' lang='lat' dir='ltr'><strong>iliius</strong></span> <span class='ocrx_word' id='word_1_226' title='bbox 2057 2142 2237 2225; x_wconf 82' lang='lat' dir='ltr'><strong>largi-</strong></span> 
     </span>
     <span class='ocr_line' id='line_1_25' title="bbox 168 2224 2238 2305; baseline -0.001 -18"><span class='ocrx_word' id='word_1_227' title='bbox 168 2226 436 2288; x_wconf 79' lang='lat' dir='ltr'><strong>tionibus</strong></span> <span class='ocrx_word' id='word_1_228' title='bbox 462 2234 523 2289; x_wconf 82' lang='lat' dir='ltr'><strong>et</strong></span> <span class='ocrx_word' id='word_1_229' title='bbox 540 2227 659 2290; x_wconf 76' lang='lat' dir='ltr'><strong>tuis</strong></span> <span class='ocrx_word' id='word_1_230' title='bbox 683 2226 915 2303; x_wconf 75' lang='lat' dir='ltr'><strong>rapinis</strong></span> <span class='ocrx_word' id='word_1_231' title='bbox 934 2228 1342 2305; x_wconf 61' lang='lat' dir='ltr'><strong>explevisses,</strong></span> <span class='ocrx_word' id='word_1_232' title='bbox 1369 2226 1423 2288; x_wconf 82' lang='lat' dir='ltr'><strong>si</strong></span> <span class='ocrx_word' id='word_1_233' title='bbox 1439 2229 1558 2288; x_wconf 82' lang='lat' dir='ltr'><strong>hoc</strong></span> <span class='ocrx_word' id='word_1_234' title='bbox 1583 2235 1679 2288; x_wconf 88' lang='lat' dir='ltr'><strong>est</strong></span> <span class='ocrx_word' id='word_1_235' title='bbox 1700 2228 1952 2303; x_wconf 81' lang='lat' dir='ltr'><strong>explere</strong></span> <span class='ocrx_word' id='word_1_236' title='bbox 1982 2224 2238 2286; x_wconf 70' lang='lat' dir='ltr'><strong>haur-ire</strong></span> 
     </span>
     <span class='ocr_line' id='line_1_26' title="bbox 170 2304 2236 2387; baseline -0 -18"><span class='ocrx_word' id='word_1_237' title='bbox 170 2310 337 2383; x_wconf 83' lang='lat' dir='ltr'><strong>quod</strong></span> <span class='ocrx_word' id='word_1_238' title='bbox 362 2309 561 2372; x_wconf 64' lang='lat' dir='ltr'><strong>statim</strong></span> <span class='ocrx_word' id='word_1_239' title='bbox 578 2304 885 2384; x_wconf 69' lang='lat' dir='ltr'><strong>effundes,</strong></span> <span class='ocrx_word' id='word_1_240' title='bbox 916 2312 1221 2373; x_wconf 81' lang='lat' dir='ltr'><strong>advolasti</strong></span> <span class='ocrx_word' id='word_1_241' title='bbox 1249 2327 1440 2387; x_wconf 74' lang='lat' dir='ltr'><strong>egens</strong></span> <span class='ocrx_word' id='word_1_242' title='bbox 1470 2312 1551 2371; x_wconf 79' lang='lat' dir='ltr'><strong>ad</strong></span> <span class='ocrx_word' id='word_1_243' title='bbox 1579 2309 1960 2385; x_wconf 81' lang='lat' dir='ltr'><strong>tribunatum,</strong></span> <span class='ocrx_word' id='word_1_244' title='bbox 1987 2308 2139 2371; x_wconf 85' lang='lat' dir='ltr'><strong>utin</strong></span> <span class='ocrx_word' id='word_1_245' title='bbox 2161 2320 2236 2369; x_wconf 87' lang='lat' dir='ltr'><strong>eo</strong></span> 
     </span>
     <span class='ocr_line' id='line_1_27' title="bbox 172 2393 1642 2472; baseline 0.001 -21"><span class='ocrx_word' id='word_1_246' title='bbox 172 2393 546 2468; x_wconf 69' lang='lat' dir='ltr'><strong>magistratu,</strong></span> <span class='ocrx_word' id='word_1_247' title='bbox 582 2394 637 2455; x_wconf 81' lang='lat' dir='ltr'><strong>si</strong></span> <span class='ocrx_word' id='word_1_248' title='bbox 667 2409 913 2472; x_wconf 78' lang='lat' dir='ltr'><strong>posses,</strong></span> <span class='ocrx_word' id='word_1_249' title='bbox 942 2394 1058 2455; x_wconf 84' lang='lat' dir='ltr'><strong>viri</strong></span> <span class='ocrx_word' id='word_1_250' title='bbox 1086 2394 1175 2455; x_wconf 89' lang='lat' dir='ltr'><strong>tui</strong></span> <span class='ocrx_word' id='word_1_251' title='bbox 1202 2394 1417 2456; x_wconf 81' lang='lat' dir='ltr'><strong>similis</strong></span> <span class='ocrx_word' id='word_1_252' title='bbox 1443 2406 1642 2456; x_wconf 73' lang='lat' dir='ltr'><strong>esses.</strong></span> 
     </span>
    </p>

    <p class='ocr_par' dir='ltr' id='par_1_3' title="bbox 172 2474 2240 3465">
     <span class='ocr_line' id='line_1_28' title="bbox 294 2474 2237 2555; baseline -0.002 -18"><span class='ocrx_word' id='word_1_253' title='bbox 294 2474 450 2537; x_wconf 83' lang='lat' dir='ltr'><strong>XXI.</strong></span> <span class='ocrx_word' id='word_1_254' title='bbox 483 2477 763 2553; x_wconf 78' lang='lat' dir='ltr'><strong>Accipite</strong></span> <span class='ocrx_word' id='word_1_255' title='bbox 785 2493 979 2551; x_wconf 88' lang='lat' dir='ltr'><strong>nunc,</strong></span> <span class='ocrx_word' id='word_1_256' title='bbox 1010 2491 1277 2554; x_wconf 80' lang='lat' dir='ltr'><strong>quaeso,</strong></span> <span class='ocrx_word' id='word_1_257' title='bbox 1311 2490 1434 2539; x_wconf 86' lang='lat' dir='ltr'><strong>non</strong></span> <span class='ocrx_word' id='word_1_258' title='bbox 1459 2492 1564 2552; x_wconf 90' lang='lat' dir='ltr'><strong>ea,</strong></span> <span class='ocrx_word' id='word_1_259' title='bbox 1604 2494 1762 2554; x_wconf 84' lang='lat' dir='ltr'><strong>quac</strong></span> <span class='ocrx_word' id='word_1_260' title='bbox 1789 2480 1928 2555; x_wconf 81' lang='lat' dir='ltr'><strong>ipse</strong></span> <span class='ocrx_word' id='word_1_261' title='bbox 1955 2475 2016 2537; x_wconf 79' lang='lat' dir='ltr'><strong>in</strong></span> <span class='ocrx_word' id='word_1_262' title='bbox 2047 2490 2119 2539; x_wconf 81' lang='lat' dir='ltr'><strong>ee</strong></span> <span class='ocrx_word' id='word_1_263' title='bbox 2147 2481 2237 2535; x_wconf 86' lang='lat' dir='ltr'><strong>at-</strong></span> 
     </span>
     <span class='ocr_line' id='line_1_29' title="bbox 172 2556 2238 2639; baseline -0.002 -18"><span class='ocrx_word' id='word_1_264' title='bbox 172 2574 296 2635; x_wconf 82' lang='lat' dir='ltr'><strong>qua</strong></span> <span class='ocrx_word' id='word_1_265' title='bbox 336 2558 401 2620; x_wconf 89' lang='lat' dir='ltr'><strong>in</strong></span> <span class='ocrx_word' id='word_1_266' title='bbox 441 2559 851 2622; x_wconf 85' lang='lat' dir='ltr'><strong>domesticum</strong></span> <span class='ocrx_word' id='word_1_267' title='bbox 885 2562 1165 2624; x_wconf 84' lang='lat' dir='ltr'><strong>dedecus</strong></span> <span class='ocrx_word' id='word_1_268' title='bbox 1205 2563 1446 2637; x_wconf 85' lang='lat' dir='ltr'><strong>impure</strong></span> <span class='ocrx_word' id='word_1_269' title='bbox 1477 2572 1540 2625; x_wconf 83' lang='lat' dir='ltr'><strong>et</strong></span> <span class='ocrx_word' id='word_1_270' title='bbox 1571 2564 2078 2639; x_wconf 77' lang='lat' dir='ltr'><strong>intemperanter,</strong></span> <span class='ocrx_word' id='word_1_271' title='bbox 2124 2556 2238 2617; x_wconf 86' lang='lat' dir='ltr'><strong>sed</strong></span> 
     </span>
     <span class='ocr_line' id='line_1_30' title="bbox 174 2641 2236 2719; baseline -0.001 -17"><span class='ocrx_word' id='word_1_272' title='bbox 174 2656 333 2716; x_wconf 86' lang='lat' dir='ltr'><strong>quae</strong></span> <span class='ocrx_word' id='word_1_273' title='bbox 372 2641 436 2701; x_wconf 84' lang='lat' dir='ltr'><strong>in</strong></span> <span class='ocrx_word' id='word_1_274' title='bbox 478 2658 597 2704; x_wconf 90' lang='lat' dir='ltr'><strong>nos</strong></span> <span class='ocrx_word' id='word_1_275' title='bbox 638 2642 1039 2719; x_wconf 75' lang='lat' dir='ltr'><strong>fortunasque</strong></span> <span class='ocrx_word' id='word_1_276' title='bbox 1071 2650 1345 2715; x_wconf 85' lang='lat' dir='ltr'><strong>nostras,</strong></span> <span class='ocrx_word' id='word_1_277' title='bbox 1391 2642 1454 2704; x_wconf 90' lang='lat' dir='ltr'><strong>id</strong></span> <span class='ocrx_word' id='word_1_278' title='bbox 1491 2651 1587 2704; x_wconf 86' lang='lat' dir='ltr'><strong>est</strong></span> <span class='ocrx_word' id='word_1_279' title='bbox 1613 2644 1674 2702; x_wconf 88' lang='lat' dir='ltr'><strong>in</strong></span> <span class='ocrx_word' id='word_1_280' title='bbox 1715 2642 2067 2705; x_wconf 83' lang='lat' dir='ltr'><strong>universam</strong></span> <span class='ocrx_word' id='word_1_281' title='bbox 2107 2654 2236 2699; x_wconf 88' lang='lat' dir='ltr'><strong>rem</strong></span> 
     </span>
     <span class='ocr_line' id='line_1_31' title="bbox 176 2721 2240 2802; baseline -0.003 -17"><span class='ocrx_word' id='word_1_282' title='bbox 176 2721 507 2799; x_wconf 79' lang='lat' dir='ltr'><strong>publicem,</strong></span> <span class='ocrx_word' id='word_1_283' title='bbox 554 2724 739 2802; x_wconf 81' lang='lat' dir='ltr'><strong>impie</strong></span> <span class='ocrx_word' id='word_1_284' title='bbox 768 2738 853 2788; x_wconf 81' lang='lat' dir='ltr'><strong>ae</strong></span> <span class='ocrx_word' id='word_1_285' title='bbox 887 2724 1119 2787; x_wconf 69' lang='lat' dir='ltr'><strong>nefarie</strong></span> <span class='ocrx_word' id='word_1_286' title='bbox 1161 2726 1391 2788; x_wconf 82' lang='lat' dir='ltr'><strong>fecerit.</strong></span> <span class='ocrx_word' id='word_1_287' title='bbox 1476 2725 1572 2785; x_wconf 85' lang='lat' dir='ltr'><strong>Ab</strong></span> <span class='ocrx_word' id='word_1_288' title='bbox 1610 2724 1792 2785; x_wconf 84' lang='lat' dir='ltr'><strong>huius</strong></span> <span class='ocrx_word' id='word_1_289' title='bbox 1814 2723 1973 2784; x_wconf 87' lang='lat' dir='ltr'><strong>enim</strong></span> <span class='ocrx_word' id='word_1_290' title='bbox 2003 2722 2240 2783; x_wconf 84' lang='lat' dir='ltr'><strong>seelera</strong></span> 
     </span>
     <span class='ocr_line' id='line_1_32' title="bbox 174 2803 2236 2883; baseline -0.001 -16"><span class='ocrx_word' id='word_1_291' title='bbox 174 2804 437 2867; x_wconf 85' lang='lat' dir='ltr'><strong>omnium</strong></span> <span class='ocrx_word' id='word_1_292' title='bbox 478 2808 775 2868; x_wconf 85' lang='lat' dir='ltr'><strong>malorum</strong></span> <span class='ocrx_word' id='word_1_293' title='bbox 826 2808 1186 2883; x_wconf 86' lang='lat' dir='ltr'><strong>principium</strong></span> <span class='ocrx_word' id='word_1_294' title='bbox 1237 2816 1442 2870; x_wconf 86' lang='lat' dir='ltr'><strong>natum</strong></span> <span class='ocrx_word' id='word_1_295' title='bbox 1485 2806 1822 2883; x_wconf 87' lang='lat' dir='ltr'><strong>reperietis.</strong></span> <span class='ocrx_word' id='word_1_296' title='bbox 1919 2803 2021 2869; x_wconf 83' lang='lat'><strong>51.</strong></span> <span class='ocrx_word' id='word_1_297' title='bbox 2065 2805 2236 2878; x_wconf 81' lang='lat' dir='ltr'><strong>Nam,</strong></span> 
     </span>
     <span class='ocr_line' id='line_1_33' title="bbox 174 2885 2236 2965; baseline -0.001 -16"><span class='ocrx_word' id='word_1_298' title='bbox 174 2905 361 2965; x_wconf 85' lang='lat' dir='ltr'><strong>quum</strong></span> <span class='ocrx_word' id='word_1_299' title='bbox 402 2888 470 2949; x_wconf 87' lang='lat'><strong>1..</strong></span> <span class='ocrx_word' id='word_1_300' title='bbox 499 2889 755 2951; x_wconf 88' lang='lat' dir='ltr'><strong>Lentulo</strong></span> <span class='ocrx_word' id='word_1_301' title='bbox 784 2889 846 2950; x_wconf 85' lang='lat' dir='ltr'><strong>C.</strong></span> <span class='ocrx_word' id='word_1_302' title='bbox 871 2888 1158 2951; x_wconf 74' lang='lat' dir='ltr'><strong>Marcello</strong></span> <span class='ocrx_word' id='word_1_303' title='bbox 1206 2890 1562 2952; x_wconf 87' lang='lat' dir='ltr'><strong>consulibus</strong></span> <span class='ocrx_word' id='word_1_304' title='bbox 1605 2887 1901 2951; x_wconf 78' lang='lat' dir='ltr'><strong>Kalendis</strong></span> <span class='ocrx_word' id='word_1_305' title='bbox 1939 2885 2236 2950; x_wconf 82' lang='lat' dir='ltr'><strong>Ianuariis</strong></span> 
     </span>
     <span class='ocr_line' id='line_1_34' title="bbox 178 2968 2234 3049; baseline -0.001 -16"><span class='ocrx_word' id='word_1_306' title='bbox 178 2972 471 3033; x_wconf 87' lang='lat' dir='ltr'><strong>labentem</strong></span> <span class='ocrx_word' id='word_1_307' title='bbox 500 2978 562 3033; x_wconf 92' lang='lat' dir='ltr'><strong>et</strong></span> <span class='ocrx_word' id='word_1_308' title='bbox 582 2986 778 3047; x_wconf 86' lang='lat' dir='ltr'><strong>prope</strong></span> <span class='ocrx_word' id='word_1_309' title='bbox 802 2973 1121 3034; x_wconf 86' lang='lat' dir='ltr'><strong>cadentem</strong></span> <span class='ocrx_word' id='word_1_310' title='bbox 1144 2989 1277 3035; x_wconf 88' lang='lat' dir='ltr'><strong>rem</strong></span> <span class='ocrx_word' id='word_1_311' title='bbox 1306 2975 1610 3049; x_wconf 82' lang='lat' dir='ltr'><strong>publicam</strong></span> <span class='ocrx_word' id='word_1_312' title='bbox 1651 2973 1886 3048; x_wconf 39' lang='lat' dir='ltr'><strong>fulcire,</strong></span> <span class='ocrx_word' id='word_1_313' title='bbox 1908 2968 2234 3049; x_wconf 80' lang='lat' dir='ltr'><strong>cuperetis,</strong></span> 
     </span>
     <span class='ocr_line' id='line_1_35' title="bbox 176 3053 2234 3132; baseline -0 -17"><span class='ocrx_word' id='word_1_314' title='bbox 176 3054 417 3131; x_wconf 82' lang='lat' dir='ltr'><strong>ipsique</strong></span> <span class='ocrx_word' id='word_1_315' title='bbox 448 3054 514 3117; x_wconf 84' lang='lat' dir='ltr'><strong>C.</strong></span> <span class='ocrx_word' id='word_1_316' title='bbox 548 3053 827 3128; x_wconf 84' lang='lat' dir='ltr'><strong>Caesari,</strong></span> <span class='ocrx_word' id='word_1_317' title='bbox 872 3054 928 3117; x_wconf 72' lang='lat' dir='ltr'><strong>si</strong></span> <span class='ocrx_word' id='word_1_318' title='bbox 955 3072 1106 3117; x_wconf 84' lang='lat' dir='ltr'><strong>sana</strong></span> <span class='ocrx_word' id='word_1_319' title='bbox 1133 3066 1335 3119; x_wconf 88' lang='lat' dir='ltr'><strong>mente</strong></span> <span class='ocrx_word' id='word_1_320' title='bbox 1366 3066 1564 3132; x_wconf 87' lang='lat' dir='ltr'><strong>esset,</strong></span> <span class='ocrx_word' id='word_1_321' title='bbox 1609 3058 1933 3118; x_wconf 88' lang='lat' dir='ltr'><strong>consulere</strong></span> <span class='ocrx_word' id='word_1_322' title='bbox 1981 3053 2234 3127; x_wconf 83' lang='lat' dir='ltr'><strong>velletis,</strong></span> 
     </span>
     <span class='ocr_line' id='line_1_36' title="bbox 178 3134 2233 3216; baseline -0.001 -17"><span class='ocrx_word' id='word_1_323' title='bbox 178 3146 297 3199; x_wconf 87' lang='lat' dir='ltr'><strong>tum</strong></span> <span class='ocrx_word' id='word_1_324' title='bbox 341 3138 459 3201; x_wconf 87' lang='lat' dir='ltr'><strong>iste</strong></span> <span class='ocrx_word' id='word_1_325' title='bbox 498 3137 809 3200; x_wconf 81' lang='lat' dir='ltr'><strong>venditum</strong></span> <span class='ocrx_word' id='word_1_326' title='bbox 853 3146 1039 3216; x_wconf 82' lang='lat' dir='ltr'><strong>utque</strong></span> <span class='ocrx_word' id='word_1_327' title='bbox 1070 3141 1514 3215; x_wconf 85' lang='lat' dir='ltr'><strong>emancipatum</strong></span> <span class='ocrx_word' id='word_1_328' title='bbox 1555 3141 1921 3201; x_wconf 83' lang='lat' dir='ltr'><strong>tribunatum</strong></span> <span class='ocrx_word' id='word_1_329' title='bbox 1961 3134 2233 3200; x_wconf 79' lang='lat' dir='ltr'><strong>consitiis</strong></span> 
     </span>
     <span class='ocr_line' id='line_1_37' title="bbox 176 3215 2234 3298; baseline -0 -18"><span class='ocrx_word' id='word_1_330' title='bbox 176 3218 391 3283; x_wconf 85' lang='lat' dir='ltr'><strong>vestris</strong></span> <span class='ocrx_word' id='word_1_331' title='bbox 406 3220 1112 3298; x_wconf 85' lang='lat' dir='ltr'><strong>opposuitcervicesque</strong></span> <span class='ocrx_word' id='word_1_332' title='bbox 1137 3239 1287 3285; x_wconf 81' lang='lat' dir='ltr'><strong>suas</strong></span> <span class='ocrx_word' id='word_1_333' title='bbox 1307 3223 1366 3284; x_wconf 89' lang='lat' dir='ltr'><strong>ei</strong></span> <span class='ocrx_word' id='word_1_334' title='bbox 1391 3224 1648 3285; x_wconf 82' lang='lat' dir='ltr'><strong>subiecit</strong></span> <span class='ocrx_word' id='word_1_335' title='bbox 1675 3222 1898 3296; x_wconf 84' lang='lat' dir='ltr'><strong>securi,</strong></span> <span class='ocrx_word' id='word_1_336' title='bbox 1922 3237 2044 3295; x_wconf 88' lang='lat' dir='ltr'><strong>qua</strong></span> <span class='ocrx_word' id='word_1_337' title='bbox 2065 3215 2234 3279; x_wconf 82' lang='lat' dir='ltr'><strong>multi</strong></span> 
     </span>
     <span class='ocr_line' id='line_1_38' title="bbox 174 3301 2230 3381; baseline -0.001 -18"><span class='ocrx_word' id='word_1_338' title='bbox 174 3301 505 3366; x_wconf 83' lang='lat' dir='ltr'><strong>minoribus</strong></span> <span class='ocrx_word' id='word_1_339' title='bbox 544 3302 603 3367; x_wconf 89' lang='lat' dir='ltr'><strong>in</strong></span> <span class='ocrx_word' id='word_1_340' title='bbox 636 3305 907 3381; x_wconf 83' lang='lat' dir='ltr'><strong>pcccatis</strong></span> <span class='ocrx_word' id='word_1_341' title='bbox 954 3304 1326 3368; x_wconf 86' lang='lat' dir='ltr'><strong>oeciderunt.</strong></span> <span class='ocrx_word' id='word_1_342' title='bbox 1411 3308 1477 3366; x_wconf 89' lang='lat' dir='ltr'><strong>In</strong></span> <span class='ocrx_word' id='word_1_343' title='bbox 1513 3316 1590 3379; x_wconf 89' lang='lat' dir='ltr'><strong>te,</strong></span> <span class='ocrx_word' id='word_1_344' title='bbox 1617 3306 1698 3366; x_wconf 90' lang='lat' dir='ltr'><strong>M.</strong></span> <span class='ocrx_word' id='word_1_345' title='bbox 1727 3306 1988 3377; x_wconf 81' lang='lat' dir='ltr'><strong>Antoni,</strong></span> <span class='ocrx_word' id='word_1_346' title='bbox 2033 3302 2097 3363; x_wconf 91' lang='lat' dir='ltr'><strong>id</strong></span> <span class='ocrx_word' id='word_1_347' title='bbox 2125 3301 2230 3361; x_wconf 87' lang='lat' dir='ltr'><strong>dc·</strong></span> 
     </span>
     <span class='ocr_line' id='line_1_39' title="bbox 176 3384 2231 3465; baseline -0.001 -18"><span class='ocrx_word' id='word_1_348' title='bbox 176 3384 361 3448; x_wconf 78' lang='lat' dir='ltr'><strong>crevit</strong></span> <span class='ocrx_word' id='word_1_349' title='bbox 403 3393 653 3451; x_wconf 81' lang='lat' dir='ltr'><strong>senatus</strong></span> <span class='ocrx_word' id='word_1_350' title='bbox 696 3397 757 3451; x_wconf 92' lang='lat' dir='ltr'><strong>et</strong></span> <span class='ocrx_word' id='word_1_351' title='bbox 786 3388 1033 3465; x_wconf 86' lang='lat' dir='ltr'><strong>quidem</strong></span> <span class='ocrx_word' id='word_1_352' title='bbox 1070 3388 1424 3464; x_wconf 86' lang='lat' dir='ltr'><strong>incolumis,</strong></span> <span class='ocrx_word' id='word_1_353' title='bbox 1467 3390 1739 3451; x_wconf 87' lang='lat' dir='ltr'><strong>nondum</strong></span> <span class='ocrx_word' id='word_1_354' title='bbox 1777 3395 1867 3450; x_wconf 89' lang='lat' dir='ltr'><strong>tot</strong></span> <span class='ocrx_word' id='word_1_355' title='bbox 1904 3384 2231 3450; x_wconf 71' lang='lat' dir='ltr'><strong>luminibu-</strong></span> 
     </span>
    </p>
   </div>
  </div>
 </body>
</html>
