2459 3817
783 181 1202 284 'CAP.9-—-11.
1246 189 1298 250 s.
1327 191 1589 248 25—31.
2102 189 2225 257 193

158 327 568 403 concertavit,
595 329 772 405 plura
797 331 959 391 bella
988 331 1181 406 gessit
1213 349 1395 408 quam
1462 337 1649 396 ceteri
1674 338 1983 413 legerunt,
2014 344 2223 416 plures

161 410 512 490 provincias
557 410 824 473 confecit
866 429 1047 487 quam
1090 413 1194 474 alii
1238 417 1748 492 concupiverunt,
1801 420 1977 482 cuius
2014 425 2225 486 adole·

162 495 396 558 scentia
425 495 506 555 ad
535 493 850 555 seientiam
877 495 968 556 rei
996 495 1269 558 militaris
1300 515 1423 559 non
1454 499 1671 562 alienis
1702 503 2081 580 praeceptis,
2108 509 2223 569 sed

161 579 291 639 suis
321 577 622 653 imperiis,
649 593 775 638 non
805 577 1251 641 offensionibus
1280 581 1452 655 belli,
1482 584 1597 644 sed
1624 581 1927 661 victoriis,
1956 603 2080 648 non
2117 589 2223 654 sti-

159 661 423 738 pendiiS‚
455 661 568 722 sed
589 659 910 737 triumphis
931 669 1029 723 est
1051 662 1305 724 erudita.
1368 664 1544 739 Quod
1571 665 1839 744 denique
1858 684 2053 744 genus
2076 687 2221 734 esse

159 743 304 806 belli
331 751 552 819 potest,
585 742 647 802 in
681 761 804 823 quo
825 743 992 806 illum
1015 761 1138 807 non
1159 739 1502 809 exercuerit
1523 749 1767 812 fortuna
1784 750 1875 812 rei
1898 753 2222 828 publicae?

161 827 374 898 Civile,
419 825 802 900 Africanum,
842 830 1333 904 Transalpinam,
1373 829 1785 906 Hispaniense
1854 834 2105 898 mixtum
2140 855 2218 898 ex

157 911 399 974 civibus
427 919 618 986 atque
646 927 727 970 ex
740 913 1232 980 bellicosissimis
1263 915 1648 988 nationibus,
1697 915 1955 988 servile,
2001 923 2218 981 navale

159 993 382 1051 bellum
397 1035 414 1064 ,
442 991 614 1050 varia
642 998 703 1051 et
731 989 976 1050 diversa
1003 1005 1228 1064 genera
1258 997 1320 1051 et
1346 990 1643 1052 benorum
1671 997 1734 1051 et
1766 989 2033 1052 hostium
2046 1038 2063 1068 ,
2091 1009 2217 1054 non

160 1076 360 1135 solum
388 1080 564 1150 gesta
585 1074 664 1134 ab
685 1073 804 1133 hoc
823 1088 969 1147 uno,
999 1072 1114 1133 sed
1135 1071 1317 1134 etiam
1347 1074 1644 1145 confecta,
1674 1073 1901 1134 nullam
1921 1090 2049 1136 rem
2074 1089 2215 1136 esse

157 1158 472 1218 declarant
499 1155 562 1216 in
590 1173 712 1218 usu
744 1155 1010 1232 positam
1037 1153 1307 1230 militari,
1351 1172 1513 1232 quae
1546 1154 1728 1218 huius
1757 1156 1869 1218 viri
1900 1156 2209 1220 scientiam

159 1240 375 1314 fugere
407 1238 620 1314 possit.

328 1321 429 1381 XI.
461 1321 562 1383 29.
599 1324 725 1382 Iam
753 1337 903 1382 vero
930 1319 1137 1382 virtuti
1167 1323 1271 1382 Cn.
1294 1321 1568 1399 Pompeii
1604 1341 1763 1400 quae
1789 1331 1995 1400 potest
2024 1324 2213 1389 oratio

155 1420 274 1480 par
311 1403 610 1465 inveniri?
663 1405 820 1478 Quid
865 1411 962 1466 est
994 1404 1162 1480 quod
1194 1403 1519 1481 quisquam
1552 1415 1659 1468 aut
1698 1406 1801 1468 illo
1832 1407 2081 1483 dignum
2113 1416 2217 1470 aut

153 1487 336 1548 vobis
367 1503 594 1549 novum
627 1494 732 1548 aut
761 1485 1044 1562 cuiquam
1073 1487 1407 1550 inauditum
1434 1489 1638 1564 possit
1665 1490 1949 1551 adferre?
2000 1492 2215 1568 Neque

157 1570 317 1631 enim
347 1569 490 1631 illae
519 1578 660 1632 sunt
691 1571 862 1630 solae
893 1570 1148 1632 virtutes
1177 1570 1629 1647 imperatoriae,
1674 1591 1834 1648 quae
1866 1574 2051 1648 vulgo
2086 1576 2214 1635 exi·

157 1654 506 1728 stimantur,
533 1653 708 1714 labor
734 1651 798 1712 in
823 1651 1107 1728 negotiis,
1157 1654 1446 1716 fortitudo
1476 1653 1537 1714 in
1566 1655 1887 1730 periculis,
1920 1654 2213 1717 industria

155 1737 216 1796 in
246 1738 507 1812 agendo,
540 1733 820 1797 celeritas
835 1733 904 1796 in
925 1735 1329 1810 conficiendo,
1360 1736 1681 1798 consilium
1710 1737 1773 1797 in
1798 1739 2213 1812 providendm

157 1837 317 1895 quae
343 1826 510 1880 tanta
545 1817 774 1880 suntin
802 1819 920 1880 hoc
949 1835 1104 1892 uno,
1149 1827 1379 1893 quanta
1422 1819 1483 1880 in
1514 1818 1795 1880 omnibus
1822 1819 2075 1895 reliquis
2105 1823 2213 1880 im-

155 1903 572 1978 peratoribus,
621 1919 780 1978 quos
809 1910 914 1970 aut
945 1901 1210 1962 vidimus
1240 1911 1345 1963 aut
1372 1901 1747 1975 audivimus,
1792 1919 1915 1963 non
1951 1904 2213 1973 fuerunt.

151 1985 255 2047 30.
299 1984 500 2047 Testis
544 1994 640 2048 est
688 1983 887 2056 Italia,
939 2001 1122 2060 quam
1161 1983 1263 2045 ille
1302 1985 1443 2062 ipse
1480 1984 1679 2047 victor
1712 1985 1779 2044 L.
1823 1985 1991 2047 Sulla
2031 1985 2213 2048 huius

153 2069 378 2132 virtute
407 2078 470 2132 et
497 2068 774 2130 subsidio
799 2069 1125 2130 confessus
1147 2076 1245 2130 est
1262 2067 1608 2130 liberatam:
1665 2068 1845 2130 testis
1870 2078 1965 2132 est
1987 2069 2211 2144 Sicilia,

155 2168 340 2229 quam
369 2152 572 2214 multis
599 2152 872 2228 undique
887 2151 1146 2213 cinctam
1176 2151 1469 2228 perieulis
1496 2169 1619 2214 non
1649 2160 1882 2214 terrore
1907 2152 2066 2226 belli,
2100 2155 2213 2214 sed

152 2233 398 2298 consilii
427 2236 733 2297 eeleritate
767 2234 1124 2310 explicavitz
1187 2235 1369 2296 testis
1398 2244 1493 2297 est
1518 2235 1757 2308 Africa,
1789 2252 1948 2311 quae
1976 2236 2211 2310 magnis

151 2335 464 2395 oppressa
501 2319 766 2380 hos-tium
815 2319 1012 2394 copiis
1061 2335 1275 2380 eorum
1325 2318 1599 2395 ipsorum
1652 2318 1951 2394 sanguine
1992 2319 2213 2379 redun-

153 2402 353 2463 davit:
416 2400 596 2464 testis
623 2410 721 2463 est
749 2401 970 2475 Gallia,
1012 2419 1126 2477 per
1161 2419 1341 2477 quam
1372 2401 1715 2478 legionibus
1750 2400 1977 2463 nostris
2004 2400 2119 2462 iter
2148 2399 2210 2461 in

148 2483 512 2559 Hispaniam
542 2485 848 2546 Gallorum
879 2483 1279 2546 internicione
1311 2487 1677 2561 patefactum
1708 2493 1831 2545 est:
1904 2483 2086 2546 testis
2117 2493 2211 2546 est

149 2566 472 2643 Hispania,
505 2585 662 2643 quae
685 2565 1050 2643 saepissime
1073 2567 1369 2643 plurimos
1397 2568 1608 2630 hostes
1632 2567 1709 2628 ab
1737 2567 1857 2629 hoe
1886 2575 2211 2644 superatos

147 2658 624 2727 prostratosque
653 2652 1005 2727 conspexit:
1074 2650 1255 2712 testis
1291 2649 1625 2712 estiterum
1654 2658 1711 2711 et
1744 2651 1993 2725 saepius
2020 2649 2207 2722 Italia,

151 2749 317 2810 quae
348 2751 532 2808 quum
563 2733 769 2794 servili
793 2734 952 2795 bello
985 2741 1176 2795 taetro
1206 2733 1685 2809 periculosoque
1712 2742 2105 2808 premeretur,
2132 2730 2209 2792 ab

148 2818 274 2878 hoc
308 2815 600 2878 auxilium
634 2819 889 2879 absente
920 2816 1239 2892 expetivit=
1295 2817 1464 2893 quod
1492 2817 1717 2876 bellum
1748 2814 2212 2891 exspectatione

149 2899 289 2961 eius
319 2907 690 2961 attenuatum
718 2907 902 2976 atque
935 2899 1309 2960 imminutum
1342 2908 1465 2971 est,
1509 2899 1775 2960 adventu
1810 2899 2111 2962 sub-latum
2138 2914 2212 2958 ac

150 2983 492 3058 sepultum:
573 2983 675 3045 31.
747 2991 940 3045 testes
989 2999 1152 3044 nune
1197 2998 1349 3043 vero
1398 2981 1519 3042 iam
1570 2998 1783 3044 omnes
1833 2999 1979 3045 orae
2024 2991 2211 3056 atque

149 3083 371 3128 omnes
393 3075 641 3127 exterae
654 3075 867 3142 gentes
889 3082 963 3127 ac
981 3065 1278 3141 nationeS‚
1301 3067 1567 3142 denique
1587 3065 1777 3128 maria
1800 3061 2001 3130 omnia
2025 3079 2210 3140 quum

149 3149 444 3211 universa
489 3154 614 3210 tum
665 3149 728 3209 in
779 3148 1031 3225 singulis
1079 3147 1204 3210 oris
1257 3164 1469 3210 omnes
1519 3149 1692 3211 sinus
1742 3157 1924 3226 atque
1976 3154 2209 3223 portus.

152 3232 302 3307 Quis
349 3231 511 3293 enim
551 3240 680 3294 toto
721 3233 872 3294 mari
913 3234 1086 3294 loeus
1130 3247 1240 3307 per
1282 3232 1399 3293 hos
1432 3249 1629 3294 annos
1674 3242 1777 3295 aut
1814 3241 1933 3294 tam
1974 3232 2209 3290 firmum

152 3312 364 3376 habuit
400 3314 802 3392 praesidium,
849 3324 919 3378 ut
943 3321 1106 3377 tutus
1139 3324 1335 3389 esset,
1380 3324 1487 3378 aut
1522 3324 1644 3376 tam
1683 3314 1795 3376 fuit
1834 3313 2103 3382 abdituS,
2144 3318 2211 3371 ut

153 3401 406 3461 lateret?
478 3397 624 3473 Quis
651 3397 958 3475 navigavit
996 3397 1101 3473 qui
1127 3414 1251 3459 non
1292 3416 1361 3459 se
1391 3406 1495 3460 aut
1528 3395 1739 3458 mortis
1770 3405 1875 3456 aut
1902 3391 2210 3456 servitutis

349 3503 460 3548 cxc.
503 3506 684 3551 onA-r.
767 3489 821 3555 Ι.
1841 3477 1919 3540 13
