2459 3817
610 135 775 196 CAP.
804 142 1067 198 65—67.
1098 140 1151 201 S.
1184 142 1512 199 los-*1⁷3-
1969 131 2086 196 177

12 281 269 346 sceleris
318 282 741 360 audaciaeque
792 301 945 347 suae
988 284 1181 346 voluit
1206 301 1351 346 esse
1391 284 1452 344 in
1479 292 1822 360 conspectu
1855 283 2084 363 Italiae,
2113 276 2120 284 ’

13 368 316 464 vestibulo
342 367 621 443 Siciliae,
649 367 1177 444 praetervectione
1212 369 1510 443 omnium,
1555 370 1660 442 qui
1700 369 1856 430 uitro
1899 369 2080 432 citro·

0 459 138 528 'que
167 459 546 527 navigarent.

118 693 122 697 Ι
177 613 415 678 LXVII.
463 616 607 681 171.
670 616 738 679 Si
776 617 929 680 haee
966 635 1091 679 non
1130 617 1211 678 ad
1257 615 1426 679 cives
1471 618 1816 690 Romanos„
1846 634 1970 678 non
2000 633 2078 678 ae

13 701 251 778 aliquos
280 701 515 762 anticos
544 709 791 763 nostrae
820 699 1109 774 civitatis,
1140 718 1265 763 non
1294 702 1374 762 ad
1401 716 1546 773 eos,
1577 700 1683 776 qui
1718 700 1929 776 populi
1957 701 2075 760 Ro·

11 785 173 846 mani
206 801 427 846 nomen
458 781 804 856 audissent,
836 784 1135 860 denique,
1180 783 1236 844 si
1270 801 1393 844 non
1427 783 1508 844 ad
1539 782 1838 858 homines,
1867 799 2078 846 verum

12 869 93 929 ad
124 867 387 942 bestias,
410 875 517 930 aut
546 867 749 944 etiam,
775 877 841 930 ut
866 867 1112 942 longius
1142 865 1534 942 progrediar,
1563 867 1616 926 si
1646 865 1708 925 in
1744 866 1948 940 aliqua
1977 867 2055 928 de

10 951 353 1016 sei-tissima
376 954 711 1016 solitudine
750 954 831 1014 ad
862 970 1019 1014 saxa
1046 959 1109 1014 et
1138 953 1266 1027 [ad]
1307 954 1606 1027 scopulos
1635 951 1788 1012 haec
1818 968 2077 1027 conque

11 1034 61 1096 ri
110 1053 183 1097 ae
212 1037 543 1112 deplorare
585 1040 835 1109 vellem,
884 1046 1089 1098 tamen
1131 1036 1334 1100 omnia
1378 1043 1548 1096 muta
1589 1041 1778 1110 atque
1821 1034 2086 1098 inanima

6 1133 174 1186 tanta
204 1132 265 1184 et
294 1132 419 1184 tam
446 1123 697 1200 indigna
724 1141 927 1186 rerum
955 1124 1284 1185 acerbitate
1313 1129 1860 1184 commoverentur.
1904 1122 2076 1184 Nunc

8 1221 159 1268 vero
192 1221 378 1282 quum
407 1209 628 1283 loquar
655 1208 823 1283 apud
852 1216 1171 1269 senatores
1203 1207 1416 1283 populi
1447 1205 1738 1279 Romani,
1785 1207 1986 1280 legum
2015 1215 2078 1267 et

4 1289 371 1352 iudiciorum
400 1296 463 1351 et
486 1290 638 1351 iuris
666 1299 986 1365 auctores,
1016 1291 1227 1351 timere
1257 1307 1380 1350 non
1415 1291 1614 1351 debeo
1650 1305 1728 1350 ne
1760 1305 1881 1349 non
1917 1305 2075 1349 unus

4 1372 121 1436 iste
164 1370 317 1434 civis
345 1375 659 1436 Romanus
702 1373 805 1434 ilia
849 1389 1032 1434 eruce
1072 1373 1325 1448 dignus,
1378 1373 1602 1434 caeteri
1647 1388 1860 1434 omnes
1897 1371 2076 1434 simili

6 1455 279 1532 periculo
307 1454 716 1534 indignissimi
742 1457 1102 1518 iudicentur.
1167 1455 1317 1518 172-
1373 1456 1586 1518 Paullo
1609 1465 1781 1531 ante,
1816 1454 2072 1528 iudices,

8 1538 287 1601 lacrimas
338 1541 397 1600 in
439 1549 635 1602 morte
678 1539 901 1602 misera
942 1549 1129 1615 atque
1168 1539 1420 1614 indigna
1456 1539 1905 1602 nauarchorum
1949 1555 2070 1600 non

7 1623 363 1684 tenebamus
416 1633 477 1686 et
502 1631 671 1685 recte
720 1639 795 1685 ac
823 1623 1039 1686 merito
1068 1622 1376 1684 sociorum
1424 1621 1838 1684 innocentium
1892 1621 2070 1683 mise-

4 1705 95 1766 ria
124 1707 689 1769 commovebamur=
746 1706 895 1783 quid
936 1721 1098 1767 nnnc
1142 1705 1203 1768 in
1237 1715 1450 1768 nostro
1483 1705 1779 1781 sanguine
1829 1705 2070 1767 tandem

6 1791 209 1850 faeere
238 1790 579 1852 debemus?
638 1789 788 1850 Num
831 1789 1054 1850 civium
1076 1791 1490 1851 Romanorum
1525 1788 1790 1850 omnium
1823 1787 2072 1862 sanguis

6 1871 371 1934 coniunctus
400 1872 843 1934 existimandus
871 1882 995 1946 est,
1026 1874 1406 1948 quoniam'et
1437 1872 1654 1934 salutis
1684 1872 1953 1932 omnium
1979 1888 2074 1930 ra-

6 1955 89 2016 tio
123 1962 187 2014 et
217 1954 441 2014 veritas
474 1957 761 2030 postulat.
832 1955 1057 2017 Omnes
1086 1955 1205 2017 hoc
1233 1958 1374 2017 loeo
1405 1957 1574 2016 cives
1603 1953 1862 2016 Romani
1884 1963 1948 2016 et
1971 1951 2072 2029 qus·

5 2039 236 2099 adsunt
276 2046 339 2098 et
370 2037 475 2112 qui
516 2039 748 2114 ubique
790 2047 934 2100 sunt
972 2047 1240 2100 vestram
1282 2038 1670 2100 severitatem
1705 2037 2070 2112 desiderant.

6 2129 271 2182 vestram
302 2119 487 2182 fldem
506 2122 846 2198 implorant,
879 2132 1150 2186 vestrum
1179 2122 1468 2184 auxilium
1487 2121 1829 2197 requirunt=
1875 2120 2072 2183 omnia

6 2221 121 2266 sua
148 2203 309 2277 iura,
343 2207 683 2279 commoda,
712 2206 956 2281 auxilia,
992 2214 1179 2269 totam
1212 2205 1480 2282 denique
1508 2205 1842 2266 libertatem
1872 2203 1932 2264 in
1974 2220 2075 2264 ve·

8 2288 151 2348 stris
185 2287 503 2350 sententiis
533 2289 767 2350 versari
795 2290 1179 2351 arbitrantur.
1246 2289 1386 2353 173.
1449 2291 1507 2349 A
1538 2305 1668 2362 me,
1696 2285 1940 2348 tametsi
1977 2302 2076 2347 sa-

5 2369 85 2430 tis
113 2370 366 2443 habent,
398 2379 597 2433 tamen
617 2418 634 2446 ,
664 2371 718 2432 si
748 2369 849 2434 res
879 2375 1053 2434 aliter
1078 2372 1406 2446 acciderit,
1437 2373 1581 2449 plus
1613 2371 1924 2432 habebunt
1955 2371 2075 2430 for-

4 2463 174 2514 tasse
190 2498 205 2527 ,
248 2470 431 2529 quam
463 2457 793 2530 postulant.
858 2457 1008 2516 Nam
1052 2455 1107 2517 si
1138 2475 1260 2532 qua
1289 2457 1388 2517 vis
1415 2455 1600 2517 istum
1629 2456 1708 2514 de
1737 2460 1946 2515 vestra
1976 2470 2076 2514 se-

8 2536 257 2598 veritate
290 2537 609 2614 eripuerit,
640 2537 703 2599 id
738 2539 908 2614 quod
940 2556 1143 2615 neque
1172 2549 1394 2614 metuo,
1431 2537 1684 2606 iudices,
1718 2553 1922 2612 neque
1949 2538 2074 2598 ullo

2 2621 187 2681 modo
230 2622 364 2684 fieri
420 2641 613 2700 posse
659 2621 874 2684 videm
918 2623 1033 2684 sed
1080 2623 1134 2686 si
1172 2623 1233 2684 in
1280 2625 1400 2684 hoc
1438 2637 1536 2682 me
1578 2620 1732 2682 ratio
1775 2619 2073 2692 fefellerit,

4 2703 193 2764 Siculi
223 2719 468 2764 eausam
502 2721 674 2766 suam
699 2706 939 2780 perisse
973 2715 1302 2782 querentur
1333 2715 1394 2766 et
1421 2720 1659 2766 mecum
1689 2703 1916 2780 pariter
1947 2719 2073 2764 mo·

3 2787 157 2848 leste
192 2788 413 2848 ferent:
461 2789 726 2864 populu-s
758 2788 1003 2864 quidem
1029 2791 1342 2850 Romanus
1371 2785 1574 2860 brevi,
1615 2787 1902 2862 quoniam
1931 2785 2076 2848 mihi

4 2870 371 2945 potestatem
400 2873 565 2947 apud
602 2888 673 2932 se
702 2871 923 2945 agendi
954 2871 1151 2946 dedit,
1182 2874 1278 2934 ius
1308 2888 1516 2942 suurn,
1549 2887 1648 2931 me
1674 2880 1914 2945 agente,
1943 2870 2076 2932 suis

6 2953 318 3028 suffragiis
357 2962 497 3015 ante
538 2955 673 3014 Kal.
712 2954 1075 3016 Februarias
1122 2955 1528 3031 recuperabit.
1591 2957 1716 3028 Ac,
1743 2953 1796 3015 si
1827 2955 1906 3014 de
1941 2970 2078 3014 mea

2 3037 200 3112 gioria
228 3044 413 3112 atque
443 3037 839 3113 amplitudine
874 3037 1183 3114 quaeritis,
1216 3038 1486 3114 iudiceS‚
1528 3054 1652 3098 non
1689 3045 1784 3099 est
1811 3037 2076 3097 alienum

2 3119 161 3180 meis
191 3119 527 3181 rationibus
558 3120 741 3183 istum
782 3119 928 3183 mihi
962 3139 1042 3183 ex
1070 3123 1189 3184 hoc
1223 3121 1451 3184 iudicio
1482 3130 1760 3197 ereptum
1804 3121 1884 3180 ad
1926 3121 2075 3181 iliud

4 3201 219 3279 populi
248 3203 507 3264 Romani
534 3203 825 3266 iudicium
855 3205 1179 3282 reservari.
1239 3206 1575 3282 Splendida
1602 3211 1698 3264 est
1722 3203 1827 3262 ilia
1855 3217 2074 3264 causae

6 3285 343 3360 probabilis
373 3285 518 3348 mihi
554 3297 615 3349 et
640 3287 869 3362 facilis,
918 3291 1149 3365 populo
1179 3299 1353 3364 grata
1382 3296 1569 3364 atque
1602 3285 1889 3346 iucunda.
1956 3287 2072 3347 De·

0 3369 218 3443 nique,
248 3369 302 3445 si
330 3369 547 3432 videor
575 3370 703 3446 hic,
735 3371 800 3431 id
836 3373 1001 3447 quod
1033 3389 1147 3448 ego
1180 3389 1302 3434 non
1337 3367 1769 3510 quaesivil.2de
1799 3384 1924 3429 uno
1955 3367 2080 3430 isto

74 3464 187 3508 cxc.
229 3469 400 3512 onAr.
472 3455 519 3524 Ι,
