2459 3817
233 125 360 192 262
799 114 949 178 PRO
977 115 1044 176 L.
1073 113 1345 177 MUREN
1409 136 1411 138 ’
1484 108 1740 173 RATIO.

237 267 600 348 cognomine
633 267 772 344 ipso
803 283 950 343 prae
984 282 1054 325 se
1083 265 1347 338 ferebat,
1392 264 1669 324 eamdem
1709 258 1808 321 hic
1848 257 1966 321 sibi
2004 274 2083 319 ex
2112 256 2297 320 Asiae

237 354 484 416 nomine
512 351 876 426 adsumpsit.
963 349 1064 414 32.
1111 348 1243 428 Quo
1288 346 1533 422 quidem
1574 345 1634 406 in
1670 345 1829 405 bello
1861 341 2053 403 virtus
2089 342 2299 404 enituit

237 437 485 514 egregia
511 437 592 496 M.
626 432 900 506 Catonis,
933 432 1150 508 proavi
1177 429 1287 492 tui=
1327 447 1447 505 quo
1476 431 1605 502 ille,
1640 443 1825 503 quum
1856 435 2055 500 esset,
2091 435 2157 486 ut
2181 441 2294 501 ego

237 522 381 582 mihi
412 528 642 591 statu0,
668 517 834 588 taliS,
867 517 1108 592 qualem
1136 523 1196 575 te
1227 531 1371 574 esse
1400 511 1599 585 video,
1631 525 1963 585 numquam
1992 525 2131 570 cum
2174 507 2297 568 Sci-

233 605 423 680 pione
466 611 634 664 esset
661 602 993 677 profectus,
1022 599 1076 660 si
1107 614 1245 659 eum
1280 595 1649 660 mulierculis
1678 594 2023 655 bellandum
2051 593 2294 653 arbitra·

237 698 422 749 retur.
479 687 692 761 Neque
722 699 868 744 vero
902 699 1040 744 cum
1066 681 1128 740 P.
1157 680 1447 742 Africano
1484 687 1735 742 senatus
1764 678 2010 752 egisset,
2042 684 2110 737 ut
2136 677 2295 750 lega-

240 783 338 832 tus
369 769 534 830 fratri
575 767 1097 845 proficisceretur,
1144 780 1329 838 quum
1372 763 1508 839 ipse
1550 763 1754 838 paullo
1796 768 1936 820 ante
1965 760 2299 820 Hannibale

239 872 320 915 ex
359 853 530 914 ltalia
571 853 866 926 expulso,
919 865 998 908 ex
1040 848 1253 908 Africa
1300 846 1527 919 eiecto,
1576 843 1948 918 Karthagine
1994 858 2298 918 oppressa

243 935 518 999 maximis
549 933 837 1012 periculis
874 950 1005 993 rem
1037 931 1340 1006 publicam
1373 929 1723 1001 liberasset,
1772 925 1889 991 nisi
1927 925 2072 986 illud
2113 943 2296 1000 grave

239 1023 464 1082 bellum
494 1028 554 1079 et
582 1019 914 1078 vehemens
944 1023 1271 1090 putaretur.
1334 1015 1463 1074 XV.
1504 1011 1695 1088 Atqui
1724 1009 1778 1070 si
1807 1007 2124 1084 diligenter
2154 1008 2298 1083 quid

239 1103 618 1165 Mithridates
661 1099 923 1176 potuerit
949 1107 1012 1160 et
1051 1097 1198 1173 quid
1232 1095 1504 1157 effecerit
1544 1104 1605 1156 et
1635 1094 1741 1169 qui
1773 1093 1867 1153 vir
1892 1092 2071 1153 luerit
2098 1091 2295 1152 consi-

243 1186 498 1260 deraris,
529 1184 812 1246 omnibus
839 1182 1106 1257 regibuS,
1142 1180 1502 1256 quibuscum
1534 1180 1801 1254 populus
1832 1179 2142 1237 Romanus
2176 1177 2296 1236 bel-

241 1271 364 1331 lum
391 1267 615 1345 gessit,
661 1268 822 1328 hune
850 1281 1054 1340 regem
1082 1263 1365 1324 nimirum
1392 1271 1763 1336 anteponesa
1808 1275 1989 1334 quem
2014 1258 2083 1317 L.
2113 1258 2296 1329 Sulla,

244 1353 507 1412 maximo
539 1360 600 1412 et
627 1349 958 1410 fortissimo
989 1346 1286 1416 exercitu,
1331 1361 1579 1420 pugnax
1616 1353 1679 1406 et
1706 1359 1851 1404 acer
1884 1351 1946 1404 et
1977 1358 2097 1402 non
2130 1340 2297 1402 rudis

245 1438 604 1510 imperator,
659 1443 728 1496 ut
769 1433 934 1496 aliud
978 1434 1123 1496 nihil
1169 1435 1399 1513 dicam,
1456 1447 1594 1493 eum
1637 1431 1800 1492 bello
1846 1431 2155 1490 invectum
2208 1432 2294 1485 to·

245 1531 370 1581 tam
399 1517 462 1579 in
491 1517 718 1588 Asiam,
751 1535 889 1578 cum
919 1533 1072 1592 pace
1101 1517 1355 1580 dimisit:
1392 1533 1574 1592 quem
1600 1519 1665 1578 L.
1694 1518 1963 1588 Murena,
1995 1526 2166 1592 pater
2192 1517 2301 1576 hu-

245 1603 448 1675 iusce,
504 1601 1038 1662 vehementissime
1077 1597 1657 1676 vigilantissimeque
1698 1608 2011 1672 vexatum,
2061 1615 2300 1674 repres-

247 1702 381 1747 sum
410 1701 630 1760 magna
661 1701 738 1744 ex
767 1693 972 1760 parte,
1011 1700 1134 1746 non
1161 1699 1527 1758 oppressum
1557 1681 1829 1758 reliquit=
1876 1685 1977 1758 qui
2006 1699 2147 1753 rex,
2186 1683 2303 1742 sibi

247 1769 478 1844 aliquot
521 1767 698 1830 annis
750 1769 1008 1842 sumptis
1055 1769 1135 1828 ad
1185 1769 1631 1828 confirmandas
1671 1767 1940 1829 rationes
1982 1775 2043 1827 et
2086 1765 2303 1840 copias

246 1852 402 1923 pelli,
431 1861 656 1914 tantum
677 1869 793 1928 spe
817 1860 1163 1934 conatuque
1187 1850 1389 1923 valuit,
1418 1859 1483 1912 ut
1505 1866 1575 1912 se
1600 1850 1906 1912 Oceanum
1931 1866 2071 1910 cum
2088 1850 2302 1921 Ponto,

247 1934 496 1996 Sertorii
521 1935 733 2010 copias
765 1951 900 1997 eum
930 1934 1058 1996 suis
1089 1935 1547 1998 coniuncturum
1571 1942 1827 2010 putaret.
1884 1931 1985 1994 33.
2016 1933 2114 1992 Ad
2136 1933 2302 2006 quod

245 2019 468 2100 bellum
509 2019 750 2080 duobus
791 2018 1147 2080 consulibus
1187 2017 1269 2078 ita
1309 2017 1543 2092 missis,
1594 2025 1659 2078 ut
1705 2019 1857 2079 alter
1898 2015 2300 2077 Mithridatem
2349 2063 2353 2067 .

246 2110 734 2176 persequeretur,
765 2103 915 2162 alter
941 2100 1289 2178 Bithyniam
1321 2110 1605 2173 tueretur,
1640 2100 1889 2161 alterius
1920 2115 2019 2159 res
2053 2108 2115 2160 et
2142 2108 2302 2160 terra

245 2191 305 2244 et
343 2183 493 2244 mari
537 2183 926 2246 calamitosae
955 2184 1345 2244 vehementer
1372 2193 1433 2244 et
1466 2200 1618 2257 opes
1660 2183 1823 2258 regis
1850 2191 1913 2244 et
1945 2199 2166 2244 nomen
2196 2198 2299 2242 au-

243 2275 491 2328 xerunt:
526 2269 586 2327 L.
609 2267 841 2330 Luculli
863 2284 1011 2330 vero
1037 2283 1137 2328 res
1163 2276 1362 2328 tantae
1386 2267 1759 2339 exstiterunt,
1796 2275 1863 2328 ut
1882 2281 2083 2341 neque
2106 2264 2300 2326 maius

243 2350 466 2411 bellum
497 2350 955 2413 commemorari
991 2349 1190 2426 possit
1217 2367 1419 2426 neque
1448 2351 1677 2411 maiore
1708 2348 1965 2411 consilio
1996 2357 2057 2410 et
2083 2347 2297 2410 virtute

245 2443 499 2506 gestum.
585 2436 736 2494 Nam
789 2449 976 2510 quum
1017 2433 1199 2494 totius
1248 2436 1507 2508 impetus
1550 2431 1693 2494 belli
1738 2435 1819 2494 ad
1861 2431 2299 2510 Cyzicenorum

247 2515 486 2576 moenia
571 2515 908 2577 exstitisset
955 2531 1215 2591 eamque
1264 2519 1476 2578 urbem
1527 2516 1643 2577 sibi
1689 2514 2066 2578 Mithridates
2112 2513 2301 2576 Asiae

246 2600 484 2658 ianuam
517 2599 647 2658 fore
679 2607 984 2673 putasset,
1061 2613 1184 2674 qua
1240 2601 1489 2661 effracta
1528 2607 1588 2660 et
1616 2602 1864 2660 revulsa
1905 2607 2029 2661 tota
2069 2603 2305 2673 pateret

249 2680 576 2754 provincia,
617 2682 886 2756 perfecta
926 2698 964 2742 a
1007 2682 1260 2742 Lucullo
1292 2683 1444 2744 haec
1468 2690 1610 2744 sunt
1640 2682 1857 2754 omnia,
1895 2690 1960 2743 ut
1982 2683 2129 2742 urbs
2152 2680 2293 2740 fide·

243 2762 611 2825 lissimorum
659 2763 966 2828 sociorum
1017 2767 1449 2828 defenderetur
1496 2777 1557 2828 et
1605 2781 1817 2826 omnes
1864 2764 2083 2840 copiae
2134 2761 2304 2836 regis

245 2845 629 2909 diuturnitate
658 2848 1042 2911 obsessionis
1068 2858 1588 2911 consumerentur.
1642 2849 1815 2923 Quid,
1846 2847 2007 2908 illam
2036 2861 2302 2922 pugnam

246 2930 518 2990 navalem
557 2933 638 2992 ad
665 2932 1004 3007 Tenedum,
1049 2950 1237 3008 quum
1267 2941 1551 2995 contento
1584 2948 1800 3004 cursu,
1848 2929 2159 2992 acerrimis
2190 2929 2303 2988 du·

245 3010 446 3086 cibuS,
488 3013 751 3076 hostium
795 3015 1014 3078 classis
1043 3017 1271 3078 Italiam
1310 3033 1424 3091 spe
1470 3025 1654 3091 atque
1695 3015 1914 3076 animis
1953 3013 2161 3074 inflata
2196 3028 2305 3086 pe-

246 3105 422 3168 teret,
467 3097 758 3160 mediocri
799 3099 1126 3160 certamine
1165 3108 1224 3160 et
1264 3115 1454 3174 parva
1498 3097 1883 3159 dimicatione
1911 3098 2306 3158 commissam

247 3178 594 3240 arbitraris?
645 3181 816 3243 Mitto
850 3182 1114 3258 proelia=
1157 3189 1474 3257 praetereo
1506 3181 2000 3257 oppugnationes
2042 3177 2307 3255 oppido-

256 3278 392 3322 ium.
475 3263 787 3339 Expulsus
818 3282 1008 3340 regno
1037 3266 1279 3326 tandem
1308 3265 1635 3338 aliquando
1664 3275 1893 3326 tantum
1927 3272 2124 3324 tamen
2155 3277 2306 3320 eon-

245 3339 379 3404 silio
403 3355 588 3422 atque
611 3347 969 3410 auctoritate
990 3347 1194 3418 valuit,
1220 3356 1287 3409 ut
1309 3365 1378 3408 se
1400 3363 1543 3421 rege
1563 3346 1989 3408 Armeniorum
2010 3345 2309 3406 adiuncto
