2459 3817
919 116 1483 220 munimime.
1785 149 1812 169 ⁸
2107 150 2227 216 137

151 312 270 377 ipse
314 318 468 361 etium
517 324 724 361 cansam
761 310 874 360 eius
907 311 1014 377 egit
1042 310 1108 359 ad
1142 308 1407 375 populum.
1460 306 1702 357 Dicebant
1738 314 1949 371 uterque
1988 306 2161 357 Miloni
2200 325 2231 360 a

153 378 336 429 clodio
371 378 531 428 tactas
561 392 676 428 esse
709 378 940 430 insidias.
1278 410 1283 413 <

289 446 498 495 Fiebaut
531 446 722 496 interea
752 445 844 495 alii
876 460 940 495 ex
968 443 1084 494 alii-s
1115 444 1409 509 interreges,
1446 444 1531 505 qui
1566 444 1773 493 comitia
1810 441 2095 492 consularia
2113 458 2229 507 pro·

154 522 268 579 pter
311 528 486 563 eorum
505 514 913 563 „candidatorum
952 511 1196 563 tumultus
1231 520 1283 560 et
1323 511 1555 561 eamdem
1608 526 1812 561 manum
1856 519 2103 561 armatam
2118 510 2231 560 ‘ha-

91 622 96 627 .
155 584 274 631 bere
305 594 412 631 nou
442 588 690 647 poterant.
757 583 932 645 itaque
963 582 1132 647 primo
1165 578 1351 628 factum
1382 585 1489 629 erat
1518 578 1575 634 S.
1608 578 1683 639 0.,
1720 587 1777 628 ut
1805 578 2027 629 interrex
2056 585 2107 628 et
2143 580 2231 629 tri·

154 650 277 701 bnni
310 649 478 714 plebis
503 658 557 699 et
591 648 678 699 Cn.
713 649 1002 714 Pompeius,
1037 649 1126 711 qui
1148 660 1247 713 pro
1277 646 1487 697 consule
1520 648 1587 697 ad
1620 650 1797 697 urbem
1834 655 1969 707 erat,
2004 646 2231 698 viderent

153 732 218 767 ue
239 716 386 781 “quid
416 718 702 768 detrimenti
737 730 822 767 res
847 716 1058 782 publica
1091 722 1323 780 caperet,
1370 715 1584 765 dilectus
1620 722 1787 765 autem
1822 714 2091 781 Pompeius
2128 722 2229 767 tota

153 784 300 835 italia
341 784 596 838 haberet(
635 786 734 845 Qui
779 796 935 849 quum
977 796 1181 835 summa
1222 782 1481 832 celeritate
1526 783 1835 847 praesidium
1869 792 2231 850 comparasset,

154 851 538 918 postulantum
585 854 722 919 apud
769 868 886 903 eum
923 853 1167 903 familiam
1212 851 1445 916 Milonis,
1492 850 1613 900 item
1649 852 1863 901 Faustae
1904 854 2082 901 uxoris
2120 854 2232 902 eius

153 920 494 971 exhibendam
511 923 614 971 dno
627 920 1006 980 adolescentuli,-
1037 922 1124 984 qui
1145 919 1299 984 Appii
1318 918 1515 971 Claudii
1532 920 1680 969 ambo
1712 920 2111 985 appellabantur,
2142 922 2231 983 qui

154 994 296 1039 eraut
326 988 380 1042 Ο.
401 988 610 1039 claudii
644 989 764 1048 iiiii,
806 989 894 1051 qui
943 989 1094 1037 frater
1126 987 1291 1037 fuerat
1328 985 1517 1048 Clodii,
1550 994 1600 1036 et
1633 988 1697 1037 ob
1730 988 1785 1037 id
1820 988 1896 1052 illi
1932 990 2101 1052 patrui
2148 990 2230 1038 sui

156 1064 384 1115 mortem,
423 1058 559 1107 velut
588 1066 797 1106 aucto-re·
829 1056 1002 1118 fratre,
1035 1056 1493 1121 persequebantur.·
1552 1055 1767 1105 Easdem
1806 1056 2025 1106 Faustae·
2054 1063 2103 1105 et
2138 1056 2230 1105 Mi-

154 1123 287 1173 lonis⁴
314 1123 532 1175 familias
563 1123 940 1189 postulaverunt
968 1124 1070 1173 dno
1099 1122 1308 1182 Valerii,
1334 1121 1503 1188 Nepos
1537 1128 1585 1173 et
1612 1124 1736 1186 Leo,
1770 1130 1823 1173 et
1854 1124 1913 1173 L.
1950 1124 2231 1174 Herennius

159 1190 364 1241 Balbus.
409 1192 464 1241 Ρ.
505 1190 668 1241 Clodii
703 1204 906 1254 quoque
939 1190 1186 1241 familiam
1222 1199 1273 1241 et
1310 1192 1550 1241 comitum
1586 1192 1697 1241 eius
1735 1190 2011 1258 postulavit
2049 1192 2229 1243 eodem

149 1264 380 1324 tempore
401 1258 630 1309 Caelius:
665 1257 1151 1325 fami-liam.Hypsaei
1189 1268 1239 1309 et
1266 1258 1325 1319 Q.
1361 1258 1586 1325 Pompeii
1619 1260 1893 1323 postulavit
1912 1294 2088 1312 ......
2125 1260 2229 1309 Ad·
2325 1305 2330 1310 .

157 1326 359 1377 fuerunt
387 1326 560 1378 Miloni
596 1327 658 1387 Q.
691 1328 1006 1393 Hortensius,
1043 1328 1110 1378 M.
1145 1327 1337 1389 Cicero,
1372 1326 1442 1381 M.
1463 1327 1749 1389 Marcellus,
1782 1329 1851 1383 M.
1890 1326 2129 1387 Calidius,
2156 1328 2227 1377 M.

151 1396 304 1455 cato,
347 1393 562 1445 Faustus
607 1387 768 1447 Sulla.
835 1396 1008 1446 Verba·
1040 1410 1204 1463 pauca
1254 1395 1313 1456 Q.
1344 1396 1645 1447 Hortensius
1688 1396 1847 1446 dixit:
1890 1396 2076 1447 liberos
2115 1410 2231 1445 esse

153 1475 268 1522 eos,
315 1464 404 1525 qui
434 1476 530 1531 pro
561 1466 722 1514 servis
767 1462 1170 1528 postularentur:
1207 1478 1325 1513 nam
1363 1471 1481 1530 post
1518 1472 1773 1515 recentem
1817 1464 2028 1515 caedem
2076 1480 2230 1514 manu

157 1530 356 1579 miserat
389 1544 478 1581 eos
510 1532 631 1581 Milo
668 1533 764 1583 sub
799 1531 897 1583 hoo
936 1532 1118 1593 titulo,
1163 1534 1301 1596 quod
1346 1540 1497 1599 capnt
1533 1548 1679 1583 suum
1716 1532 1809 1584 uiti
1838 1540 2025 1585 essent.
2095 1532 2228 1582 Haec

151 1600 444 1661 agebantur·
475 1614 648 1650 mense
693 1601 994 1651 intercalari.
1067 1602 1188 1652 Post
1218 1602 1353 1651 diem
1390 1602 1711 1667 trigesimum
1744 1600 1882 1661 sere·,
1934 1616 2083 1663 quam
2122 1614 2229 1650 erat

2270 354 2300 379 Χ

151 1663 359 1716 Clodius
395 1669 623 1733 occisus,
670 1671 736 1732 Q.
775 1668 1002 1718 Metellus
1037 1668 1209 1735 Scipio
1265 1669 1317 1718 in
1372 1676 1551 1719 senatu
1596 1676 1769 1719 contra
1812 1668 1879 1717 M.
1921 1667 2227 1733 Caepionem
2260 1694 2268 1703 ·

151 1740 456 1795 conquestus
493 1743 590 1797 est,
627 1750 688 1785 ac
719 1737 783 1785 de
817 1736 974 1785 caede
1002 1736 1056 1790 P,
1091 1736 1256 1794 clodii
1293 1736 1479 1787 falsum
1510 1750 1622 1785 esse
1660 1735 1807 1794 dixit,
1834 1736 1971 1797 qnod
1994 1735 2114 1784 Milo
2152 1736 2227 1785 sio

152 1814 208 1849 se
255 1800 548 1851 defenderet
599 1842 613 1855 .
633 1842 648 1857 .
666 1838 711 1857 ..
729 1838 743 1853 .
799 1800 1027 1852 Clodium
1074 1804 1310 1854 Aricinos
1354 1804 1653 1853 decuriones
1712 1802 2018 1867 adloquendi
2063 1803 2227 1867 gratia

154 1867 354 1927 abisse,
389 1869 677 1934 profectum
713 1884 828 1919 cum
859 1885 952 1919 sex
983 1886 1044 1920 ae
1073 1872 1256 1937 viginti
1280 1870 1471 1921 servis:
1508 1869 1747 1919 Milonem
1784 1870 1952 1920 subito
1989 1877 2105 1934 post
2138 1870 2227 1919 ho-
2289 1914 2295 1921 ,

151 1950 260 1985 ram
305 1945 536 1998 quartam
581 1944 760 1987 senatu
799 1938 956 1987 misso
1001 1952 1118 1988 cum
1163 1940 1326 1989 servis
1375 1938 1595 2003 amplius
1641 1940 1878 1988 trecentis
1926 1938 2129 1987 armatis
2163 1938 2228 1987 ob

152 2005 287 2053 viam
323 2004 371 2052 ei
403 2006 758 2065 contendisse,
800 2013 850 2055 et
886 2019 1040 2072 supra
1069 2006 1293 2057 Bovillas
1327 2005 1671 2071 inopinantem
1718 2008 1772 2056 in
1808 2007 1985 2055 itinere
2020 2006 2223 2071 adgres-

152 2083 294 2133 sum-z
325 2071 397 2121 ibi
431 2074 489 2123 P.
519 2071 752 2123 Clodium
786 2074 948 2123 tribus
981 2074 1273 2125 vulneribus
1316 2076 1536 2139 acceptis
1578 2072 1806 2124 Bovillas
1842 2073 2113 2139 perlatum,
2150 2082 2226 2123 ta-

151 2140 385 2198 hemam,
417 2140 472 2189 in
507 2154 659 2207 quam
684 2140 998 2205 profugerat,
1037 2148 1383 2208 expugnatam
1418 2156 1448 2191 a
1477 2141 1690 2192 Milone:
1731 2143 2081 2193 semianimem
2116 2128 2227 2192 cio-

151 2208 292 2257 dium
321 2214 600 2257 extractum
633 2210 685 2259 in
717 2210 798 2257 via
829 2210 1000 2273 Appia
1031 2212 1251 2261 occisum
1282 2224 1413 2271 esse,
1445 2210 1751 2272 anulumque
1784 2210 1893 2261 eius
1924 2210 1971 2259 ei
1996 2210 2229 2260 morienti

151 2276 458 2325 detructum:
507 2277 691 2327 deinde
735 2275 1000 2338 Milonem,
1053 2292 1207 2341 quum
1259 2280 1415 2328 sciret
1452 2279 1506 2327 iu
1538 2277 1737 2329 Albano
1772 2278 2041 2344 parvulum
2066 2277 2227 2327 fllium

151 2341 331 2403 Clodii,
369 2344 568 2393 venisse
602 2346 670 2395 ad
697 2344 890 2403 vinam,
927 2352 976 2395 et
1005 2361 1160 2409 quum
1181 2360 1309 2411 puer
1342 2352 1456 2396 ante
1480 2347 1766 2397 subtractus
1802 2354 1955 2409 esset,
1993 2359 2058 2396 ex
2074 2360 2226 2395 servo

149 2409 382 2460 Halicore
414 2413 760 2476 quaestionem
791 2413 861 2463 ita
889 2412 1156 2473 habuisse,
1208 2422 1267 2463 ut
1302 2429 1414 2463 eum
1452 2414 1755 2464 articulatim
1794 2421 2109 2464 consecaret:
2152 2416 2229 2463 vi-

149 2478 304 2528 licum
333 2487 594 2543 praeterea
629 2491 680 2531 et
717 2480 847 2531 duos
880 2495 1055 2531 servos
1092 2480 1381 2547 iugulasse:
1417 2496 1480 2532 ex
1514 2482 1676 2532 servis
1710 2480 1905 2545 Clodii,
1942 2482 2029 2545 qui
2066 2482 2229 2532 domi·

149 2561 268 2597 num
299 2545 642 2609 defenderint,
687 2549 921 2599 undecim
961 2564 1074 2599 esse
1109 2550 1427 2601 interfectos:
1476 2550 1649 2602 Miloni
1679 2550 1807 2601 duos
1858 2550 1997 2601 solos
2026 2550 2227 2600 saucios

152 2614 310 2664 factos
347 2630 485 2665 esse:
519 2617 584 2667 ob
620 2632 750 2682 quae
773 2616 1015 2667 Milonem
1038 2626 1241 2683 postero
1272 2619 1355 2669 die
1384 2618 1653 2668 duodecim
1670 2632 1863 2677 servos,
1894 2619 1982 2683 qui
2010 2618 2227 2668 maxime

150 2696 354 2747 operam
381 2693 668 2743 navassent,
692 2700 853 2734 manu
888 2686 1120 2750 misisse,
1159 2686 1451 2751 populoque
1480 2686 1705 2735 tributim
1738 2687 1939 2752 singula
1976 2686 2112 2735 milia
2141 2699 2228 2735 ae·

149 2750 220 2799 ris
253 2750 320 2799 ad
352 2750 700 2803 defendendos
733 2752 798 2803 de
835 2768 891 2803 se
928 2768 1158 2803 rumores
1191 2755 1435 2809 dedisse..
1460 2754 1584 2803 Milo
1615 2754 1819 2803 misisse
1854 2754 1921 2805 ad
1958 2753 2047 2808 Cn.
2074 2756 2229 2805 Pom-

148 2818 320 2883 peium
347 2817 628 2880 dicebatur,
656 2821 794 2883 qnod
815 2816 1046 2887 Hypsaeo
1073 2836 1269 2871 summe
1299 2822 1561 2879 studebat,
1586 2822 1723 2886 quod
1748 2822 1913 2871 fuerat
1938 2823 2047 2872 eius
2074 2836 2228 2885 qnae-

151 2892 292 2953 stoi·²
331 2886 577 2937 desistere
611 2902 668 2937 se
702 2888 946 2953 petitione
975 2889 1301 2947 consulatus,
1352 2890 1397 2939 si
1434 2890 1504 2938 ita
1540 2890 1587 2939 ei
1621 2890 1891 2940 videretur:
1930 2891 2225 2955 Pompeium

151 2954 481 3018 respondisse
529 2955 719 3005 nemini
752 2968 807 3005 se
843 2970 1009 3018 neque
1045 2958 1249 3020 petendi
1278 2972 1441 3020 neque
1473 2957 1751 3009 desistendi
1794 2968 2047 3009 auctorem
2095 2972 2227 3013 esse,

149 3034 315 3085 neque
350 3020 534 3092 populi
569 3024 782 3074 Romani
830 3032 1129 3089 potestatem
1176 3032 1264 3073 aut
1310 3024 1577 3075 consilium
1621 3032 1711 3079 aut
1734 3028 2036 3077 sententiam
2072 3026 2225 3075 inter-

149 3090 471 3155 pellaturum.
531 3092 725 3141 Deinde
761 3106 854 3157 per
881 3090 934 3143 0.
973 3092 1243 3153 Lucilium,
1272 3093 1359 3157 qui
1385 3100 1593 3157 prop-ter
1616 3094 1685 3143 M.
1722 3093 1974 3145 Ciceronis
2012 3093 2227 3144 familis-

149 3158 348 3208 rltatem
387 3162 578 3211 amicus
611 3168 717 3209 erat
750 3158 958 3220 Miloni,
999 3161 1168 3226 egisse
1202 3177 1401 3226 quoque
1436 3160 1725 3227 dicebatur,
1756 3177 1819 3211 ne
1849 3178 1904 3212 se
1938 3164 2001 3213 de
2036 3161 2133 3210 hac
2170 3175 2227 3211 re

152 3225 465 3276 consulendo
498 3228 690 3279 invidia
725 3234 972 3281 oneraret.

278 3294 414 3343 Inter
439 3295 566 3345 haee
601 3311 755 3361 quum
792 3296 1123 3347 crebresceret
1147 3311 1336 3358 rumor,
1358 3296 1465 3352 cn.
1482 3298 1791 3363 Pompeium
1820 3298 1979 3347 creari
2015 3298 2225 3347 dictato-

145 3375 252 3412 rem
312 3368 574 3421 oportere,
611 3378 776 3427 neque
828 3360 973 3413 aliter
1013 3365 1148 3415 mala
1199 3367 1420 3416 civitatis
1468 3366 1635 3415 sedari
1690 3379 1872 3430 posse,
1906 3366 2085 3414 *visum
2147 3376 2226 3415 est
