2459 3817
845 124 1009 184 CAP.
1040 130 1302 187 10—12.
1333 130 1386 191 s.
1415 130 1688 187 27—33.
2146 120 2272 187 267

166 274 553 335 reddemus.
652 271 779 333 Sed
834 272 899 332 id
962 271 1207 348 quidem
1265 282 1484 347 restat,
1527 281 1595 335 ut
1621 290 1857 349 spero,
1923 274 2271 349 victoribuS,

174 354 427 433 quibus
470 361 721 423 senatus
771 354 929 415 fides
974 355 1382 430 praestabitur
1401 378 1417 411 ε
1473 373 1656 432 quam
1700 355 1989 433 quoniam
2035 356 2271 417 difficit-

166 442 337 499 -limo
380 437 472 497 rei
501 424 782 512 publicae
822 446 1099 513 tempore
1140 438 1338 499 secuti
1379 446 1547 510 sunt,
1593 456 1706 501 eos
1735 456 2065 514 numquam
2091 455 2272 516 opor-

177 522 347 583 tebit
392 519 637 581 consilii
667 519 763 581 sui
792 521 1125 595 poenitere.
1216 520 1344 583 Sed
1371 521 1548 583 facile
1584 530 1681 583 est
1707 522 1867 582 bene
1904 537 2090 597 agere
2133 538 2270 582 cum

174 604 267 664 iis
287 650 305 677 ,
344 621 382 663 a
414 602 637 677 quibus
666 604 843 663 etiam
870 602 1213 664 tacentibus
1244 602 1506 679 flagitari
1534 604 1837 666 videmur=
1897 603 2046 665 illud
2081 604 2270 665 admi-

170 686 447 746 rabilius
477 693 539 745 et
564 686 759 745 maius
788 683 1177 761 maximeque
1204 686 1518 762 proprium
1550 697 1800 748 senatus
1831 685 2126 761 sapientis
2155 696 2268 759 est,

173 775 367 843 grata
390 784 602 828 eorum
626 766 907 829 virtutem
931 768 1222 837 memoria
1251 772 1564 844 prosequi,
1597 771 1702 843 qui
1723 786 1840 844 pro
1865 770 2062 845 patria
2087 769 2270 831 vitam

172 851 613 923 profuderunt.
699 849 803 911 31.
846 850 1113 924 Quorum
1159 853 1238 911 de
1278 852 1514 913 honore
1542 850 1772 913 utinam
1805 850 1950 913 mihi
1993 854 2170 926 plura
2207 852 2266 911 in

175 941 457 993 mentem
486 931 794 994 venirent!
881 934 1017 994 Duo
1050 942 1213 994 certe
1243 950 1365 994 non
1402 934 1778 1008 praeteribo,
1811 950 1970 1009 quae
2005 933 2268 996 maxime

184 1022 556 1076 occurrunt=
603 1032 863 1091 quorum
894 1018 1149 1077 alterum
1181 1016 1442 1091 pertinet
1469 1017 1548 1076 ad
1590 1017 1863 1077 virorum
1903 1016 2267 1079 fortissimo-

178 1114 323 1157 rum
352 1097 607 1172 gloriam
636 1096 1097 1174 sempiternam,
1138 1101 1392 1160 alterum
1437 1100 1514 1159 ad
1546 1098 1896 1160 leniendum
1925 1116 2265 1161 maerorem

186 1189 252 1241 et
285 1182 511 1242 luctum
544 1182 980 1256 proximorum.
1202 1250 1207 1253 ,
1313 1230 1336 1249 ,
2035 1224 2040 1227 -

271 1334 291 1349 ·
318 1264 445 1323 ΧΠ.
487 1263 693 1324 Placet
721 1264 903 1339 igitur
932 1264 1108 1339 mihi,
1146 1272 1353 1339 patres
1392 1263 1757 1340 conscripti,
1810 1262 2072 1339 legionis
2105 1264 2264 1325 Mar-

182 1347 312 1407 tiae
353 1345 641 1407 militibus
684 1355 745 1406 et
783 1347 905 1419 eis,
949 1349 1053 1421 qui
1087 1363 1210 1407 una
1241 1356 1584 1423 pugnantes
1621 1344 1986 1414 occiderint,
2067 1345 2266 1407 moni-

186 1436 457 1491 mentum
493 1427 629 1489 fieri
659 1447 842 1504 quam
868 1430 1332 1506 amplissimum.
1415 1430 1640 1503 Magna
1673 1438 1859 1505 atque
1889 1428 2261 1490 incredibilia

178 1511 419 1572 suntin
450 1528 581 1573 rem
610 1512 917 1588 publicam
946 1512 1125 1573 huius
1158 1512 1374 1576 merita
1400 1510 1682 1587 legionis.
1768 1512 1937 1573 Haec
1971 1528 2040 1573 se
2069 1512 2266 1587 prima

184 1594 509 1655 latrocinio
550 1594 793 1669 abrupit
830 1596 1113 1657 Antonii:
1157 1596 1311 1657 haec
1351 1596 1545 1656 tenuit
1571 1596 1822 1655 Albam=
1871 1594 2025 1655 haec
2071 1612 2142 1655 se
2183 1596 2264 1655 ad

190 1678 516 1737 Caesarem
547 1678 827 1739 contulit:
889 1679 1047 1738 hanc
1083 1680 1310 1739 imitata
1339 1686 1555 1752 quarta
1589 1677 1749 1751 legio
1787 1694 1998 1752 parem
2029 1678 2260 1737 virtutis

188 1758 446 1835 gloriam
497 1769 827 1821 consecuta
866 1769 981 1822 est.
1070 1762 1293 1835 Quarta
1336 1760 1558 1821 victrix
1586 1759 1897 1820 desiderat
1927 1760 2230 1819 neminem

45 1812 55 1899 f
156 1828 273 1903 ‘ex
299 1842 513 1903 Martia
542 1860 664 1905 non
698 1843 846 1903 nulli
874 1844 935 1904 in
964 1844 1102 1920 ipsa
1134 1843 1391 1905 victoria
1419 1844 1838 1905 conciderunt.
1883 1842 1930 1901 0
1960 1843 2259 1908 fortunata

190 1942 373 1996 mom,
404 1942 565 2000 quae
592 1934 845 1987 naturae
870 1926 1074 1987 debita
1093 1944 1206 2003 pro
1238 1926 1432 2002 patria
1461 1934 1558 1987 est
1584 1923 1971 2001 potissimum
1993 1923 2258 1985 reddita!

187 2008 290 2071 32.
342 2010 478 2069 Vos
521 2026 668 2070 vero
713 2010 943 2084 patriae
990 2019 1167 2072 natos
1217 2009 1454 2072 iudico=
1483 2025 1777 2083 ,quorum
1821 2008 2000 2071 etiam
2039 2024 2263 2068 nomen

186 2110 228 2151 a
258 2091 449 2151 Marte
480 2099 605 2164 est,
658 2102 725 2153 ut
771 2092 931 2152 idem
963 2094 1118 2154 deus
1158 2094 1372 2153 urbem
1412 2093 1574 2154 hanc
1605 2092 1918 2168 gentibus,
1961 2108 2079 2153 vos
2121 2092 2262 2151 huic

192 2174 322 2234 urbi
352 2174 643 2249 genuisse
676 2174 968 2235 videatur.
1053 2178 1123 2235 In
1158 2177 1304 2251 fuga
1332 2176 1516 2236 foeda
1540 2192 1706 2235 mors
1737 2181 1862 2235 θεῖε
1917 2173 1978 2234 in
2011 2173 2261 2236 victoria

189 2256 473 2332 gloriosa.
558 2258 795 2317 EtenIm
828 2258 993 2319 Mars
1032 2259 1172 2335 ipse
1216 2276 1297 2319 ex
1337 2259 1470 2319 acie
1509 2256 1902 2319 fortissimum
1956 2272 2262 2332 quemque

196 2341 495 2415 pignerari
524 2342 699 2402 solet.
772 2342 879 2399 ‘llli
906 2340 1087 2416 igitur
1113 2340 1317 2416 impii,
1365 2356 1526 2416 quos
1569 2339 1908 2414 cecidistiS,
1959 2339 2136 2401 etiam
2181 2338 2261 2399 ad

192 2422 417 2484 inferos
443 2439 679 2498 poenas
712 2422 1020 2498 parricidii
1047 2427 1244 2485 luent:
1288 2440 1401 2485 vos
1425 2440 1604 2497 vero,
1637 2421 1744 2497 qui
1773 2432 2108 2483 extremum
2136 2423 2259 2497 spi-

190 2507 363 2567 ritum
413 2505 475 2565 in
508 2505 764 2568 victoria
806 2507 1141 2582 effudistiS,
1190 2506 1430 2582 piorum
1479 2506 1633 2567 estis
1681 2506 1892 2567 sedem
1949 2514 2008 2567 et
2059 2506 2260 2567 locum

194 2586 523 2651 consecuti.
607 2588 827 2651 Brevis
856 2606 893 2649 a
915 2597 1130 2651 natura
1159 2588 1340 2651 nobis
1372 2591 1498 2649 vita
1527 2590 1670 2653 data
1703 2597 1825 2648 θεῖε
1878 2597 1940 2648 at
1967 2588 2260 2648 memoria

194 2673 356 2731 bene
372 2670 649 2733 redditae
683 2674 843 2732 vitae
887 2672 1277 2749 sempiterna.
1365 2671 1534 2746 Quae
1565 2672 1617 2731 si
1659 2687 1780 2731 non
1813 2677 1984 2731 esset
2019 2671 2261 2744 longior

202 2770 373 2826 quam
400 2753 556 2825 haec
584 2753 737 2829 vita,
782 2755 922 2830 quis
965 2764 1133 2817 esset
1162 2764 1285 2816 tam
1325 2770 1538 2814 amens
1575 2752 1682 2829 qui
1719 2752 2002 2813 maximis
2038 2752 2259 2812 labori-

199 2836 309 2898 bus
357 2844 417 2896 et
464 2836 751 2911 periculis
802 2839 883 2898 ad
932 2856 1229 2901 summam
1284 2838 1526 2898 laudem
1578 2836 1957 2911 gloriamque
2010 2845 2260 2896 conten·

199 2921 399 2984 deret?
495 2917 597 2979 33.
653 2920 875 2981 Actum
925 2920 1107 2997 igitur
1148 2922 1466 2997 praeclare
1514 2917 1866 2991 vobiscum,
1924 2916 2260 2989 fortissimi,

202 3003 335 3062 dum
380 2999 653 3076 vixistis,
710 3021 877 3065 nunc
922 3022 1069 3067 vero
1126 3004 1306 3065 etiam
1359 3000 1730 3064 sanctissimi
1786 2999 2040 3074 militeS‚
2092 3000 2258 3076 quod
2322 3007 2333 3011 “

204 3092 398 3146 vestra
428 3086 629 3147 virtus
671 3102 877 3161 neque
917 3084 1227 3147 oblivione
1271 3102 1514 3159 eorum,
1559 3086 1664 3160 qui
1707 3098 1870 3146 nunc
1912 3092 2084 3152 sunt,
2129 3098 2248 3144 nec

206 3168 507 3229 reticentia
533 3177 931 3245 posterorum
961 3170 1207 3244 sepulta
1236 3185 1378 3231 esse
1409 3169 1666 3245 poterit,
1711 3185 1898 3243 quum
1927 3166 2108 3228 vobis
2141 3166 2248 3226 im-

206 3255 450 3315 mortale
478 3250 1078 3315 monimentum.suis
1110 3268 1313 3328 paene
1345 3252 1629 3315 manibus
1669 3260 1922 3313 senatus
1951 3254 2248 3329 populus·

210 3350 321 3410 que
358 3336 670 3397 Romanus
716 3337 1109 3397 exstruxerit.
1194 3335 1368 3397 Multi
1403 3351 1595 3411 saepe
1639 3336 1946 3398 exercitus
1982 3333 2251 3407 PuniciS,

2149 3654 2421 3739 1-ss
