2459 3817
176 113 297 182 156
642 115 723 180 m
768 117 831 180 c.
862 113 1189 176 VERREM
1219 112 1384 176 ACT.
1418 112 1489 172 11.
1521 111 1664 171 LIB.
1692 109 1772 169 V.

182 282 409 352 partem
436 268 825 334 humanitatis
851 281 1145 328 revocare
1171 263 1409 342 potuitr
1473 260 1612 324 109.
1655 259 1783 322 Sed
1817 257 1962 334 quid
1991 273 2108 336 ego
2129 255 2234 318 ho-

48 369 63 384 ·
181 356 349 434 spitii
378 355 513 416 iura
539 353 604 414 in
635 353 753 414 hac
776 347 1023 412 immani
1049 349 1231 412 belua
1265 351 1720 410 commemoro?
1785 341 1900 418 Qui
1927 340 2242 404 Sthenium

179 439 659 509 Thermitanum,
687 432 997 509 hospitem
1030 449 1238 504 suum,
1280 429 1456 492 cuius
1491 429 1740 501 domum
1769 441 1879 502 per
1909 423 2248 501 hospitium

184 517 471 581 exhausit
498 524 563 579 et
590 513 955 587 exinanivit,
996 513 1316 574 absentem
1353 508 1418 572 in
1457 524 1604 572 reos
1650 506 1980 580 rettulerit,
2025 505 2257 568 indicta

184 619 377 664 cansa
405 600 609 678 capite
636 596 969 662 damnarit:
1024 595 1103 658 ab
1129 610 1205 658 eo
1237 609 1403 658 nunc
1443 589 1852 669 hospitiorum
1887 589 2024 656 iura
2065 596 2258 668 atque

187 683 392 745 officia
420 687 831 759 quaeramus?
894 679 1041 740 Cum
1070 678 1318 740 homine
1347 679 1508 740 enim
1541 673 1776 736 crudeli
1795 673 1972 735 nobis
2011 688 2112 732 res
2154 680 2251 733 est

190 783 268 828 an
296 783 434 828 cum
464 767 593 827 fera
618 773 805 841 atque
832 760 1080 825 immani
1105 763 1330 826 belua?
1384 761 1468 822 Te
1501 757 1694 836 patris
1733 755 2022 819 lacrimae
2049 756 2128 816 de
2155 754 2245 816 in-

186 848 467 912 nocentis
492 848 602 910 filii
638 847 913 925 periculo
936 863 1060 908 non
1089 845 1446 906 movebant=
1489 858 1678 920 quum
1704 847 1938 918 patrem
1968 839 2136 901 domi
2153 853 2249 900 re-

190 933 506 1011 liquisses,
539 932 733 994 filium
752 940 955 996 tecum
980 929 1271 1003 haberes,
1307 935 1368 990 te
1408 942 1612 1003 neque
1640 939 1938 1002 praesens
1979 920 2143 986 filius
2171 921 2250 982 de

180 1017 439 1080 liberum
476 1014 741 1076 cai-itate
756 1027 979 1088 -neque
1018 1015 1252 1078 absens
1286 1019 1466 1086 pater
1501 1012 1582 1072 de
1638 1004 2010 1084 indulgentia
2054 1003 2246 1080 patria

190 1097 657 1160 commonebat?
718 1095 866 1157 110.
932 1095 1187 1158 catenas
1216 1093 1482 1156 habebat
1505 1092 1739 1168 hospes
1759 1099 1919 1166 tuus,
1951 1089 2251 1174 AristeuS‚

188 1180 463 1242 Dexonis
489 1179 671 1242 filius.
716 1177 872 1253 Quid
894 1175 976 1241 ita
992 1185 1023 1238 ἰ
1066 1177 1425 1241 Prodiderat
1445 1178 1735 1238 classem
1780 1173 1949 1251 quod
1977 1171 2056 1234 ob
2075 1188 2248 1249 prae-

184 1262 413 1323 mium?
480 1263 849 1324 Deseruerat
876 1259 1288 1340 [exercitum12
1335 1257 1482 1336 quid
1532 1259 1934 1322 Cleomenes?
1985 1257 2252 1332 Ignavus

189 1347 414 1406 fuerat:
446 1352 511 1404 at
536 1361 677 1406 eum
706 1353 772 1404 tu
798 1345 877 1405 ob
908 1343 1188 1404 virtutem
1222 1359 1454 1404 corona
1479 1350 1622 1403 ante
1647 1343 1934 1404 donatas.
1993 1337 2242 1400 Dimise-

186 1435 283 1488 rat
320 1432 568 1487 nautas=
610 1426 689 1486 ab
719 1423 999 1487 omnibus
1038 1433 1101 1486 tu
1143 1425 1491 1486 mercedem
1532 1423 1844 1486 missionis
1896 1437 2250 1498 acceperas.

186 1510 359 1570 Alter
385 1523 611 1584 parens
644 1524 725 1570 ex
750 1509 939 1570 altera
966 1517 1139 1584 parte
1162 1517 1293 1570 erat
1315 1505 1695 1569 Herbitensis
1717 1505 2040 1578 Eubulida,
2067 1505 2250 1566 homo

191 1593 356 1654 domi
386 1608 537 1653 suae
566 1594 768 1654 clarus
802 1601 865 1653 et
910 1590 1164 1653 nobilis:
1204 1589 1310 1667 qui
1338 1589 1484 1667 quia
1516 1591 1898 1652 Cleomenem
1939 1587 2001 1650 in
2041 1588 2252 1650 defen-

190 1675 393 1737 dendo
417 1674 543 1737 filio
581 1677 877 1746 laeserat,
920 1675 1121 1738 nudus
1152 1691 1354 1752 paene
1381 1683 1478 1736 est
1515 1673 1858 1736 destitutus.
1934 1670 2088 1747 Quid
2125 1678 2256 1732 erat

190 1767 393 1820 autem
425 1761 605 1835 quod·
634 1759 963 1836 quisquam
996 1759 1230 1821 diceret
1269 1767 1375 1820 aut
1414 1758 1807 1820 defenderet?
1869 1757 2253 1818 Cleomenem

190 1843 505 1903 nominare
534 1859 656 1904 non
688 1843 847 1905 licet.
908 1845 991 1906 At
1020 1859 1211 1906 causa
1241 1841 1424 1918 cogit.
1483 1839 1777 1922 Moriere,
1808 1839 1862 1901 si
1893 1837 2254 1915 appellarisx

189 1940 524 1999 numquam
576 1925 736 1986 enim
793 1925 911 1988 iste
952 1925 1240 2002 cuiquam
1281 1932 1379 1988 est
1417 1922 1803 1986 mediocriter
1829 1922 2110 1986 minatus·
2171 1923 2257 1982 At

190 2007 453 2080 remiges
495 2024 619 2068 non
666 2017 857 2070 erant.
928 2009 1276 2070 Praetorem
1319 2017 1387 2070 tu
1431 2014 1738 2070 accusas?
1795 2007 2032 2082 Frange
2061 2001 2254 2070 cervi-

192 2103 317 2182 ces.
381 2087 447 2149 Si
488 2105 692 2166 neque
731 2099 1077 2166 praetorem
1115 2107 1318 2168 neque
1361 2090 1662 2167 praetoris
1704 2091 2004 2154 aemulum
2044 2087 2252 2164 appel·

190 2173 309 2232 lari
348 2170 583 2246 licebit,
632 2190 819 2248 quum
845 2173 907 2234 in
942 2173 1039 2234 his
1069 2174 1312 2235 duobus
1357 2180 1484 2236 tota
1523 2191 1714 2236 causa
1755 2172 1863 2248 sit,
1904 2170 2054 2249 quid
2095 2173 2252 2235 futu-

188 2271 323 2316 rum
350 2262 487 2317 est?
547 2255 751 2317 XLIII.
811 2253 955 2319 111.
1010 2254 1170 2318 Dicit
1197 2258 1374 2318 etiam
1417 2273 1672 2320 causam
1703 2255 2024 2320 Heraclius
2067 2253 2250 2332 Sege-

192 2345 423 2414 stanus,
447 2339 631 2402 homo
656 2337 820 2401 domi
835 2355 986 2400 suae
1008 2338 1249 2412 nobiliS,
1273 2342 1660 2404 summoloco
1685 2350 1882 2402 natus.
1924 2339 2166 2411 Audite,
2190 2345 2260 2400 ut

192 2428 399 2482 vestra
430 2421 775 2483 humanitas
802 2424 1106 2499 postulat,
1132 2421 1398 2486 iudices:
1443 2423 1703 2487 audietis
1734 2423 1893 2486 enim
1917 2423 1995 2486 de
2017 2419 2254 2496 magnis

190 2500 595 2565 incommodis
636 2504 999 2581 iniuriisque
1045 2506 1374 2570 sociorum.
1430 2508 1608 2569 Hunc
1653 2506 1870 2570 scitote
1913 2505 2106 2570 ruisse
2133 2505 2255 2564 He·

190 2585 445 2648 raclium
469 2585 532 2647 in
563 2605 639 2650 ea
667 2605 884 2668 causa,
922 2588 1025 2666 qui
1058 2598 1314 2666 propter
1339 2607 1585 2666 gravem
1625 2591 1903 2652 morbum
1943 2591 2257 2650 oculorum

194 2685 445 2764 suorum
472 2679 597 2732 tum
628 2689 752 2734 non
780 2671 1081 2748 navigarit
1104 2681 1165 2736 et
1184 2673 1361 2736 iussu
1389 2673 1556 2748 eiu8‚
1600 2673 1705 2750 qui
1746 2680 2112 2750 potestatem
2149 2671 2256 2732 ha-

189 2751 354 2826 bult,
399 2750 463 2813 in
512 2765 857 2819 commeatu
904 2755 1231 2834 Syracusis
1283 2755 1660 2819 remanserit.
1731 2757 1794 2818 Is
1837 2765 2001 2818 certe
2051 2768 2258 2830 neque

191 2834 453 2896 classem
481 2839 748 2912 prodidit
790 2857 993 2916 neque
1022 2848 1185 2902 metu
1211 2840 1572 2916 perterritus
1609 2839 1762 2916 fugit
1786 2856 1990 2916 neque
2022 2833 2256 2900 exerci-

186 2923 316 2977 tum
359 2918 644 2982 deseruit.
698 2923 933 2984 Etenim
974 2930 1117 2984 tunc
1156 2931 1324 2986 esset
1351 2924 1471 2985 hoc
1500 2922 1766 2986 animum
1793 2918 2258 2991 advertendum,

191 3018 377 3075 quum
408 3003 629 3066 classis
658 3005 989 3085 Syracusis
1017 3004 1543 3082 proficiscebatur.
1617 3007 1676 3068 Is
1712 3015 1914 3068 tamen
1941 3005 2004 3068 in
2035 3004 2254 3066 eadem

187 3099 375 3147 causa
402 3085 532 3162 fuit,
564 3087 741 3163 quasi
771 3097 940 3152 esset
964 3088 1025 3149 in
1058 3087 1262 3168 aliquo
1296 3089 1616 3152 manifesto
1653 3091 1889 3151 scelere
1912 3088 2254 3165 deprehen-

188 3181 327 3228 sus=
357 3167 421 3230 in
456 3187 638 3246 quem
666 3187 744 3232 ne
776 3171 913 3234 falsi
944 3171 1191 3248 quidem
1216 3187 1408 3233 causa
1440 3171 1704 3234 conferri
1736 3171 2003 3232 criminis
2036 3167 2256 3246 potuit.

189 3247 327 3312 112.
386 3251 525 3320 Fuit
564 3253 627 3315 in
667 3253 788 3316 illis
830 3254 1155 3316 nauarchis
1182 3253 1597 3316 Heracliensis
1640 3253 1888 3330 quidam
1914 3252 2140 3316 Furius
2167 3285 2256 3302 —-

187 3347 327 3394 nam
372 3333 601 3400 habent
650 3335 736 3398 ilii
794 3353 917 3401 non
945 3340 1110 3400 nulla
1140 3337 1398 3400 huiusce
1431 3339 1597 3400 modi
1623 3337 1836 3400 Latina
1878 3335 2254 3402 nomina-s
