2459 3817
71 0 2439 47 —

821 183 983 270 cAP.
1013 192 1208 246 6-9,
1250 188 1303 250 s.
1332 192 1589 246 12-19.
2134 176 2217 238 69

169 332 277 409 qui
305 348 420 392 vos
452 332 530 391 de
559 331 850 405 religione
877 348 992 392 sua
1019 348 1092 391 ac
1127 332 1413 407 dignitate
1456 349 1599 393 vere
1637 332 1982 393 existimare
2024 332 2209 393 maxi-

170 432 266 475 me
293 415 506 485 vellet,
559 414 754 489 primo
786 414 936 475 dixit
965 432 1032 475 se
1061 414 1240 476 istum
1283 416 1523 490 publice
1554 417 1833 488 laudare,
1886 416 2053 489 quod
2094 414 2209 475 sibi

168 498 251 558 ita
281 496 628 557 mandatum
659 504 852 556 esset=
911 498 1129 558 deinde
1179 514 1381 572 neque
1413 514 1484 558 se
1514 498 1801 559 babuisse
1842 497 1942 557 illa
1970 499 2211 557 venalia

168 596 371 654 neque
410 580 534 639 ulla
574 577 960 651 condicione,
1007 580 1062 640 si
1101 590 1297 641 utrum
1342 582 1523 641 vellet
1554 581 1789 654 liceret,
1828 580 2051 639 adduci
2081 596 2207 641 um-

170 678 353 737 quam
383 661 658 736 potuisse
684 669 749 721 ut
777 662 1068 723 venderet
1095 662 1224 736 illa,
1276 680 1432 738 quae
1459 658 1544 723 in’
1566 662 1831 725 sacrario
1876 664 2131 723 fuissent
2172 678 2210 721 a

168 743 502 804 maioribus
559 743 688 804 suis
737 744 956 805 relicta·
987 753 1048 804 et
1089 746 1324 806 tradita.
1385 747 1541 804 Vlll.
1621 744 1721 807 17.
1798 745 1950 818 Quid
2004 748 2209 807 sedes,

167 830 442 888 Verres?
497 826 644 903 quid
683 834 1053 901 exspectas?
1097 827 1245 903 quid
1294 838 1348 888 te
1376 828 1819 903 aCenturipina
1851 826 2122 900 civitate,
2172 844 2209 887 a

168 908 504 983 Catinensi,
563 910 642 969 ab
693 909 1046 987 Halaesina,
1099 911 1533 988 Tyndaritana,
1586 910 1925 982 Hennensi,
1987 909 2205 986 Agyri—

167 994 344 1053 nensi
375 992 754 1065 caeterisque
785 990 1027 1051 Siciliae
1051 992 1393 1053 civitatibus
1424 991 1841 1053 circumveniri
1887 999 2070 1064 atque
2100 1008 2208 1063 op·-

171 1074 346 1151 primi
375 1074 572 1134 dicis?
626 1074 752 1133 Tua
785 1082 842 1133 te
883 1075 1072 1133 altera
1114 1074 1335 1150 patria,
1378 1092 1557 1150 quem
1599 1074 1678 1135 ad
1722 1074 1963 1134 modum
2007 1073 2209 1133 dicere

169 1158 448 1227 solebaS,
482 1156 765 1216 Messana
797 1155 1213 1215 circumvenite
1260 1167 1390 1230 tua,
1430 1156 1705 1232 inquam,
1738 1156 2041 1229 Messana,
2074 1163 2207 1215 tuo·

165 1256 304 1299 rum
335 1237 596 1296 adiutrix
623 1238 948 1308 scelerum,
994 1238 1304 1299 libidinum
1344 1238 1547 1309 testis,
1594 1240 1951 1313 praedarum
1985 1253 2057 1297 ac
2090 1238 2208 1297 fur·

167 1333 374 1381 torum
396 1318 714 1392 receptrix.
778 1321 970 1380 Adest
1000 1320 1157 1379 enim
1193 1320 1285 1379 vir
1323 1320 1735 1394 amplissimus
1764 1319 1899 1380 eius
1929 1318 2205 1391 civitatis,

168 1406 411 1477 legatus
441 1399 617 1460 huius
651 1401 854 1461 iudicii
883 1418 1070 1462 causa
1099 1404 1279 1463 domo
1306 1402 1563 1474 missuS,
1597 1402 1884 1477 princeps
1914 1402 2206 1463 laudatio·

170 1484 266 1549 nis
315 1490 483 1556 tuae,
528 1482 716 1557 quite
767 1484 1008 1558 publice
1047 1486 1279 1545 laudati
1320 1484 1401 1546 ita
1442 1484 1598 1545 enim
1640 1486 1983 1545 mandatum
2023 1491 2206 1559 atque

166 1568 522 1641 imperatum
565 1574 690 1625 est=
725 1565 962 1627 tametsi
1001 1575 1249 1643 rogatus
1292 1568 1370 1627 de
1412 1569 1647 1645 cybaea
1674 1567 1891 1628 tenetis
1920 1566 2205 1628 memoria

172 1648 322 1724 quid
347 1647 760 1721 responderite
789 1648 1168 1709 aedificatam
1199 1649 1457 1725 publicis
1491 1649 1727 1724 operis,
1782 1649 2024 1723 publice
2068 1666 2205 1707 coa·

171 1729 283 1790 etis
315 1729 494 1804 eique
516 1728 930 1790 aedificandae
963 1730 1202 1804 publice
1224 1732 1637 1791 Mamertinum
1668 1740 2010 1791 senatorem
2036 1746 2207 1803 prae·

171 1812 398 1873 ruisse=
441 1811 602 1872 idem
638 1812 716 1870 ad
745 1826 860 1872 vos
891 1814 1197 1887 privatim,
1237 1813 1504 1888 iudices,
1547 1812 1845 1885 confugit=
1887 1812 2069 1872 utitur
2096 1812 2201 1873 hau

171 1898 336 1967 lege,
374 1910 495 1967 qua
523 1892 806 1954 iudicium
836 1903 948 1967 est,
981 1894 1284 1955 communi
1312 1910 1453 1955 arce
1480 1894 1815 1954 sociorum=
1848 1896 2083 1954 tametsi
2112 1896 2209 1952 lex

169 1986 264 2037 est
295 1978 374 2035 de
402 1975 678 2049 pecuniis
700 1976 1086 2050 repetundis,
1131 1978 1230 2036 ille
1260 1992 1329 2036 se
1356 1983 1537 2051 negat
1566 1976 1883 2049 pecuniam
1912 1985 2205 2051 repetere,

171 2074 356 2134 quam
383 2066 652 2132 ereptam
686 2064 808 2117 non
837 2067 1002 2119 tanto
1035 2074 1220 2132 opere
1251 2058 1573 2130 desiderat,
1604 2074 1780 2118 sacra
1814 2074 1884 2119 sc
1914 2058 2205 2118 maiorum

169 2155 424 2201 suorum
451 2146 724 2213 repetere
751 2140 864 2199 abs
892 2147 950 2200 te
977 2140 1148 2201 dicit=
1195 2142 1349 2201 deos
1382 2150 1633 2216 penates
1675 2148 1735 2201 te
1772 2139 1999 2215 patrios
2029 2156 2204 2214 repo-

169 2221 307 2282 scit.
377 2219 474 2281 18.
525 2220 718 2295 Ecqui
760 2222 960 2295 pudor
992 2230 1128 2283 est?
1161 2238 1394 2298 ecquae
1433 2220 1679 2297 religio,
1722 2226 1991 2283 Verres?
2028 2220 2208 2296 ecqui

167 2308 416 2363 metus?
468 2302 761 2363 Habitasti
788 2305 956 2378 apud
982 2304 1198 2366 Heium
1233 2306 1584 2365 Messanam
1626 2321 1725 2365 res
1767 2304 1932 2365 illum
1966 2304 2206 2363 divinas

168 2385 335 2459 apud
363 2400 472 2445 eos
497 2384 646 2445 deos
670 2384 732 2443 in
763 2402 878 2447 suo
907 2388 1174 2447 sacrario
1199 2403 1395 2461 prope
1424 2385 1727 2449 cotidiano
1754 2389 1955 2447 facere
1985 2384 2208 2449 vidisti.

161 2469 297 2545 ¹Non
329 2476 603 2527 movetur
631 2466 919 2540 pecunia=
961 2468 1225 2543 denique
1266 2486 1424 2544 quae
1465 2469 1797 2531 ornamenti
1845 2484 2033 2529 causa
2082 2468 2210 2526 lue-

169 2558 336 2622 runt,
369 2564 488 2631 non
523 2548 799 2623 requirit:
831 2550 934 2610 tibi
963 2551 1121 2610 habe
1149 2550 1571 2625 Canephorosx
1605 2551 1856 2611 deorum
1886 2550 2208 2611 simulacra

166 2630 436 2691 restitue.
497 2630 662 2703 Quae
693 2630 834 2705 quia
863 2631 1040 2703 dixit,
1079 2634 1220 2707 quia
1248 2641 1521 2706 tempore
1549 2634 1689 2693 dato
1724 2634 2001 2693 modeste
2042 2632 2209 2707 apud

167 2730 280 2772 vos
323 2712 531 2773 socius
570 2712 922 2789 amicusque
955 2714 1164 2789 populi
1199 2714 1452 2775 Romani
1487 2721 1739 2789 questus
1774 2723 1897 2787 est,
1940 2714 2083 2789 quia
2114 2728 2211 2771 re-

167 2792 376 2869 ligioni
417 2810 567 2854 suae
611 2811 732 2854 non
762 2797 944 2856 modo
984 2796 1042 2855 in
1073 2796 1167 2856 dis
1197 2796 1409 2872 patriis
1439 2798 1815 2872 repetendiS,
1868 2798 1981 2857 sed
2028 2796 2207 2855 etiam

163 2875 220 2935 in
265 2876 406 2950 ipso
435 2875 777 2937 testimonio
821 2894 896 2937 ac
923 2877 1337 2939 iureiurando
1366 2879 1679 2953 proximus
1722 2878 1861 2951 fuit,
1906 2878 2207 2939 hominem

167 2956 422 3017 missum
463 2958 540 3017 ab
584 2958 700 3019 isto
739 2959 958 3020 scitote
987 2976 1128 3021 esse
1162 2960 1506 3021 Messanam
1538 2962 1616 3021 de
1650 2963 1863 3034 legatis
1892 2977 2107 3032 unum,
2140 2961 2207 3020 il-

163 3048 286 3099 lum
314 3039 552 3114 ipsum,
601 3040 704 3115 qui
751 3041 892 3100 navi
941 3041 1118 3102 istius
1167 3044 1585 3103 aedificandae
1640 3043 1879 3117 publice
1933 3042 2207 3119 praefuit,

164 3120 268 3196 qui
297 3137 336 3180 a
363 3129 584 3183 senatu
608 3131 860 3197 peteret,
895 3132 960 3184 ut
983 3124 1173 3184 Heius
1205 3126 1567 3192 adficeretur
1594 3124 1939 3199 ignominia.

327 3204 429 3263 lx.
497 3203 594 3265 19.
663 3206 862 3267 Homo
885 3204 1322 3278 amentissime,
1370 3207 1517 3281 quid
1559 3207 1823 3282 putasti?
1863 3208 2205 3282 impetratu-

159 3298 290 3347 rum
323 3293 426 3347 te?
453 3286 660 3361 quanti
688 3286 742 3349 is
765 3304 802 3347 a
827 3287 1065 3347 civibus
1095 3288 1226 3348 suis
1256 3290 1441 3363 fleret,
1476 3290 1682 3363 quanti
1716 3290 2043 3350 auctoritas
2072 3288 2207 3347 eius

161 3367 486 3430 haberetur
523 3368 850 3443 ignorabas
865 3377 896 3429 ’δ
947 3372 1174 3429 Verum
1223 3372 1319 3431 fac
1360 3380 1416 3432 te
1458 3371 1881 3445 impetravisse
1894 3416 1911 3443 ,
1962 3371 2055 3429 rac
2101 3368 2201 3429 ali-
