2459 3817
320 163 441 229 196
786 172 937 235 PRO
968 174 1174 235 REGE
1205 170 1594 235 DffloTARo
1631 160 1934 234 oRAno.
2007 256 2016 266 ι

324 330 534 379 Romam
571 325 743 376 missis
774 326 1021 390 perfidiae
1064 340 1217 375 causa
1249 325 1497 375 abductus
1531 324 1742 375 adiuvit.
1803 322 1982 388 Legati
2011 324 2168 389 regis,
2206 328 2288 387 qui
2319 328 2360 377 in

320 397 423 446 nde
472 400 851 461 permanserant
866 430 881 453 ,
920 408 1123 445 causam
1157 394 1226 445 ad
1265 394 1334 443 Μ.
1368 392 1660 443 Ciceronem
1687 391 1999 456 detulerunt,
2033 402 2254 442 veterem
2285 395 2365 444 ho·

322 466 507 530 spitem
552 475 700 525 atque
734 462 953 512 amicum
986 462 1244 523 Deiotari,
1290 462 1378 525 qui
1409 476 1526 511 eum
1555 460 1696 525 apud
1731 459 1786 509 G.
1825 459 2091 511 Caesarem
2127 462 2258 511 intra
2289 465 2364 514 do-

320 534 558 583 mesticos
594 531 813 595 parietes
846 530 943 581 hae
980 532 1109 595 ipsa,
1140 545 1270 595 quae
1303 530 1436 580 intra
1467 528 1668 594 legitur,
1707 530 1934 579 oratioue
1971 529 2211 580 defendit.

440 698 487 757 1.
524 698 581 761 1.
612 699 803 773 Quum
837 697 898 758 in
924 697 1203 759 omnibus
1239 694 1442 758 causis
1475 694 1878 773 gravioribu8‚
1909 699 1970 759 C.
2003 698 2246 773 Caesar,
2273 700 2368 761 ini·

317 783 402 845 tio
425 781 669 844 dicendi
692 782 1062 842 commoveri
1086 784 1317 843 soleam
1341 780 1777 855 vehementiuS,
1807 798 1990 857 quam
2019 782 2258 845 videtur
2283 789 2368 845 vel

318 883 473 928 usus
504 868 601 925 vel
630 873 801 925 aetas
830 880 965 925 mea
998 866 1330 939 postulare,
1361 872 1484 924 tum
1512 865 1573 924 in
1607 865 1722 924 hac
1747 880 1935 924 causa
1962 867 2044 925 ita
2071 883 2168 927 me
2196 870 2369 930 multa

318 949 700 1025 perturbant,
726 955 819 1021 ut,
851 957 1139 1023 quantum
1172 964 1309 1007 mea
1335 946 1492 1007 fides
1522 946 1707 1009 studii
1734 946 1878 1008 mihi
1913 949 2148 1010 adferat
2171 952 2255 1011 ad
2283 970 2366 1012 sa·
2444 958 2445 971 ²

316 1035 505 1094 lutem
536 1032 701 1108 regis
730 1030 998 1091 Deiotari
1054 1032 1534 1102 defendendam,
1577 1038 1805 1091 tantum
1848 1031 2151 1093 facultatis
2203 1034 2368 1095 timor
2444 1062 2445 1071 ¹

319 1117 613 1177 detrahat.
698 1114 960 1176 Primum
1005 1113 1145 1176 dico
1189 1131 1302 1190 pro
1345 1113 1545 1189 capite
1575 1113 1958 1189 fortunisque
1983 1117 2166 1189 regis,
2211 1120 2370 1192 quod
2444 1118 2445 1127 ³

316 1199 549 1275 ipsum,
591 1199 704 1258 etsi
750 1214 871 1258 non
908 1199 1181 1272 iniquum
1215 1203 1316 1259 est
1348 1196 1409 1257 in
1439 1204 1546 1257 tuo
1585 1196 1729 1257 dum
1767 1206 1932 1260 taxat
1958 1197 2261 1273 periculo,
2293 1212 2371 1262 ta·

318 1298 457 1342 men
488 1290 583 1342 est
606 1283 689 1341 ita
714 1280 1063 1341 inusitatum
1121 1296 1328 1355 regem
1356 1297 1528 1341 reum
1563 1279 1780 1355 capitis
1810 1297 1972 1355 esse,
1995 1289 2060 1342 ut
2088 1291 2228 1344 ante
2261 1284 2371 1346 hoc

318 1373 559 1438 tempus
589 1379 713 1423 non
740 1362 820 1424 sit
848 1364 1137 1424 auditum.
1193 1363 1252 1423 2.
1273 1362 1508 1423 Deinde
1531 1380 1666 1424 eum
1691 1379 1916 1439 regern,
1951 1381 2133 1439 quem
2161 1382 2372 1427 ornare

318 1456 499 1507 antea
542 1453 759 1508 cuneto
804 1463 943 1506 cum
984 1454 1201 1507 senatu
1226 1447 1499 1507 solebam
1526 1463 1640 1521 pro
1670 1446 1982 1522 perpetuis
2014 1446 2148 1509 eius
2175 1447 2241 1509 in
2269 1468 2368 1510 no·
2444 1458 2445 1469 ¹

318 1538 503 1591 stmm
536 1546 666 1592 rem
693 1528 997 1604 publicam
1024 1528 1284 1603 meritiS,
1317 1545 1479 1590 nunc
1523 1538 1735 1591 contra
1773 1530 2224 1591 atrocissimum
2265 1533 2370 1593 cri-

318 1630 456 1677 men
490 1630 680 1689 cogor
704 1613 1051 1673 defendere.
1135 1612 1392 1674 Accedit
1419 1623 1486 1674 ut
1511 1621 1936 1675 accusatorum
1964 1612 2214 1676 alterius
2245 1632 2366 1678 cru-

319 1697 582 1771 delitate,
619 1695 867 1757 alterius
899 1695 1256 1772 indignitate
1287 1696 1630 1757 conturber.
1689 1696 2007 1757 Crudelem
2046 1699 2368 1772 castorem,
2444 1704 2445 1713 ’

316 1796 395 1840 ne
427 1780 627 1842 dicam
672 1781 1029 1842 sceleratum
1059 1788 1119 1842 et
1144 1778 1427 1854 impium,
1477 1778 1582 1854 qui
1628 1795 1824 1854 nepos
1853 1797 2034 1841 avum
2067 1780 2128 1839 in
2157 1783 2364 1857 capitis

314 1862 646 1922 discrimen
702 1862 1027 1924 adduxerit
1096 1862 1673 1937 adulescentiaeque
1715 1878 1868 1924 suae
1896 1871 2190 1924 terrorem
2222 1866 2366 1925 intu-

312 1946 450 2007 lerit
471 1948 558 2020 ei,
598 1946 772 2006 cuius
816 1954 1189 2006 senectutem
1233 1944 1388 2006 tueri
1417 1953 1476 2006 et
1501 1955 1708 2020 tegere
1740 1945 2028 2020 debebat,
2072 1943 2391 2009 commem

314 2028 746 2102 dationemque
786 2027 1047 2089 ineuntis
1104 2030 1318 2090 aetatis
1359 2029 1438 2089 ab
1467 2030 1773 2104 impietate
1801 2038 1862 2089 et
1893 2031 1970 2090 ab
1999 2031 2240 2091 scelere
2273 2032 2373 2092 du·

310 2110 497 2171 xerit:
544 2110 642 2171 avi
674 2126 948 2184 servum,
997 2119 1348 2187 corruptum
1378 2112 1684 2187 praemiiS‚
1712 2112 1791 2171 ad
1821 2112 2236 2173 accusandum
2275 2117 2376 2175 do-

313 2193 539 2253 minum
562 2192 893 2268 impulerit,
940 2210 977 2253 a
1015 2195 1352 2271 legatorum
1384 2195 1644 2270 pedibus
1676 2195 2016 2256 abduxerit.
2100 2196 2163 2257 3.
2198 2196 2375 2273 Fugi-

311 2276 421 2338 tivi
450 2286 653 2338 autem
682 2275 992 2337 dominum
1022 2278 1368 2339 accusantis
1409 2288 1470 2339 et
1496 2279 1803 2340 dominum
1833 2280 2148 2340 absentem
2180 2287 2244 2339 et
2277 2283 2379 2341 do·

310 2358 537 2419 minum
560 2358 995 2422 amicissimum
1024 2370 1276 2423 nostrae
1308 2361 1398 2421 rei
1441 2363 1722 2435 publicae
1755 2380 1939 2437 quum
1970 2378 2044 2422 os
2074 2362 2379 2439 videbam,

314 2460 500 2516 quum
536 2442 725 2503 verba
752 2443 1105 2518 audiebam,
1145 2461 1269 2505 non
1311 2454 1435 2505 tam
1463 2444 1771 2508 adflictam
1801 2446 2029 2523 regiam
2064 2447 2379 2509 condicio·

309 2541 447 2584 nem
478 2526 757 2609 dolebam
788 2542 969 2602 quam
1001 2528 1079 2587 de
1115 2528 1371 2589 fortunis
1417 2531 1834 2593 communibus
1884 2530 2379 2591 extimescebam.

307 2607 457 2668 Nam
487 2626 671 2683 quum
700 2627 869 2671 more
902 2609 1193 2671 maiorum
1230 2612 1309 2673 de
1338 2628 1519 2673 servo
1553 2612 1614 2673 in
1646 2614 1954 2677 dominum
1993 2627 2072 2672 ne
2115 2620 2379 2675 tormen-

309 2691 385 2751 tis
420 2692 665 2766 quidem
701 2692 914 2769 quaeri
941 2692 1149 2769 liceat,
1184 2695 1245 2754 in
1283 2714 1406 2771 qua
1433 2699 1794 2771 quaestione
1819 2698 1996 2759 dolor
2021 2694 2252 2757 elicere
2280 2713 2380 2756 ve-

304 2790 435 2833 ram
477 2792 692 2835 vocem
740 2774 939 2852 possit
979 2776 1159 2837 etiam
1200 2779 1278 2839 ab
1320 2778 1542 2855 invite,
1588 2792 1840 2843 exortus
1877 2789 1975 2842 est
2000 2795 2225 2840 servus
2261 2782 2382 2856 qui,
2444 2784 2445 2863 l

310 2874 493 2931 quem
528 2860 587 2918 in
624 2862 835 2922 eculeo
870 2861 1183 2935 appellare
1211 2878 1336 2923 non
1368 2872 1613 2938 posset,
1653 2882 1790 2926 eum
1834 2872 2085 2925 accuset
2113 2864 2384 2925 solutus,
2444 2872 2445 2881 ²

414 2942 500 3001 Π.
528 2941 588 3003 4.
618 2943 933 3004 Perturbat
958 2960 1073 3017 me,
1107 2945 1169 3003 C.
1205 2946 1446 3021 Caesar,
1479 2948 1659 3008 etiam
1683 2949 1829 3010 illud
1859 2946 2177 3019 interdum,
2211 2948 2387 3023 quod

304 3032 504 3085 tamen
549 3042 734 3099 quum
780 3034 836 3085 te
876 3027 1119 3101 penitus
1158 3030 1520 3103 recognovi,
1563 3030 1775 3092 timere
1816 3031 2064 3092 desines
2105 3046 2174 3090 re
2221 3031 2390 3091 enim

304 3107 577 3183 iniquum
619 3118 741 3181 est,
784 3110 899 3168 sed
937 3118 1041 3169 tua
1084 3110 1386 3185 sapientia
1431 3114 1498 3173 fit
1537 3116 2088 3189 aequissimum—
2115 3130 2268 3174 nam
2301 3115 2392 3173 di·

304 3206 443 3249 cere
473 3192 637 3265 apud
666 3208 803 3251 eum
834 3191 911 3251 de
942 3194 1229 3265 facinore,
1267 3204 1480 3257 contra
1515 3196 1690 3259 cuius
1720 3198 1908 3261 vitam
1937 3196 2270 3259 consilium
2303 3198 2392 3257 fa-

305 3270 527 3331 cinoris
554 3272 744 3333 inisse
768 3290 1041 3347 arguare,
1080 3293 1268 3350 quum
1293 3294 1406 3352 per
1439 3296 1508 3340 se
1535 3280 1740 3355 ipsum
1773 3280 2152 3354 consideres,
2188 3298 2394 3357 grave

304 3360 425 3412 est:
478 3371 655 3415 nemo
697 3356 851 3415 enim
896 3358 1022 3417 fere
1066 3368 1161 3419 est
1204 3360 1310 3435 qui
1350 3361 1448 3423 sui
1493 3363 1750 3438 periculi
1788 3364 1972 3426 iudex
2004 3380 2128 3426 non
2157 3364 2292 3427 sibi
2327 3382 2402 3427 se-
2444 3372 2445 3449 l
