<?xml version="1.0" encoding="UTF-8"?>
<!DOCTYPE html PUBLIC "-//W3C//DTD XHTML 1.0 Transitional//EN"
    "http://www.w3.org/TR/xhtml1/DTD/xhtml1-transitional.dtd">
<html xmlns="http://www.w3.org/1999/xhtml" xml:lang="en" lang="en">
 <head>
  <title>
</title>
<meta http-equiv="Content-Type" content="text/html;charset=utf-8" />
  <meta name='ocr-system' content='tesseract 3.04.00' />
  <meta name='ocr-capabilities' content='ocr_page ocr_carea ocr_par ocr_line ocrx_word'/>
</head>
<body>
  <div class='ocr_page' id='page_1' title='image "./mtulliiciceroni00klotgoog_0142.png"; bbox 0 0 2459 3817; ppageno 0'>
   <div class='ocr_carea' id='block_1_1' title="bbox 824 117 2268 191">
    <p class='ocr_par' dir='ltr' id='par_1_1' title="bbox 824 117 2268 191">
     <span class='ocr_line' id='line_1_1' title="bbox 824 117 2268 191; baseline 0.011 -16"><span class='ocrx_word' id='word_1_1' title='bbox 824 117 987 176; x_wconf 84' lang='lat' dir='ltr'><strong>cAP.</strong></span> <span class='ocrx_word' id='word_1_2' title='bbox 1035 125 1295 179; x_wconf 77' lang='lat'><strong>11—13.</strong></span> <span class='ocrx_word' id='word_1_3' title='bbox 1337 123 1390 185; x_wconf 78' lang='lat' dir='ltr'><strong>s.</strong></span> <span class='ocrx_word' id='word_1_4' title='bbox 1431 127 1698 183; x_wconf 74' lang='lat'><strong>28—34.</strong></span> <span class='ocrx_word' id='word_1_5' title='bbox 2161 126 2268 191; x_wconf 83' lang='lat'><strong>131</strong></span> 
     </span>
    </p>
   </div>
   <div class='ocr_carea' id='block_1_2' title="bbox 180 262 2278 3327">
    <p class='ocr_par' dir='ltr' id='par_1_2' title="bbox 205 262 2276 843">
     <span class='ocr_line' id='line_1_2' title="bbox 214 262 2275 347; baseline 0.004 -23"><span class='ocrx_word' id='word_1_6' title='bbox 214 262 391 325; x_wconf 83' lang='lat' dir='ltr'><strong>viviis</strong></span> <span class='ocrx_word' id='word_1_7' title='bbox 426 264 851 340; x_wconf 79' lang='lat' dir='ltr'><strong>muliebribuS,</strong></span> <span class='ocrx_word' id='word_1_8' title='bbox 900 283 1021 329; x_wconf 90' lang='lat' dir='ltr'><strong>non</strong></span> <span class='ocrx_word' id='word_1_9' title='bbox 1055 268 1522 329; x_wconf 83' lang='lat' dir='ltr'><strong>offendebantur</strong></span> <span class='ocrx_word' id='word_1_10' title='bbox 1559 266 1869 345; x_wconf 88' lang='lat' dir='ltr'><strong>homines,</strong></span> <span class='ocrx_word' id='word_1_11' title='bbox 1913 285 2114 347; x_wconf 87' lang='lat' dir='ltr'><strong>neque</strong></span> <span class='ocrx_word' id='word_1_12' title='bbox 2147 287 2275 333; x_wconf 89' lang='lat' dir='ltr'><strong>mo-</strong></span> 
     </span>
     <span class='ocr_line' id='line_1_3' title="bbox 212 347 2276 427; baseline 0.002 -18"><span class='ocrx_word' id='word_1_13' title='bbox 212 349 365 409; x_wconf 85' lang='lat' dir='ltr'><strong>leste</strong></span> <span class='ocrx_word' id='word_1_14' title='bbox 394 398 401 403; x_wconf 96' lang='lat'>.</span> <span class='ocrx_word' id='word_1_15' title='bbox 427 347 697 408; x_wconf 87' lang='lat' dir='ltr'><strong>ferebant</strong></span> <span class='ocrx_word' id='word_1_16' title='bbox 720 354 947 407; x_wconf 79' lang='lat' dir='ltr'><strong>abesse</strong></span> <span class='ocrx_word' id='word_1_17' title='bbox 967 364 1010 407; x_wconf 85' lang='lat' dir='ltr'><strong>a</strong></span> <span class='ocrx_word' id='word_1_18' title='bbox 1041 352 1177 409; x_wconf 83' lang='lat' dir='ltr'><strong>foro</strong></span> <span class='ocrx_word' id='word_1_19' title='bbox 1198 351 1646 427; x_wconf 87' lang='lat' dir='ltr'><strong>magistratum,</strong></span> <span class='ocrx_word' id='word_1_20' title='bbox 1681 369 1803 414; x_wconf 91' lang='lat' dir='ltr'><strong>non</strong></span> <span class='ocrx_word' id='word_1_21' title='bbox 1833 352 1930 414; x_wconf 87' lang='lat' dir='ltr'><strong>ius</strong></span> <span class='ocrx_word' id='word_1_22' title='bbox 1961 352 2111 427; x_wconf 90' lang='lat' dir='ltr'><strong>dici,</strong></span> <span class='ocrx_word' id='word_1_23' title='bbox 2154 371 2276 415; x_wconf 89' lang='lat' dir='ltr'><strong>non</strong></span> 
     </span>
     <span class='ocr_line' id='line_1_4' title="bbox 209 429 2276 511; baseline 0.003 -20"><span class='ocrx_word' id='word_1_24' title='bbox 209 429 435 491; x_wconf 76' lang='lat' dir='ltr'><strong>iudicia</strong></span> <span class='ocrx_word' id='word_1_25' title='bbox 456 429 617 500; x_wconf 86' lang='lat' dir='ltr'><strong>fieri,</strong></span> <span class='ocrx_word' id='word_1_26' title='bbox 665 431 861 492; x_wconf 90' lang='lat' dir='ltr'><strong>locum</strong></span> <span class='ocrx_word' id='word_1_27' title='bbox 891 431 1059 493; x_wconf 90' lang='lat' dir='ltr'><strong>illum</strong></span> <span class='ocrx_word' id='word_1_28' title='bbox 1081 432 1298 495; x_wconf 88' lang='lat' dir='ltr'><strong>littoris</strong></span> <span class='ocrx_word' id='word_1_29' title='bbox 1327 451 1692 511; x_wconf 80' lang='lat' dir='ltr'><strong>percrepare</strong></span> <span class='ocrx_word' id='word_1_30' title='bbox 1733 445 1922 499; x_wconf 90' lang='lat' dir='ltr'><strong>totum</strong></span> <span class='ocrx_word' id='word_1_31' title='bbox 1957 436 2276 497; x_wconf 85' lang='lat' dir='ltr'>mulierum</span> 
     </span>
     <span class='ocr_line' id='line_1_5' title="bbox 210 514 2274 593; baseline 0.003 -20"><span class='ocrx_word' id='word_1_32' title='bbox 210 514 466 585; x_wconf 73' lang='lat' dir='ltr'><strong>vocibus</strong></span> <span class='ocrx_word' id='word_1_33' title='bbox 498 522 803 588; x_wconf 80' lang='lat' dir='ltr'><strong>cantuque</strong></span> <span class='ocrx_word' id='word_1_34' title='bbox 836 516 1278 593; x_wconf 77' lang='lat' dir='ltr'><strong>symphoniae,</strong></span> <span class='ocrx_word' id='word_1_35' title='bbox 1307 517 1369 578; x_wconf 91' lang='lat' dir='ltr'><strong>in</strong></span> <span class='ocrx_word' id='word_1_36' title='bbox 1405 520 1541 580; x_wconf 89' lang='lat' dir='ltr'><strong>foro</strong></span> <span class='ocrx_word' id='word_1_37' title='bbox 1571 518 1874 581; x_wconf 88' lang='lat' dir='ltr'><strong>silentium</strong></span> <span class='ocrx_word' id='word_1_38' title='bbox 1922 534 2066 580; x_wconf 87' lang='lat' dir='ltr'><strong>esse</strong></span> <span class='ocrx_word' id='word_1_39' title='bbox 2109 536 2274 579; x_wconf 91' lang='lat' dir='ltr'><strong>sum-</strong></span> 
     </span>
     <span class='ocr_line' id='line_1_6' title="bbox 209 598 2272 674; baseline 0 -17"><span class='ocrx_word' id='word_1_40' title='bbox 209 614 369 658; x_wconf 88' lang='lat' dir='ltr'><strong>mum</strong></span> <span class='ocrx_word' id='word_1_41' title='bbox 400 612 721 657; x_wconf 87' lang='lat' dir='ltr'><strong>causarum</strong></span> <span class='ocrx_word' id='word_1_42' title='bbox 752 605 939 673; x_wconf 88' lang='lat' dir='ltr'><strong>atque</strong></span> <span class='ocrx_word' id='word_1_43' title='bbox 965 598 1148 674; x_wconf 89' lang='lat' dir='ltr'><strong>iuris,</strong></span> <span class='ocrx_word' id='word_1_44' title='bbox 1190 617 1313 661; x_wconf 92' lang='lat' dir='ltr'><strong>non</strong></span> <span class='ocrx_word' id='word_1_45' title='bbox 1357 600 1632 663; x_wconf 87' lang='lat' dir='ltr'><strong>ferebant</strong></span> <span class='ocrx_word' id='word_1_46' title='bbox 1671 602 1949 663; x_wconf 88' lang='lat' dir='ltr'><strong>homines</strong></span> <span class='ocrx_word' id='word_1_47' title='bbox 1985 603 2272 663; x_wconf 82' lang='lat' dir='ltr'><strong>moleste=</strong></span> 
     </span>
     <span class='ocr_line' id='line_1_7' title="bbox 208 680 2272 765; baseline 0.003 -26"><span class='ocrx_word' id='word_1_48' title='bbox 208 698 331 741; x_wconf 88' lang='lat' dir='ltr'><strong>non</strong></span> <span class='ocrx_word' id='word_1_49' title='bbox 354 680 515 743; x_wconf 91' lang='lat' dir='ltr'><strong>enim</strong></span> <span class='ocrx_word' id='word_1_50' title='bbox 542 680 641 741; x_wconf 92' lang='lat' dir='ltr'><strong>ius</strong></span> <span class='ocrx_word' id='word_1_51' title='bbox 670 681 896 743; x_wconf 88' lang='lat' dir='ltr'><strong>abesse</strong></span> <span class='ocrx_word' id='word_1_52' title='bbox 928 680 1250 745; x_wconf 88' lang='lat' dir='ltr'><strong>videbatur</strong></span> <span class='ocrx_word' id='word_1_53' title='bbox 1277 700 1315 743; x_wconf 86' lang='lat' dir='ltr'><strong>a</strong></span> <span class='ocrx_word' id='word_1_54' title='bbox 1345 685 1478 745; x_wconf 90' lang='lat' dir='ltr'><strong>foro</strong></span> <span class='ocrx_word' id='word_1_55' title='bbox 1508 700 1710 765; x_wconf 83' lang='lat' dir='ltr'><strong>neque</strong></span> <span class='ocrx_word' id='word_1_56' title='bbox 1741 685 1994 758; x_wconf 88' lang='lat' dir='ltr'><strong>iudicia,</strong></span> <span class='ocrx_word' id='word_1_57' title='bbox 2025 686 2139 745; x_wconf 90' lang='lat' dir='ltr'><strong>sed</strong></span> <span class='ocrx_word' id='word_1_58' title='bbox 2175 684 2272 745; x_wconf 83' lang='lat' dir='ltr'><strong>vis</strong></span> 
     </span>
     <span class='ocr_line' id='line_1_8' title="bbox 205 763 1977 843; baseline 0.002 -20"><span class='ocrx_word' id='word_1_59' title='bbox 205 770 269 823; x_wconf 88' lang='lat' dir='ltr'><strong>et</strong></span> <span class='ocrx_word' id='word_1_60' title='bbox 297 763 623 825; x_wconf 85' lang='lat' dir='ltr'><strong>crudelitas</strong></span> <span class='ocrx_word' id='word_1_61' title='bbox 648 772 711 825; x_wconf 87' lang='lat' dir='ltr'><strong>et</strong></span> <span class='ocrx_word' id='word_1_62' title='bbox 738 764 1037 828; x_wconf 87' lang='lat' dir='ltr'><strong>bonorum</strong></span> <span class='ocrx_word' id='word_1_63' title='bbox 1066 766 1292 827; x_wconf 89' lang='lat' dir='ltr'><strong>acerba</strong></span> <span class='ocrx_word' id='word_1_64' title='bbox 1330 774 1390 827; x_wconf 96' lang='lat' dir='ltr'><strong>et</strong></span> <span class='ocrx_word' id='word_1_65' title='bbox 1417 764 1667 843; x_wconf 81' lang='lat' dir='ltr'><strong>indigna</strong></span> <span class='ocrx_word' id='word_1_66' title='bbox 1696 766 1977 842; x_wconf 81' lang='lat' dir='ltr'><strong>direptio.</strong></span> 
     </span>
    </p>

    <p class='ocr_par' dir='ltr' id='par_1_3' title="bbox 180 845 2278 3327">
     <span class='ocr_line' id='line_1_9' title="bbox 372 845 2271 923; baseline 0.001 -15"><span class='ocrx_word' id='word_1_67' title='bbox 372 845 475 908; x_wconf 83' lang='lat'><strong>32.</strong></span> <span class='ocrx_word' id='word_1_68' title='bbox 547 847 725 907; x_wconf 89' lang='lat' dir='ltr'><strong>Hunc</strong></span> <span class='ocrx_word' id='word_1_69' title='bbox 766 855 831 908; x_wconf 92' lang='lat' dir='ltr'><strong>tu</strong></span> <span class='ocrx_word' id='word_1_70' title='bbox 876 846 1057 923; x_wconf 81' lang='lat' dir='ltr'><strong>igitur</strong></span> <span class='ocrx_word' id='word_1_71' title='bbox 1106 848 1534 923; x_wconf 76' lang='lat' dir='ltr'><strong>imperatorem</strong></span> <span class='ocrx_word' id='word_1_72' title='bbox 1578 865 1720 911; x_wconf 88' lang='lat' dir='ltr'><strong>esse</strong></span> <span class='ocrx_word' id='word_1_73' title='bbox 1755 849 2036 911; x_wconf 80' lang='lat' dir='ltr'><strong>defendis</strong></span> <span class='ocrx_word' id='word_1_74' title='bbox 2057 894 2073 921; x_wconf 91' lang='lat'><strong>,</strong></span> <span class='ocrx_word' id='word_1_75' title='bbox 2117 850 2271 913; x_wconf 86' lang='lat' dir='ltr'><strong>Hor-</strong></span> 
     </span>
     <span class='ocr_line' id='line_1_10' title="bbox 203 928 2270 1007; baseline 0.002 -17"><span class='ocrx_word' id='word_1_76' title='bbox 203 928 405 990; x_wconf 75' lang='lat' dir='ltr'><strong>tensi?</strong></span> <span class='ocrx_word' id='word_1_77' title='bbox 449 929 633 989; x_wconf 89' lang='lat' dir='ltr'><strong>huius</strong></span> <span class='ocrx_word' id='word_1_78' title='bbox 665 931 861 1003; x_wconf 66' lang='lat' dir='ltr'><strong>furta,⁸</strong></span> <span class='ocrx_word' id='word_1_79' title='bbox 888 929 1167 1005; x_wconf 82' lang='lat' dir='ltr'><strong>rapinas,</strong></span> <span class='ocrx_word' id='word_1_80' title='bbox 1212 931 1636 1007; x_wconf 74' lang='lat' dir='ltr'><strong>cupiditatem,</strong></span> <span class='ocrx_word' id='word_1_81' title='bbox 1681 931 2127 1006; x_wconf 87' lang='lat' dir='ltr'><strong>crudelitatem,</strong></span> <span class='ocrx_word' id='word_1_82' title='bbox 2169 949 2270 995; x_wconf 87' lang='lat' dir='ltr'><strong>su·</strong></span> 
     </span>
     <span class='ocr_line' id='line_1_11' title="bbox 200 1012 2271 1091; baseline 0.001 -18"><span class='ocrx_word' id='word_1_83' title='bbox 200 1012 510 1087; x_wconf 80' lang='lat' dir='ltr'><strong>perbiam,</strong></span> <span class='ocrx_word' id='word_1_84' title='bbox 540 1014 779 1087; x_wconf 88' lang='lat' dir='ltr'><strong>scelus,</strong></span> <span class='ocrx_word' id='word_1_85' title='bbox 808 1012 1129 1075; x_wconf 83' lang='lat' dir='ltr'><strong>audaciam</strong></span> <span class='ocrx_word' id='word_1_86' title='bbox 1160 1030 1364 1075; x_wconf 91' lang='lat' dir='ltr'><strong>rerum</strong></span> <span class='ocrx_word' id='word_1_87' title='bbox 1395 1023 1702 1091; x_wconf 81' lang='lat' dir='ltr'><strong>gestarum</strong></span> <span class='ocrx_word' id='word_1_88' title='bbox 1729 1013 2142 1090; x_wconf 85' lang='lat' dir='ltr'><strong>magnitudine</strong></span> <span class='ocrx_word' id='word_1_89' title='bbox 2183 1022 2271 1076; x_wconf 81' lang='lat' dir='ltr'><strong>at-</strong></span> 
     </span>
     <span class='ocr_line' id='line_1_12' title="bbox 203 1094 2278 1173; baseline 0.002 -17"><span class='ocrx_word' id='word_1_90' title='bbox 203 1112 326 1171; x_wconf 89' lang='lat' dir='ltr'><strong>que</strong></span> <span class='ocrx_word' id='word_1_91' title='bbox 353 1094 759 1171; x_wconf 79' lang='lat' dir='ltr'><strong>imperatoriis</strong></span> <span class='ocrx_word' id='word_1_92' title='bbox 802 1096 1085 1157; x_wconf 82' lang='lat' dir='ltr'><strong>laudibus</strong></span> <span class='ocrx_word' id='word_1_93' title='bbox 1128 1104 1334 1173; x_wconf 80' lang='lat' dir='ltr'><strong>tegere</strong></span> <span class='ocrx_word' id='word_1_94' title='bbox 1379 1096 1668 1159; x_wconf 69' lang='lat' dir='ltr'><strong>conaris?</strong></span> <span class='ocrx_word' id='word_1_95' title='bbox 1729 1095 1843 1157; x_wconf 91' lang='lat' dir='ltr'><strong>Hic</strong></span> <span class='ocrx_word' id='word_1_96' title='bbox 1896 1096 2130 1159; x_wconf 87' lang='lat' dir='ltr'><strong>scilicet</strong></span> <span class='ocrx_word' id='word_1_97' title='bbox 2177 1104 2278 1161; x_wconf 86' lang='lat' dir='ltr'><strong>est</strong></span> 
     </span>
     <span class='ocr_line' id='line_1_13' title="bbox 200 1177 2270 1251; baseline 0.002 -14"><span class='ocrx_word' id='word_1_98' title='bbox 200 1178 595 1239; x_wconf 88' lang='lat' dir='ltr'><strong>metuendum</strong></span> <span class='ocrx_word' id='word_1_99' title='bbox 626 1192 704 1235; x_wconf 90' lang='lat' dir='ltr'><strong>ne</strong></span> <span class='ocrx_word' id='word_1_100' title='bbox 742 1178 823 1237; x_wconf 89' lang='lat' dir='ltr'><strong>ad</strong></span> <span class='ocrx_word' id='word_1_101' title='bbox 854 1177 1081 1239; x_wconf 85' lang='lat' dir='ltr'><strong>exitum</strong></span> <span class='ocrx_word' id='word_1_102' title='bbox 1118 1178 1498 1241; x_wconf 85' lang='lat' dir='ltr'><strong>defensionis</strong></span> <span class='ocrx_word' id='word_1_103' title='bbox 1539 1188 1679 1241; x_wconf 88' lang='lat' dir='ltr'><strong>tuae</strong></span> <span class='ocrx_word' id='word_1_104' title='bbox 1721 1188 1900 1251; x_wconf 80' lang='lat' dir='ltr'><strong>vetus</strong></span> <span class='ocrx_word' id='word_1_105' title='bbox 1941 1179 2044 1241; x_wconf 90' lang='lat' dir='ltr'><strong>illa</strong></span> <span class='ocrx_word' id='word_1_106' title='bbox 2081 1180 2270 1241; x_wconf 83' lang='lat' dir='ltr'><strong>Anto·</strong></span> 
     </span>
     <span class='ocr_line' id='line_1_14' title="bbox 200 1256 2272 1339; baseline 0.002 -20"><span class='ocrx_word' id='word_1_107' title='bbox 200 1258 387 1319; x_wconf 86' lang='lat' dir='ltr'><strong>niana</strong></span> <span class='ocrx_word' id='word_1_108' title='bbox 416 1256 661 1319; x_wconf 90' lang='lat' dir='ltr'><strong>dicendi</strong></span> <span class='ocrx_word' id='word_1_109' title='bbox 690 1256 843 1322; x_wconf 85' lang='lat' dir='ltr'><strong>ratio</strong></span> <span class='ocrx_word' id='word_1_110' title='bbox 868 1267 1054 1335; x_wconf 81' lang='lat' dir='ltr'><strong>atque</strong></span> <span class='ocrx_word' id='word_1_111' title='bbox 1084 1260 1414 1323; x_wconf 79' lang='lat' dir='ltr'><strong>auctoritas</strong></span> <span class='ocrx_word' id='word_1_112' title='bbox 1455 1264 1828 1339; x_wconf 88' lang='lat' dir='ltr'><strong>proferatur,</strong></span> <span class='ocrx_word' id='word_1_113' title='bbox 1869 1279 1949 1325; x_wconf 88' lang='lat' dir='ltr'><strong>ne</strong></span> <span class='ocrx_word' id='word_1_114' title='bbox 1974 1260 2272 1324; x_wconf 84' lang='lat' dir='ltr'><strong>excitetur</strong></span> 
     </span>
     <span class='ocr_line' id='line_1_15' title="bbox 202 1341 2240 1423; baseline 0.001 -21"><span class='ocrx_word' id='word_1_115' title='bbox 202 1344 461 1414; x_wconf 85' lang='lat' dir='ltr'><strong>Verres,</strong></span> <span class='ocrx_word' id='word_1_116' title='bbox 494 1358 571 1401; x_wconf 90' lang='lat' dir='ltr'><strong>ne</strong></span> <span class='ocrx_word' id='word_1_117' title='bbox 600 1341 945 1405; x_wconf 88' lang='lat' dir='ltr'><strong>denudetur</strong></span> <span class='ocrx_word' id='word_1_118' title='bbox 970 1360 1007 1403; x_wconf 84' lang='lat' dir='ltr'><strong>a</strong></span> <span class='ocrx_word' id='word_1_119' title='bbox 1050 1350 1328 1419; x_wconf 87' lang='lat' dir='ltr'><strong>pectore,</strong></span> <span class='ocrx_word' id='word_1_120' title='bbox 1374 1361 1452 1405; x_wconf 90' lang='lat' dir='ltr'><strong>ne</strong></span> <span class='ocrx_word' id='word_1_121' title='bbox 1491 1343 1808 1407; x_wconf 83' lang='lat' dir='ltr'><strong>cicatrices</strong></span> <span class='ocrx_word' id='word_1_122' title='bbox 1849 1346 2118 1423; x_wconf 88' lang='lat' dir='ltr'><strong>populus</strong></span> <span class='ocrx_word' id='word_1_123' title='bbox 2146 1345 2240 1405; x_wconf 87' lang='lat' dir='ltr'><strong>Ro</strong></span> 
     </span>
     <span class='ocr_line' id='line_1_16' title="bbox 198 1422 2268 1505; baseline 0.001 -20"><span class='ocrx_word' id='word_1_124' title='bbox 198 1440 419 1485; x_wconf 87' lang='lat' dir='ltr'><strong>manus</strong></span> <span class='ocrx_word' id='word_1_125' title='bbox 448 1422 739 1501; x_wconf 87' lang='lat' dir='ltr'><strong>aspiciat,</strong></span> <span class='ocrx_word' id='word_1_126' title='bbox 777 1441 856 1485; x_wconf 88' lang='lat' dir='ltr'><strong>ex</strong></span> <span class='ocrx_word' id='word_1_127' title='bbox 882 1424 1201 1489; x_wconf 82' lang='lat' dir='ltr'><strong>mulierum</strong></span> <span class='ocrx_word' id='word_1_128' title='bbox 1230 1443 1439 1489; x_wconf 90' lang='lat' dir='ltr'><strong>morsu</strong></span> <span class='ocrx_word' id='word_1_129' title='bbox 1475 1427 1732 1505; x_wconf 79' lang='lat' dir='ltr'><strong>vestigia</strong></span> <span class='ocrx_word' id='word_1_130' title='bbox 1769 1427 2039 1489; x_wconf 84' lang='lat' dir='ltr'><strong>libidinis</strong></span> <span class='ocrx_word' id='word_1_131' title='bbox 2083 1437 2268 1504; x_wconf 88' lang='lat' dir='ltr'><strong>atque</strong></span> 
     </span>
     <span class='ocr_line' id='line_1_17' title="bbox 196 1505 2265 1585; baseline 0.002 -18"><span class='ocrx_word' id='word_1_132' title='bbox 196 1506 524 1581; x_wconf 85' lang='lat' dir='ltr'><strong>nequitiae.</strong></span> <span class='ocrx_word' id='word_1_133' title='bbox 586 1505 687 1569; x_wconf 88' lang='lat'><strong>33.</strong></span> <span class='ocrx_word' id='word_1_134' title='bbox 752 1505 827 1569; x_wconf 93' lang='lat' dir='ltr'><strong>Di</strong></span> <span class='ocrx_word' id='word_1_135' title='bbox 867 1507 1092 1570; x_wconf 86' lang='lat' dir='ltr'><strong>faciant</strong></span> <span class='ocrx_word' id='word_1_136' title='bbox 1131 1517 1196 1571; x_wconf 92' lang='lat' dir='ltr'><strong>ut</strong></span> <span class='ocrx_word' id='word_1_137' title='bbox 1233 1509 1324 1572; x_wconf 86' lang='lat' dir='ltr'><strong>rei</strong></span> <span class='ocrx_word' id='word_1_138' title='bbox 1363 1509 1665 1585; x_wconf 86' lang='lat' dir='ltr'><strong>militaris,</strong></span> <span class='ocrx_word' id='word_1_139' title='bbox 1717 1518 1785 1573; x_wconf 89' lang='lat' dir='ltr'><strong>ut</strong></span> <span class='ocrx_word' id='word_1_140' title='bbox 1827 1510 1972 1573; x_wconf 89' lang='lat' dir='ltr'><strong>belli</strong></span> <span class='ocrx_word' id='word_1_141' title='bbox 2011 1510 2265 1573; x_wconf 88' lang='lat' dir='ltr'><strong>mentio-</strong></span> 
     </span>
     <span class='ocr_line' id='line_1_18' title="bbox 198 1590 2268 1667; baseline 0.001 -18"><span class='ocrx_word' id='word_1_142' title='bbox 198 1605 336 1650; x_wconf 87' lang='lat' dir='ltr'><strong>nem</strong></span> <span class='ocrx_word' id='word_1_143' title='bbox 366 1592 569 1651; x_wconf 87' lang='lat' dir='ltr'><strong>facere</strong></span> <span class='ocrx_word' id='word_1_144' title='bbox 608 1590 875 1651; x_wconf 79' lang='lat' dir='ltr'><strong>audeas!</strong></span> <span class='ocrx_word' id='word_1_145' title='bbox 945 1590 1408 1667; x_wconf 83' lang='lat' dir='ltr'><strong>cognoscentur</strong></span> <span class='ocrx_word' id='word_1_146' title='bbox 1447 1596 1606 1655; x_wconf 88' lang='lat' dir='ltr'><strong>enim</strong></span> <span class='ocrx_word' id='word_1_147' title='bbox 1654 1594 1860 1655; x_wconf 85' lang='lat' dir='ltr'><strong>omnia</strong></span> <span class='ocrx_word' id='word_1_148' title='bbox 1900 1594 2075 1655; x_wconf 87' lang='lat' dir='ltr'><strong>istius</strong></span> <span class='ocrx_word' id='word_1_149' title='bbox 2122 1608 2268 1653; x_wconf 88' lang='lat' dir='ltr'><strong>aera</strong></span> 
     </span>
     <span class='ocr_line' id='line_1_19' title="bbox 194 1672 2261 1751; baseline -0 -17"><span class='ocrx_word' id='word_1_150' title='bbox 194 1672 299 1734; x_wconf 91' lang='lat' dir='ltr'><strong>illa</strong></span> <span class='ocrx_word' id='word_1_151' title='bbox 324 1681 563 1745; x_wconf 81' lang='lat' dir='ltr'><strong>vetera,</strong></span> <span class='ocrx_word' id='word_1_152' title='bbox 608 1681 675 1735; x_wconf 87' lang='lat' dir='ltr'><strong>ut</strong></span> <span class='ocrx_word' id='word_1_153' title='bbox 700 1690 823 1734; x_wconf 88' lang='lat' dir='ltr'><strong>non</strong></span> <span class='ocrx_word' id='word_1_154' title='bbox 852 1675 1049 1735; x_wconf 87' lang='lat' dir='ltr'><strong>solum</strong></span> <span class='ocrx_word' id='word_1_155' title='bbox 1085 1674 1147 1735; x_wconf 90' lang='lat' dir='ltr'><strong>in</strong></span> <span class='ocrx_word' id='word_1_156' title='bbox 1176 1674 1462 1751; x_wconf 90' lang='lat' dir='ltr'><strong>imperio,</strong></span> <span class='ocrx_word' id='word_1_157' title='bbox 1489 1694 1701 1737; x_wconf 86' lang='lat' dir='ltr'><strong>verum</strong></span> <span class='ocrx_word' id='word_1_158' title='bbox 1731 1676 1911 1738; x_wconf 85' lang='lat' dir='ltr'><strong>etiam</strong></span> <span class='ocrx_word' id='word_1_159' title='bbox 1941 1676 2000 1735; x_wconf 91' lang='lat' dir='ltr'><strong>in</strong></span> <span class='ocrx_word' id='word_1_160' title='bbox 2037 1674 2261 1751; x_wconf 87' lang='lat' dir='ltr'><strong>stipen-</strong></span> 
     </span>
     <span class='ocr_line' id='line_1_20' title="bbox 194 1753 2264 1833; baseline -0 -17"><span class='ocrx_word' id='word_1_161' title='bbox 194 1755 315 1820; x_wconf 89' lang='lat' dir='ltr'><strong>diis</strong></span> <span class='ocrx_word' id='word_1_162' title='bbox 346 1754 545 1831; x_wconf 86' lang='lat' dir='ltr'><strong>qualis</strong></span> <span class='ocrx_word' id='word_1_163' title='bbox 577 1755 755 1816; x_wconf 83' lang='lat' dir='ltr'><strong>ruerit</strong></span> <span class='ocrx_word' id='word_1_164' title='bbox 784 1756 1156 1833; x_wconf 83' lang='lat' dir='ltr'><strong>intelligatis.</strong></span> <span class='ocrx_word' id='word_1_165' title='bbox 1216 1758 1634 1819; x_wconf 84' lang='lat' dir='ltr'><strong>Renovabitur</strong></span> <span class='ocrx_word' id='word_1_166' title='bbox 1665 1758 1858 1833; x_wconf 88' lang='lat' dir='ltr'><strong>prima</strong></span> <span class='ocrx_word' id='word_1_167' title='bbox 1891 1759 1992 1817; x_wconf 91' lang='lat' dir='ltr'><strong>illa</strong></span> <span class='ocrx_word' id='word_1_168' title='bbox 2037 1753 2264 1825; x_wconf 88' lang='lat' dir='ltr'><strong>militia,</strong></span> 
     </span>
     <span class='ocr_line' id='line_1_21' title="bbox 196 1836 2268 1916; baseline -0 -17"><span class='ocrx_word' id='word_1_169' title='bbox 196 1856 383 1915; x_wconf 85' lang='lat' dir='ltr'><strong>quum</strong></span> <span class='ocrx_word' id='word_1_170' title='bbox 426 1837 543 1899; x_wconf 89' lang='lat' dir='ltr'><strong>iste</strong></span> <span class='ocrx_word' id='word_1_171' title='bbox 596 1855 631 1899; x_wconf 90' lang='lat' dir='ltr'><strong>e</strong></span> <span class='ocrx_word' id='word_1_172' title='bbox 673 1840 806 1899; x_wconf 90' lang='lat' dir='ltr'><strong>foro</strong></span> <span class='ocrx_word' id='word_1_173' title='bbox 838 1840 1095 1912; x_wconf 87' lang='lat' dir='ltr'><strong>abduci,</strong></span> <span class='ocrx_word' id='word_1_174' title='bbox 1148 1857 1303 1914; x_wconf 89' lang='lat' dir='ltr'><strong>non,</strong></span> <span class='ocrx_word' id='word_1_175' title='bbox 1356 1848 1424 1901; x_wconf 92' lang='lat' dir='ltr'><strong>ut</strong></span> <span class='ocrx_word' id='word_1_176' title='bbox 1450 1839 1588 1915; x_wconf 89' lang='lat' dir='ltr'><strong>ipse</strong></span> <span class='ocrx_word' id='word_1_177' title='bbox 1618 1838 1964 1916; x_wconf 88' lang='lat' dir='ltr'><strong>praedicat,</strong></span> <span class='ocrx_word' id='word_1_178' title='bbox 2012 1836 2268 1915; x_wconf 91' lang='lat' dir='ltr'><strong>perduci</strong></span> 
     </span>
     <span class='ocr_line' id='line_1_22' title="bbox 192 1919 2263 1995; baseline 0 -14"><span class='ocrx_word' id='word_1_179' title='bbox 192 1922 461 1982; x_wconf 84' lang='lat' dir='ltr'><strong>solebat=</strong></span> <span class='ocrx_word' id='word_1_180' title='bbox 514 1919 805 1983; x_wconf 85' lang='lat' dir='ltr'><strong>aleatoris</strong></span> <span class='ocrx_word' id='word_1_181' title='bbox 842 1920 1176 1982; x_wconf 89' lang='lat' dir='ltr'><strong>Placentini</strong></span> <span class='ocrx_word' id='word_1_182' title='bbox 1218 1929 1421 1983; x_wconf 85' lang='lat' dir='ltr'><strong>castra</strong></span> <span class='ocrx_word' id='word_1_183' title='bbox 1478 1923 2146 1995; x_wconf 88' lang='lat' dir='ltr'><strong>commemorabuntur,</strong></span> <span class='ocrx_word' id='word_1_184' title='bbox 2200 1919 2263 1981; x_wconf 89' lang='lat' dir='ltr'><strong>in</strong></span> 
     </span>
     <span class='ocr_line' id='line_1_23' title="bbox 194 2003 2266 2081; baseline 0.001 -16"><span class='ocrx_word' id='word_1_185' title='bbox 194 2003 418 2081; x_wconf 81' lang='lat' dir='ltr'><strong>quibus</strong></span> <span class='ocrx_word' id='word_1_186' title='bbox 450 2020 639 2079; x_wconf 88' lang='lat' dir='ltr'><strong>quum</strong></span> <span class='ocrx_word' id='word_1_187' title='bbox 668 2005 963 2079; x_wconf 80' lang='lat' dir='ltr'><strong>frequens</strong></span> <span class='ocrx_word' id='word_1_188' title='bbox 992 2004 1225 2075; x_wconf 83' lang='lat' dir='ltr'><strong>fuisset,</strong></span> <span class='ocrx_word' id='word_1_189' title='bbox 1263 2012 1456 2065; x_wconf 87' lang='lat' dir='ltr'><strong>tamen</strong></span> <span class='ocrx_word' id='word_1_190' title='bbox 1487 2022 1631 2067; x_wconf 86' lang='lat' dir='ltr'><strong>aere</strong></span> <span class='ocrx_word' id='word_1_191' title='bbox 1659 2004 1893 2067; x_wconf 88' lang='lat' dir='ltr'><strong>dirutus</strong></span> <span class='ocrx_word' id='word_1_192' title='bbox 1925 2014 2048 2067; x_wconf 85' lang='lat' dir='ltr'><strong>est=</strong></span> <span class='ocrx_word' id='word_1_193' title='bbox 2080 2005 2266 2067; x_wconf 79' lang='lat' dir='ltr'><strong>multa</strong></span> 
     </span>
     <span class='ocr_line' id='line_1_24' title="bbox 191 2085 2264 2164; baseline 0 -16"><span class='ocrx_word' id='word_1_194' title='bbox 191 2088 327 2148; x_wconf 90' lang='lat' dir='ltr'><strong>eius</strong></span> <span class='ocrx_word' id='word_1_195' title='bbox 366 2086 427 2147; x_wconf 90' lang='lat' dir='ltr'><strong>in</strong></span> <span class='ocrx_word' id='word_1_196' title='bbox 469 2085 796 2163; x_wconf 87' lang='lat' dir='ltr'><strong>stipendiis</strong></span> <span class='ocrx_word' id='word_1_197' title='bbox 839 2088 1063 2150; x_wconf 85' lang='lat' dir='ltr'><strong>damna</strong></span> <span class='ocrx_word' id='word_1_198' title='bbox 1102 2088 1517 2164; x_wconf 77' lang='lat' dir='ltr'><strong>proferentur,</strong></span> <span class='ocrx_word' id='word_1_199' title='bbox 1564 2105 1722 2163; x_wconf 91' lang='lat' dir='ltr'><strong>quae</strong></span> <span class='ocrx_word' id='word_1_200' title='bbox 1766 2089 1842 2149; x_wconf 88' lang='lat' dir='ltr'><strong>ab</strong></span> <span class='ocrx_word' id='word_1_201' title='bbox 1885 2088 2002 2151; x_wconf 88' lang='lat' dir='ltr'><strong>isto</strong></span> <span class='ocrx_word' id='word_1_202' title='bbox 2045 2087 2264 2149; x_wconf 85' lang='lat' dir='ltr'><strong>aetatis</strong></span> 
     </span>
     <span class='ocr_line' id='line_1_25' title="bbox 191 2168 2264 2247; baseline -0 -16"><span class='ocrx_word' id='word_1_203' title='bbox 191 2171 394 2232; x_wconf 83' lang='lat' dir='ltr'><strong>fructu</strong></span> <span class='ocrx_word' id='word_1_204' title='bbox 434 2168 735 2232; x_wconf 85' lang='lat' dir='ltr'><strong>dissoluta</strong></span> <span class='ocrx_word' id='word_1_205' title='bbox 762 2178 825 2233; x_wconf 89' lang='lat' dir='ltr'><strong>et</strong></span> <span class='ocrx_word' id='word_1_206' title='bbox 857 2180 1258 2247; x_wconf 86' lang='lat' dir='ltr'><strong>compensata</strong></span> <span class='ocrx_word' id='word_1_207' title='bbox 1288 2178 1447 2235; x_wconf 90' lang='lat' dir='ltr'><strong>sunt.</strong></span> <span class='ocrx_word' id='word_1_208' title='bbox 1510 2169 1616 2233; x_wconf 85' lang='lat'><strong>34.</strong></span> <span class='ocrx_word' id='word_1_209' title='bbox 1675 2172 1800 2233; x_wconf 88' lang='lat' dir='ltr'><strong>Iam</strong></span> <span class='ocrx_word' id='word_1_210' title='bbox 1844 2189 2022 2244; x_wconf 84' lang='lat' dir='ltr'><strong>vero,</strong></span> <span class='ocrx_word' id='word_1_211' title='bbox 2075 2188 2264 2246; x_wconf 86' lang='lat' dir='ltr'><strong>quum</strong></span> 
     </span>
     <span class='ocr_line' id='line_1_26' title="bbox 189 2251 2264 2329; baseline 0 -15"><span class='ocrx_word' id='word_1_212' title='bbox 189 2271 252 2314; x_wconf 84' lang='lat' dir='ltr'><strong>m</strong></span> <span class='ocrx_word' id='word_1_213' title='bbox 282 2251 419 2313; x_wconf 87' lang='lat' dir='ltr'><strong>eius</strong></span> <span class='ocrx_word' id='word_1_214' title='bbox 448 2251 615 2313; x_wconf 87' lang='lat' dir='ltr'><strong>modi</strong></span> <span class='ocrx_word' id='word_1_215' title='bbox 646 2251 939 2329; x_wconf 88' lang='lat' dir='ltr'><strong>patientia</strong></span> <span class='ocrx_word' id='word_1_216' title='bbox 967 2252 1357 2329; x_wconf 83' lang='lat' dir='ltr'><strong>turpitudinis</strong></span> <span class='ocrx_word' id='word_1_217' title='bbox 1387 2253 1618 2329; x_wconf 81' lang='lat' dir='ltr'><strong>aliena,</strong></span> <span class='ocrx_word' id='word_1_218' title='bbox 1659 2273 1783 2317; x_wconf 89' lang='lat' dir='ltr'><strong>non</strong></span> <span class='ocrx_word' id='word_1_219' title='bbox 1828 2272 1942 2316; x_wconf 89' lang='lat' dir='ltr'><strong>sua</strong></span> <span class='ocrx_word' id='word_1_220' title='bbox 1983 2252 2264 2315; x_wconf 87' lang='lat' dir='ltr'><strong>satietate</strong></span> 
     </span>
     <span class='ocr_line' id='line_1_27' title="bbox 191 2334 2264 2413; baseline 0 -16"><span class='ocrx_word' id='word_1_221' title='bbox 191 2334 619 2408; x_wconf 86' lang='lat' dir='ltr'><strong>obduruisset,</strong></span> <span class='ocrx_word' id='word_1_222' title='bbox 670 2336 776 2411; x_wconf 86' lang='lat' dir='ltr'><strong>qui</strong></span> <span class='ocrx_word' id='word_1_223' title='bbox 816 2338 909 2398; x_wconf 89' lang='lat' dir='ltr'><strong>vir</strong></span> <span class='ocrx_word' id='word_1_224' title='bbox 948 2336 1156 2408; x_wconf 86' lang='lat' dir='ltr'><strong>fuerit,</strong></span> <span class='ocrx_word' id='word_1_225' title='bbox 1210 2344 1361 2412; x_wconf 89' lang='lat' dir='ltr'><strong>quot</strong></span> <span class='ocrx_word' id='word_1_226' title='bbox 1407 2336 1744 2413; x_wconf 86' lang='lat' dir='ltr'><strong>praesidia,</strong></span> <span class='ocrx_word' id='word_1_227' title='bbox 1799 2354 1980 2413; x_wconf 90' lang='lat' dir='ltr'><strong>quam</strong></span> <span class='ocrx_word' id='word_1_228' title='bbox 2034 2334 2264 2397; x_wconf 89' lang='lat' dir='ltr'><strong>munita</strong></span> 
     </span>
     <span class='ocr_line' id='line_1_28' title="bbox 186 2416 2263 2499; baseline 0 -18"><span class='ocrx_word' id='word_1_229' title='bbox 186 2417 446 2496; x_wconf 84' lang='lat' dir='ltr'><strong>pudoris</strong></span> <span class='ocrx_word' id='word_1_230' title='bbox 497 2427 559 2480; x_wconf 91' lang='lat' dir='ltr'><strong>et</strong></span> <span class='ocrx_word' id='word_1_231' title='bbox 597 2418 927 2494; x_wconf 78' lang='lat' dir='ltr'><strong>pudicitiae</strong></span> <span class='ocrx_word' id='word_1_232' title='bbox 968 2421 1030 2479; x_wconf 93' lang='lat' dir='ltr'><strong>vi</strong></span> <span class='ocrx_word' id='word_1_233' title='bbox 1075 2428 1137 2481; x_wconf 93' lang='lat' dir='ltr'><strong>et</strong></span> <span class='ocrx_word' id='word_1_234' title='bbox 1178 2418 1438 2481; x_wconf 87' lang='lat' dir='ltr'><strong>audacia</strong></span> <span class='ocrx_word' id='word_1_235' title='bbox 1479 2419 1708 2496; x_wconf 89' lang='lat' dir='ltr'><strong>ceperit</strong></span> <span class='ocrx_word' id='word_1_236' title='bbox 1740 2420 1887 2499; x_wconf 89' lang='lat' dir='ltr'><strong>quid</strong></span> <span class='ocrx_word' id='word_1_237' title='bbox 1916 2436 2012 2480; x_wconf 91' lang='lat' dir='ltr'><strong>me</strong></span> <span class='ocrx_word' id='word_1_238' title='bbox 2053 2416 2263 2481; x_wconf 82' lang='lat' dir='ltr'><strong>attinet</strong></span> 
     </span>
     <span class='ocr_line' id='line_1_29' title="bbox 187 2500 2263 2581; baseline -0 -18"><span class='ocrx_word' id='word_1_239' title='bbox 187 2500 399 2563; x_wconf 84' lang='lat' dir='ltr'><strong>dicere</strong></span> <span class='ocrx_word' id='word_1_240' title='bbox 416 2518 495 2563; x_wconf 88' lang='lat' dir='ltr'><strong>ac</strong></span> <span class='ocrx_word' id='word_1_241' title='bbox 516 2500 891 2579; x_wconf 81' lang='lat' dir='ltr'><strong>coniungere</strong></span> <span class='ocrx_word' id='word_1_242' title='bbox 921 2519 1059 2571; x_wconf 88' lang='lat' dir='ltr'><strong>cum</strong></span> <span class='ocrx_word' id='word_1_243' title='bbox 1087 2500 1266 2563; x_wconf 87' lang='lat' dir='ltr'><strong>istius</strong></span> <span class='ocrx_word' id='word_1_244' title='bbox 1297 2502 1524 2579; x_wconf 77' lang='lat' dir='ltr'><strong>flagitio</strong></span> <span class='ocrx_word' id='word_1_245' title='bbox 1559 2503 1922 2581; x_wconf 88' lang='lat' dir='ltr'><strong>cuiusquam</strong></span> <span class='ocrx_word' id='word_1_246' title='bbox 1945 2511 2263 2579; x_wconf 88' lang='lat' dir='ltr'><strong>praeterea</strong></span> 
     </span>
     <span class='ocr_line' id='line_1_30' title="bbox 187 2584 2258 2661; baseline 0 -15"><span class='ocrx_word' id='word_1_247' title='bbox 187 2585 508 2647; x_wconf 70' lang='lat' dir='ltr'><strong>dedecus?</strong></span> <span class='ocrx_word' id='word_1_248' title='bbox 566 2584 701 2646; x_wconf 83' lang='lat' dir='ltr'><strong>Non</strong></span> <span class='ocrx_word' id='word_1_249' title='bbox 745 2585 999 2660; x_wconf 87' lang='lat' dir='ltr'><strong>faciam,</strong></span> <span class='ocrx_word' id='word_1_250' title='bbox 1046 2586 1317 2647; x_wconf 84' lang='lat' dir='ltr'><strong>iudices=</strong></span> <span class='ocrx_word' id='word_1_251' title='bbox 1373 2586 1577 2647; x_wconf 91' lang='lat' dir='ltr'><strong>omnia</strong></span> <span class='ocrx_word' id='word_1_252' title='bbox 1631 2595 1840 2647; x_wconf 85' lang='lat' dir='ltr'><strong>vetera</strong></span> <span class='ocrx_word' id='word_1_253' title='bbox 1888 2585 2258 2661; x_wconf 87' lang='lat' dir='ltr'><strong>praetermit-</strong></span> 
     </span>
     <span class='ocr_line' id='line_1_31' title="bbox 186 2668 2260 2745; baseline -0.001 -14"><span class='ocrx_word' id='word_1_254' title='bbox 186 2678 337 2731; x_wconf 78' lang='lat' dir='ltr'><strong>tam:</strong></span> <span class='ocrx_word' id='word_1_255' title='bbox 383 2669 507 2729; x_wconf 90' lang='lat' dir='ltr'><strong>duo</strong></span> <span class='ocrx_word' id='word_1_256' title='bbox 555 2668 689 2729; x_wconf 86' lang='lat' dir='ltr'><strong>sola</strong></span> <span class='ocrx_word' id='word_1_257' title='bbox 717 2668 989 2730; x_wconf 88' lang='lat' dir='ltr'><strong>recentia</strong></span> <span class='ocrx_word' id='word_1_258' title='bbox 1019 2668 1153 2731; x_wconf 88' lang='lat' dir='ltr'><strong>sine</strong></span> <span class='ocrx_word' id='word_1_259' title='bbox 1184 2668 1548 2745; x_wconf 86' lang='lat' dir='ltr'><strong>cuiusquam</strong></span> <span class='ocrx_word' id='word_1_260' title='bbox 1585 2668 1835 2729; x_wconf 86' lang='lat' dir='ltr'><strong>infamia</strong></span> <span class='ocrx_word' id='word_1_261' title='bbox 1877 2686 2136 2745; x_wconf 89' lang='lat' dir='ltr'><strong>ponam,</strong></span> <span class='ocrx_word' id='word_1_262' title='bbox 2178 2684 2260 2728; x_wconf 84' lang='lat' dir='ltr'><strong>ex</strong></span> 
     </span>
     <span class='ocr_line' id='line_1_32' title="bbox 185 2749 2257 2829; baseline -0.001 -16"><span class='ocrx_word' id='word_1_263' title='bbox 185 2750 413 2829; x_wconf 87' lang='lat' dir='ltr'><strong>quibus</strong></span> <span class='ocrx_word' id='word_1_264' title='bbox 444 2749 856 2813; x_wconf 88' lang='lat' dir='ltr'><strong>coniecturam</strong></span> <span class='ocrx_word' id='word_1_265' title='bbox 888 2754 1091 2813; x_wconf 85' lang='lat' dir='ltr'><strong>facere</strong></span> <span class='ocrx_word' id='word_1_266' title='bbox 1120 2752 1200 2813; x_wconf 88' lang='lat' dir='ltr'><strong>de</strong></span> <span class='ocrx_word' id='word_1_267' title='bbox 1230 2750 1512 2814; x_wconf 85' lang='lat' dir='ltr'><strong>omnibus</strong></span> <span class='ocrx_word' id='word_1_268' title='bbox 1541 2750 1823 2829; x_wconf 79' lang='lat' dir='ltr'><strong>possitis=</strong></span> <span class='ocrx_word' id='word_1_269' title='bbox 1860 2769 2047 2813; x_wconf 91' lang='lat' dir='ltr'><strong>unum</strong></span> <span class='ocrx_word' id='word_1_270' title='bbox 2090 2750 2257 2823; x_wconf 89' lang='lat' dir='ltr'><strong>illud,</strong></span> 
     </span>
     <span class='ocr_line' id='line_1_33' title="bbox 183 2833 2258 2913; baseline 0 -16"><span class='ocrx_word' id='word_1_271' title='bbox 183 2836 357 2913; x_wconf 90' lang='lat' dir='ltr'><strong>quod</strong></span> <span class='ocrx_word' id='word_1_272' title='bbox 397 2833 479 2897; x_wconf 86' lang='lat' dir='ltr'><strong>ita</strong></span> <span class='ocrx_word' id='word_1_273' title='bbox 510 2836 620 2897; x_wconf 89' lang='lat' dir='ltr'><strong>fuit</strong></span> <span class='ocrx_word' id='word_1_274' title='bbox 648 2833 880 2897; x_wconf 87' lang='lat' dir='ltr'><strong>illustre</strong></span> <span class='ocrx_word' id='word_1_275' title='bbox 916 2843 1249 2911; x_wconf 88' lang='lat' dir='ltr'><strong>notumque</strong></span> <span class='ocrx_word' id='word_1_276' title='bbox 1272 2834 1586 2907; x_wconf 75' lang='lat' dir='ltr'><strong>omnibuS,</strong></span> <span class='ocrx_word' id='word_1_277' title='bbox 1625 2844 1693 2897; x_wconf 91' lang='lat' dir='ltr'><strong>ut</strong></span> <span class='ocrx_word' id='word_1_278' title='bbox 1721 2852 1898 2895; x_wconf 86' lang='lat' dir='ltr'><strong>nemo</strong></span> <span class='ocrx_word' id='word_1_279' title='bbox 1931 2842 2053 2897; x_wconf 89' lang='lat' dir='ltr'><strong>tam</strong></span> <span class='ocrx_word' id='word_1_280' title='bbox 2080 2834 2258 2897; x_wconf 87' lang='lat' dir='ltr'><strong>rusti-</strong></span> 
     </span>
     <span class='ocr_line' id='line_1_34' title="bbox 182 2916 2258 2981; baseline -0.002 0"><span class='ocrx_word' id='word_1_281' title='bbox 182 2935 378 2981; x_wconf 87' lang='lat' dir='ltr'><strong>canus</strong></span> <span class='ocrx_word' id='word_1_282' title='bbox 428 2918 611 2979; x_wconf 91' lang='lat' dir='ltr'><strong>homo</strong></span> <span class='ocrx_word' id='word_1_283' title='bbox 654 2916 721 2979; x_wconf 91' lang='lat' dir='ltr'><strong>L.</strong></span> <span class='ocrx_word' id='word_1_284' title='bbox 762 2918 1017 2980; x_wconf 91' lang='lat' dir='ltr'><strong>Lucullo</strong></span> <span class='ocrx_word' id='word_1_285' title='bbox 1062 2926 1124 2980; x_wconf 89' lang='lat' dir='ltr'><strong>et</strong></span> <span class='ocrx_word' id='word_1_286' title='bbox 1160 2918 1243 2979; x_wconf 89' lang='lat' dir='ltr'><strong>M.</strong></span> <span class='ocrx_word' id='word_1_287' title='bbox 1275 2918 1446 2979; x_wconf 86' lang='lat' dir='ltr'><strong>Cotta</strong></span> <span class='ocrx_word' id='word_1_288' title='bbox 1488 2917 1847 2979; x_wconf 87' lang='lat' dir='ltr'><strong>consulibus</strong></span> <span class='ocrx_word' id='word_1_289' title='bbox 1875 2920 2133 2979; x_wconf 87' lang='lat' dir='ltr'><strong>Romam</strong></span> <span class='ocrx_word' id='word_1_290' title='bbox 2180 2933 2258 2978; x_wconf 88' lang='lat' dir='ltr'><strong>ex</strong></span> 
     </span>
     <span class='ocr_line' id='line_1_35' title="bbox 180 3000 2259 3077; baseline -0.002 -12"><span class='ocrx_word' id='word_1_291' title='bbox 180 3004 309 3065; x_wconf 86' lang='lat' dir='ltr'><strong>ullo</strong></span> <span class='ocrx_word' id='word_1_292' title='bbox 358 3000 688 3077; x_wconf 87' lang='lat' dir='ltr'><strong>municipio</strong></span> <span class='ocrx_word' id='word_1_293' title='bbox 734 3000 1067 3064; x_wconf 87' lang='lat' dir='ltr'><strong>vadimonii</strong></span> <span class='ocrx_word' id='word_1_294' title='bbox 1118 3017 1311 3063; x_wconf 84' lang='lat' dir='ltr'><strong>causa</strong></span> <span class='ocrx_word' id='word_1_295' title='bbox 1361 3002 1596 3063; x_wconf 82' lang='lat' dir='ltr'><strong>venerit</strong></span> <span class='ocrx_word' id='word_1_296' title='bbox 1651 3001 1797 3076; x_wconf 89' lang='lat' dir='ltr'><strong>quin</strong></span> <span class='ocrx_word' id='word_1_297' title='bbox 1857 3001 2070 3077; x_wconf 86' lang='lat' dir='ltr'><strong>sciret,</strong></span> <span class='ocrx_word' id='word_1_298' title='bbox 2127 3002 2259 3063; x_wconf 80' lang='lat' dir='ltr'><strong>iura</strong></span> 
     </span>
     <span class='ocr_line' id='line_1_36' title="bbox 181 3082 2254 3160; baseline -0.002 -13"><span class='ocrx_word' id='word_1_299' title='bbox 181 3084 389 3147; x_wconf 86' lang='lat' dir='ltr'><strong>omnia</strong></span> <span class='ocrx_word' id='word_1_300' title='bbox 421 3084 723 3160; x_wconf 88' lang='lat' dir='ltr'><strong>praetoris</strong></span> <span class='ocrx_word' id='word_1_301' title='bbox 754 3083 970 3145; x_wconf 87' lang='lat' dir='ltr'><strong>urbani</strong></span> <span class='ocrx_word' id='word_1_302' title='bbox 999 3092 1149 3146; x_wconf 89' lang='lat' dir='ltr'><strong>nutu</strong></span> <span class='ocrx_word' id='word_1_303' title='bbox 1182 3092 1367 3157; x_wconf 89' lang='lat' dir='ltr'><strong>atque</strong></span> <span class='ocrx_word' id='word_1_304' title='bbox 1397 3082 1644 3145; x_wconf 88' lang='lat' dir='ltr'><strong>arbitrio</strong></span> <span class='ocrx_word' id='word_1_305' title='bbox 1681 3083 2034 3145; x_wconf 85' lang='lat' dir='ltr'><strong>Chelidonis</strong></span> <span class='ocrx_word' id='word_1_306' title='bbox 2061 3099 2254 3145; x_wconf 89' lang='lat' dir='ltr'><strong>mere-</strong></span> 
     </span>
     <span class='ocr_line' id='line_1_37' title="bbox 181 3166 2258 3243; baseline -0.002 -13"><span class='ocrx_word' id='word_1_307' title='bbox 181 3168 438 3230; x_wconf 86' lang='lat' dir='ltr'><strong>triculae</strong></span> <span class='ocrx_word' id='word_1_308' title='bbox 468 3167 825 3243; x_wconf 69' lang='lat' dir='ltr'><strong>gubernaris</strong></span> <span class='ocrx_word' id='word_1_309' title='bbox 856 3169 1143 3241; x_wconf 88' lang='lat' dir='ltr'><strong>alterum,</strong></span> <span class='ocrx_word' id='word_1_310' title='bbox 1178 3167 1375 3243; x_wconf 89' lang='lat' dir='ltr'><strong>quod,</strong></span> <span class='ocrx_word' id='word_1_311' title='bbox 1425 3184 1610 3242; x_wconf 89' lang='lat' dir='ltr'><strong>quum</strong></span> <span class='ocrx_word' id='word_1_312' title='bbox 1651 3168 1980 3242; x_wconf 84' lang='lat' dir='ltr'><strong>paludatus</strong></span> <span class='ocrx_word' id='word_1_313' title='bbox 2023 3166 2258 3225; x_wconf 87' lang='lat' dir='ltr'><strong>exisset</strong></span> 
     </span>
     <span class='ocr_line' id='line_1_38' title="bbox 182 3247 2254 3327; baseline -0.002 -15"><span class='ocrx_word' id='word_1_314' title='bbox 182 3260 454 3327; x_wconf 86' lang='lat' dir='ltr'><strong>votaque</strong></span> <span class='ocrx_word' id='word_1_315' title='bbox 486 3267 596 3327; x_wconf 86' lang='lat' dir='ltr'><strong>pro</strong></span> <span class='ocrx_word' id='word_1_316' title='bbox 625 3247 883 3327; x_wconf 89' lang='lat' dir='ltr'><strong>imperio</strong></span> <span class='ocrx_word' id='word_1_317' title='bbox 918 3268 1033 3313; x_wconf 91' lang='lat' dir='ltr'><strong>suo</strong></span> <span class='ocrx_word' id='word_1_318' title='bbox 1062 3249 1492 3325; x_wconf 89' lang='lat' dir='ltr'><strong>communique</strong></span> <span class='ocrx_word' id='word_1_319' title='bbox 1520 3266 1588 3311; x_wconf 89' lang='lat' dir='ltr'><strong>re</strong></span> <span class='ocrx_word' id='word_1_320' title='bbox 1631 3247 1876 3325; x_wconf 89' lang='lat' dir='ltr'><strong>publica</strong></span> <span class='ocrx_word' id='word_1_321' title='bbox 1905 3263 2254 3322; x_wconf 85' lang='lat' dir='ltr'><strong>nuncupas·</strong></span> 
     </span>
    </p>
   </div>
   <div class='ocr_carea' id='block_1_3' title="bbox 186 3328 2257 3471">
    <p class='ocr_par' dir='ltr' id='par_1_4' title="bbox 186 3328 2257 3471">
     <span class='ocr_line' id='line_1_39' title="bbox 186 3328 2257 3471; baseline -0.003 -75"><span class='ocrx_word' id='word_1_322' title='bbox 186 3343 309 3411; x_wconf 85' lang='lat' dir='ltr'><strong>set,</strong></span> <span class='ocrx_word' id='word_1_323' title='bbox 346 3342 535 3396; x_wconf 89' lang='lat' dir='ltr'><strong>noctu</strong></span> <span class='ocrx_word' id='word_1_324' title='bbox 563 3333 759 3411; x_wconf 86' lang='lat' dir='ltr'><strong>stupri</strong></span> <span class='ocrx_word' id='word_1_325' title='bbox 790 3349 981 3397; x_wconf 84' lang='lat' dir='ltr'><strong>causa</strong></span> <span class='ocrx_word' id='word_1_326' title='bbox 1006 3332 1225 3397; x_wconf 83' lang='lat' dir='ltr'><strong>lectica</strong></span> <span class='ocrx_word' id='word_1_327' title='bbox 1256 3332 1316 3395; x_wconf 90' lang='lat' dir='ltr'><strong>in</strong></span> <span class='ocrx_word' id='word_1_328' title='bbox 1347 3333 1558 3395; x_wconf 89' lang='lat' dir='ltr'><strong>urbem</strong></span> <span class='ocrx_word' id='word_1_329' title='bbox 1588 3330 1892 3471; x_wconf 53' lang='lat' dir='ltr'><strong>introlgrri</strong></span> <span class='ocrx_word' id='word_1_330' title='bbox 1922 3328 2137 3393; x_wconf 88' lang='lat' dir='ltr'><strong>solitus</strong></span> <span class='ocrx_word' id='word_1_331' title='bbox 2161 3337 2257 3391; x_wconf 87' lang='lat' dir='ltr'><strong>est</strong></span> 
     </span>
    </p>
   </div>
  </div>
 </body>
</html>
