2459 3817
216 146 342 217 1.δῦ
674 160 756 222 B(
800 158 862 221 C.
904 160 1237 223 VERREM
1278 160 1444 221 Ac'r.
1473 160 1546 219 11.
1587 158 1734 220 LIB.
1769 160 1850 219 V.

223 322 292 376 ut
330 310 470 391 ipse
514 312 903 385 Cleomenes,
958 311 1043 373 ita
1090 310 1319 373 caeteri
1366 309 1764 387 navigabant=
1821 327 2023 387 neque
2071 309 2115 373 ii
2170 322 2286 373 tam

221 398 609 473 praedonum
653 394 944 471 impetum
986 393 1330 469 fugiebant,
1379 412 1563 471 quam
1603 395 2031 472 imperatorem
2066 412 2285 471 seque·

222 482 461 542 bantur.
521 480 672 541 Tum
698 487 766 540 ut
796 478 1060 555 quisque
1087 478 1151 537 in
1179 480 1326 554 fuga
1367 487 1746 555 postremus,
1785 478 1870 540 ita
1906 476 1968 538 in
2012 477 2283 555 periculo

221 563 516 639 princeps
544 571 701 623 erat=
736 570 1107 638 postremam
1136 561 1296 622 enim
1329 579 1634 638 quamque
1662 578 1881 623 navem
1911 561 2144 638 piratae
2171 566 2285 639 pri-

220 662 381 706 mam
426 646 873 707 adoriebantur.
948 646 1039 706 Ita
1077 644 1273 720 prima
1312 645 1774 707 Haluntinorum
1812 646 1990 707 navis
2036 646 2286 722 capitur,

222 729 322 791 cui
350 738 633 806 praeerat
668 727 1066 802 HaluntinuS,
1106 728 1290 789 homo
1331 728 1554 789 nobilis
1573 774 1591 805 ,
1648 728 2060 807 PhylarchuS,
2107 748 2286 806 quem

222 813 301 874 ab
353 812 473 874 illis
517 812 931 889 praedonibus
968 812 1314 873 Locrenses
1345 820 1565 887 postea
1593 812 1838 889 publice
1867 813 2283 876 redemerunt=

218 912 299 957 ex
323 913 447 972 quo
474 909 595 956 vos
616 895 823 970 priore
852 893 1092 956 actione
1117 894 1319 957 iurato
1351 912 1479 956 rem
1503 911 1742 957 omnem
1775 912 2152 972 causamque
2184 914 2286 959 co-

217 978 477 1053 gnostis.
544 977 782 1039 Deinde
810 978 1276 1055 Apolloniensis
1320 979 1498 1039 navis
1541 979 1781 1055 capitur
1819 988 1882 1040 et
1923 978 2055 1041 eius
2109 996 2283 1055 prae-

218 1065 414 1123 fectus
444 1060 869 1137 Anthropinus
900 1061 1215 1123 occiditur.
1278 1062 1519 1123 XXXV.
1579 1060 1681 1122 91.
1741 1062 1910 1123 Haec
1932 1060 2075 1123 duin
2097 1079 2285 1138 agun-

214 1155 344 1221 tur,
376 1144 609 1205 interea
638 1148 999 1208 Cleomenes
1025 1143 1145 1204 iam
1188 1146 1268 1205 ad
1295 1144 1506 1206 Helori
1535 1144 1700 1208 littus
1730 1154 2123 1221 pervenerat=
2166 1146 2283 1207 iam

217 1245 365 1290 sese
395 1229 455 1287 in
484 1226 787 1289 terram'e
816 1228 957 1287 navi
991 1230 1258 1289 eiecerat
1285 1228 1860 1305 quadrirememque
1887 1228 2286 1291 fluctuantem

214 1310 276 1371 in
306 1312 438 1371 salo
467 1312 821 1386 reliquerat.
883 1311 1125 1387 Reliqui
1168 1311 1464 1387 praefecti
1511 1311 1790 1387 navium,
1835 1329 2022 1388 quum
2064 1311 2127 1371 in
2167 1322 2285 1374 ter·

216 1410 350 1453 ram
388 1394 723 1469 imperator
759 1394 1021 1469 exisset,
1070 1412 1258 1470 quum
1295 1394 1420 1470 ipsi
1450 1412 1658 1472 neque
1692 1411 2035 1472 repugnare
2082 1412 2286 1471 neque

185 1476 367 1539 -mai‘i
396 1477 671 1551 effugere
708 1477 833 1538 ullo
867 1478 1053 1537 modo
1094 1487 1385 1555 possent,
1425 1478 1705 1555 appulsis
1747 1480 1828 1540 ad
1854 1478 2146 1541 Helorum
2179 1495 2286 1539 na—

209 1559 395 1620 vibus
412 1604 427 1632 ,
460 1559 847 1620 Cleomenem
874 1562 1184 1636 persecuti
1215 1570 1375 1623 sunt.
1435 1562 1586 1624 Tum
1607 1563 1986 1639 praedonum
2015 1562 2142 1623 dux
2161 1562 2283 1623 He-

213 1643 452 1717 racleo,
494 1651 779 1719 repente,
822 1651 1069 1719 praeter
1095 1661 1305 1720 spem,
1343 1662 1468 1707 non
1509 1662 1624 1707 sua
1651 1646 1904 1720 virtute,
1949 1646 2065 1706 sed
2104 1645 2281 1708 istius

212 1724 467 1787 avaritia
520 1724 920 1802 nequitiaque
966 1726 1190 1802 victor,
1248 1730 1512 1791 classem
1557 1729 2028 1806 pulcherrimam
2069 1728 2281 1805 populi

212 1808 496 1883 Romani,
530 1810 591 1869 in
620 1810 786 1871 littus
822 1811 1143 1885 expulsam
1173 1819 1237 1872 et
1263 1811 1548 1887 eiectam,
1598 1830 1783 1889 quum
1815 1812 2074 1888 primum
2113 1812 2282 1873 inve-

212 1900 628 1968 sperasceret,
680 1892 1043 1955 inflammari
1093 1894 1468 1971 incendique
1514 1895 1714 1957 iussit.
1771 1895 1874 1957 92.
1940 1893 1988 1956 Ο
2033 1903 2280 1971 tempus

208 1975 499 2036 miserum
526 1984 713 2051 atque
740 1976 1029 2039 acerbum
1060 1979 1416 2054 provinciae
1445 1978 1719 2041 Siciliae!
1779 1996 1818 2041 o
1859 1994 2071 2040 casum
2113 1978 2279 2040 illum

209 2052 413 2119 multis
461 2057 889 2119 innocentibus
942 2061 1364 2123 calamitosum
1405 2071 1590 2139 atque
1629 2064 1971 2124 funestum!
2017 2080 2054 2123 o
2099 2060 2278 2125 istius

206 2138 543 2217 nequitiam
583 2156 658 2201 ac
703 2142 1138 2217 turpitudinem
1190 2144 1591 2221 singularem!
1652 2147 1791 2207 Una
1830 2155 2016 2221 atque
2064 2147 2282 2207 eadem

204 2240 335 2291 nox
362 2233 509 2298 erat,
550 2240 670 2298 qua
702 2234 950 2300 praetor
974 2225 1202 2287 amorIs
1230 2228 1570 2303 turpissimi
1601 2228 1874 2301 flamma,
1917 2226 2140 2293 classis
2168 2245 2281 2305 po·

204 2307 335 2383 puli
375 2309 635 2370 Romani
689 2309 1073 2383 praedonum
1124 2309 1410 2373 incendio
1465 2311 1903 2388 conflagrabat.
1989 2312 2284 2374 Adfertur
2375 2335 2381 2339 ·

204 2400 406 2454 nocte
435 2391 802 2467 intempesta
841 2390 1047 2467 gravis
1092 2392 1352 2455 huiusce
1399 2395 1542 2455 mali
1589 2402 1835 2459 nuntius
1897 2394 2277 2492 Syracusas·

205 2474 466 2535 curritur
490 2476 572 2535 ad
601 2474 990 2550 praetorium,
1028 2494 1153 2551 quo
1182 2477 1367 2539 istum
1395 2494 1476 2538 ex
1503 2479 1607 2540 illo
1636 2480 1954 2556 praeclaro
1987 2477 2272 2539 convivio

200 2557 577 2619 reduxerant
615 2560 823 2633 paullo
856 2568 995 2621 ante
1023 2560 1311 2622 mulieres
1354 2576 1493 2622 cum
1533 2570 1718 2623 cantu
1753 2572 1941 2638 atque
1982 2559 2277 2639 sympho-

200 2638 323 2700 nia.
382 2640 760 2714 CleomeneS‚
790 2659 1162 2718 quamquam
1190 2662 1317 2705 nox
1346 2653 1495 2720 erat,
1523 2653 1724 2707 tamen
1754 2645 1814 2707 in
1847 2643 2094 2722 publico
2128 2660 2278 2706 esse
2313 2674 2320 2677 ·

96 2790 101 2794 ,
200 2739 325 2784 ιιοιι
354 2724 570 2787 audetz
601 2724 857 2788 includit
896 2743 967 2786 se
994 2726 1191 2787 domiae
1236 2744 1440 2803 neque
1470 2729 1683 2791 aderat
1707 2745 1895 2804 uxor,
1941 2744 2102 2805 quae
2127 2744 2276 2789 con-

201 2806 389 2867 solari
416 2806 767 2869 hominem·
750 2826 813 2871 ιιι
842 2809 1019 2870 malis
1060 2819 1295 2886 posset.
1358 2810 1460 2874 93.
1522 2811 1720 2875 Huius
1744 2819 1947 2873 autem
1975 2806 2286 2889 praeclari>

200 2890 585 2964 imperatoris
620 2892 704 2953 ita
732 2902 863 2954 erat
890 2910 1112 2953 severa
1136 2894 1305 2956 domi
1339 2894 1692 2971 disciplina,
1724 2904 1791 2957 ut
1819 2894 1883 2955 in
1923 2912 1992 2955 re
2019 2903 2187 2956 tanta
2214 2902 2274 2957 et

194 2979 323 3032 tam
352 2974 529 3048 gravi
554 2975 768 3037 nuntio
790 2994 971 3039 nemo
995 2977 1438 3051 admitteretur,
1467 2995 1649 3044 nemo
1681 2987 1851 3041 esset
1881 2977 1988 3055 qui
2012 2977 2276 3037 auderet

193 3064 299 3117 aut
312 3057 715 3120 dormientem
728 3061 997 3123 excitare
1020 3068 1126 3123 aut
1146 3063 1540 3138 interpellare
1555 3062 1929 3139 vigilantem.
1951 3064 2080 3123 Iam
2092 3074 2271 3131 vero,

190 3154 263 3199 re
284 3139 362 3201 ab
394 3142 675 3204 omnibus
708 3144 969 3243 cognita,
998 3146 1413 3208 concursabat
1439 3146 1594 3207 urbe
1620 3154 1752 3208 tota
1780 3146 2044 3207 maxima
2071 3141 2272 3204 multi-

190 3222 365 3284 tudo.
412 3225 551 3286 Non
582 3227 759 3300 enim
788 3229 951 3291 sicut
980 3236 1113 3292 erat
1147 3234 1335 3291 antea
1363 3244 1613 3306 semper
1643 3229 2053 3301 consuetude,
2089 3241 2272 3301 prae-

192 3305 424 3367 donum
452 3310 786 3373 adventum
819 3313 1211 3391 stgnificabat
1249 3312 1409 3387 ignis
1443 3328 1522 3373 ex
1549 3316 1807 3389 specula
1849 3313 2130 3375 sublatus
2159 3316 2272 3370 aut

189 3392 443 3465 tumulo,
476 3394 591 3455 sed
618 3396 867 3459 flamma
892 3414 969 3459 ex
997 3396 1139 3475 ipso
1172 3396 1458 3457 incendio
1493 3396 1743 3459 navium
1766 3403 1830 3458 et
1857 3392 2272 3457 calamitatem

0 3710 239 3767 A*
