2459 3817
729 176 895 235 CAP-
929 186 995 237 15
1015 210 1086 219 —
1109 184 1193 237 18.
1233 182 1287 243 S.
1315 186 1385 237 42
1403 210 1477 221 -
1493 186 1578 239 50.
2105 180 2185 245 13

144 327 223 385 vel
247 322 494 383 vicinos
518 340 710 396 τηοσε,
739 324 844 399 qui
865 341 1016 386 suos
1041 323 1289 397 liberos,
1317 342 1475 399 quos
1496 324 1734 401 plurimi
1758 325 2005 399 faciunt,
2032 324 2187 401 agri·

42 468 45 495 ἰ
139 410 290 467 colas
322 404 629 469 adsiduos
673 422 814 467 esse
851 408 1118 482 cupiunt.
1172 408 1401 467 Verum
1431 408 1709 469 homines
1736 416 1919 469 notos
1946 422 2189 469 sumere

139 490 414 550 odiosum
455 496 581 560 est,
630 505 814 561 quum
857 497 918 549 et
960 488 1110 549 illud
1155 487 1449 550 incertum
1492 489 1601 564 sit,
1645 489 1907 551 velintne
1944 488 2009 549 hi
2044 506 2187 551 sese

138 570 428 632 nominari
479 579 540 631 et
580 587 758 631 nemo
800 569 978 631 vobis
1021 569 1216 645 magis
1246 580 1427 631 notus
1472 574 1707 633 futurus
1748 572 1827 633 sit
1870 588 2053 647 quam
2094 580 2190 632 est

41 668 50 689 ¹
136 654 220 714 hic
245 652 601 729 EutychuS,
637 663 698 714 et
725 662 890 714 certe
911 653 991 712 ad
1022 670 1152 714 rem
1181 651 1328 713 nihil
1358 653 1621 725 intersit,
1652 664 1852 715 utrum
1878 654 2041 716 hunc
2068 670 2185 729 ego

135 736 432 797 comicum
459 737 914 797 adolescentem
937 752 1013 795 an
1035 734 1302 809 aliquem
1328 753 1404 795 ex
1420 752 1567 811 agro
1581 734 1837 798 Veiente
1862 736 2187 797 nominem.

134 817 363 879 Etenim
403 817 560 877 haec
605 818 868 878 conficta
905 816 1162 879 arbitror
1201 834 1239 876 a
1270 818 1468 893 poetis
1502 835 1675 892 esse,
1718 828 1781 879 ut
1808 818 2048 880 effictos
2076 835 2181 879 no-

135 909 286 961 stros
323 915 531 959 mores
560 899 622 959 in
651 899 865 962 alienis
887 900 1170 975 personis
1201 916 1683 975 expressamque
1704 899 2025 977 imaginem
2052 907 2175 973 [no-

41 1038 50 1055 ,
136 983 338 1059 stram]
374 980 534 1041 vitae
562 981 904 1043 cotidianae
931 982 1297 1043 videremus
1352 980 1454 1044 48.
1483 985 1619 1057 Age
1652 998 1841 1053 nunc,
1870 982 2033 1043 refer
2058 981 2187 1041 ani-

134 1082 292 1124 mum
335 1062 426 1124 sis
469 1065 548 1124 ad
590 1062 904 1125 veritatem
947 1073 1007 1125 et
1045 1063 1403 1138 considera,
1444 1082 1566 1125 non
1608 1066 1791 1125 modo
1834 1062 1897 1122 in
1939 1063 2189 1125 Umbria

135 1156 316 1220 atque
341 1145 406 1205 in
439 1161 512 1205 ea
541 1144 878 1219 vicinitate,
927 1148 1039 1207 sed
1084 1148 1146 1205 in
1185 1146 1284 1207 his
1312 1146 1621 1207 veteribus
1652 1144 1998 1221 municipiis
2028 1162 2187 1221 quae

138 1228 338 1289 studia
384 1246 423 1289 a
464 1227 736 1302 patribus
783 1225 1024 1288 familiis
1069 1230 1330 1288 maxime
1364 1230 1713 1289 laudentur:
1760 1228 1879 1288 iam
1910 1230 2184 1303 profecto

136 1319 192 1369 te
232 1309 536 1385 intelliges
577 1310 788 1385 inopia
822 1311 1135 1371 criminum
1177 1326 1472 1370 summam
1514 1310 1757 1370 laudem
1786 1310 1928 1370 Sex.
1958 1309 2183 1370 Roscio

42 1440 44 1445 .
137 1391 384 1453 vitioet
425 1393 642 1466 culpae
672 1392 940 1453 dedisse.
1025 1393 1208 1453 XVII.
1256 1394 1349 1453 Ac
1393 1409 1515 1454 non
1560 1391 1743 1453 modo
1786 1393 1905 1453 hoc
1946 1400 2189 1468 patrum

135 1476 446 1535 voluntate
488 1474 662 1534 liberi
696 1476 952 1548 faciunt,
994 1477 1106 1535 sed
1146 1476 1480 1550 permultos
1526 1483 1587 1536 et
1612 1491 1730 1549 ego
1758 1475 1901 1537 novi
1932 1483 2021 1548 et,
2068 1472 2190 1533 nisi

137 1573 232 1615 me
265 1555 418 1616 fallit
446 1556 714 1628 animuS,
757 1573 916 1617 unus
948 1558 1209 1631 quisque
1237 1566 1538 1630 vestrum,
1572 1557 1677 1633 qui
1706 1566 1767 1618 et
1796 1557 1919 1632 ipsi
1952 1554 2187 1617 incensi

137 1648 276 1699 sunt
305 1638 507 1699 studio
524 1684 538 1711 ‚
565 1639 734 1713 quod
753 1640 834 1697 ad
858 1654 1066 1713 agrum
1090 1641 1411 1701 colendum
1438 1641 1673 1714 attinet,
1694 1638 2003 1713 vitamque
2032 1640 2188 1699 hanc

137 1720 456 1793 rusticam,
492 1737 673 1795 quam
696 1728 762 1782 tu
788 1720 1014 1796 probro
1051 1730 1110 1783 et
1139 1720 1371 1781 crimini
1394 1730 1573 1796 putas
1604 1736 1747 1781 esse
1776 1730 2091 1794 oportere,
2126 1727 2188 1778 et

140 1801 636 1863 honestissimam
679 1811 740 1863 et
779 1802 1204 1864 suavissimam
1250 1821 1394 1864 esse
1436 1802 1818 1863 arbitrantur.
1884 1800 1985 1888 49.
2034 1799 2191 1873 Quid

140 1901 360 1945 censes
389 1886 552 1945 hunc
579 1884 780 1960 ipsum
811 1885 954 1947 Sex.
985 1886 1308 1956 Roscium,
1349 1902 1469 1959 quo
1500 1882 1701 1944 studio
1734 1890 1795 1943 et
1824 1900 1945 1958 qua
1977 1882 2189 1943 intelli-

140 1968 342 2042 gentia
382 1984 527 2027 esse
568 1967 629 2026 in
669 1967 914 2028 rusticis
953 1968 1184 2027 rebus?
1257 1968 1337 2027 Ut
1378 1984 1457 2025 ex
1488 1965 1585 2027 his
1630 1963 1992 2041 propinquis
2034 1963 2189 2037 eius,

139 2049 484 2111 hominibus
519 2048 998 2121 honestissimiS,
1050 2049 1264 2121 audio,
1314 2066 1434 2109 non
1470 2057 1535 2110 tu
1564 2047 1625 2107 in
1655 2046 1773 2109 isto
1803 2048 2057 2109 artificio
2088 2063 2187 2106 ac-

141 2130 448 2192 cusatorio
481 2130 752 2191 callidior
779 2146 848 2193 es
886 2148 1066 2206 quam
1100 2131 1200 2191 hic
1240 2132 1300 2189 in
1346 2148 1477 2191 suo.
1541 2133 1799 2202 Verum,
1844 2139 1910 2192 ut
1950 2129 2185 2204 opinor,

143 2215 429 2290 quoniam
473 2212 554 2273 ita
585 2214 980 2289 Chrysogono
1017 2211 1286 2286 videtur,
1318 2215 1418 2288 qui
1454 2212 1592 2273 huic
1619 2214 1849 2273 nullum
1873 2210 2188 2286 praedium

141 2296 413 2369 reliquit,
460 2304 520 2355 et
561 2295 877 2356 artificium
919 2294 1313 2356 obliviscatur
1358 2305 1418 2356 et
1461 2294 1725 2355 studium
1754 2293 2021 2367 deponat
2045 2293 2185 2352 licc-

143 2378 242 2438 bit.
317 2377 494 2450 Quod
523 2378 760 2438 tametsi
789 2377 1076 2438 miserum
1107 2387 1166 2438 et
1194 2376 1507 2451 indignum
1533 2386 1655 2448 est,
1684 2377 1839 2435 feret
1862 2384 2060 2434 tamen
2086 2390 2188 2433 ae—

143 2478 264 2533 quo
299 2459 530 2532 anime,
571 2459 837 2533 iudices,
878 2459 934 2518 si
963 2475 1074 2533 per
1101 2476 1214 2520 vos
1244 2458 1427 2520 vitam
1458 2468 1518 2520 et
1545 2460 1766 2517 famam
1798 2464 2002 2532 potest
2035 2454 2187 2516 obti-

141 2559 318 2602 nere:
361 2540 480 2600 hoc
510 2558 656 2602 vero
686 2550 809 2614 est,
864 2543 1032 2615 quod
1063 2542 1204 2601 ferri
1231 2559 1352 2602 non
1384 2548 1615 2615 potest,
1650 2539 1702 2599 si
1732 2539 1874 2601 etin
1902 2540 2060 2598 hanc
2090 2554 2189 2597 ca-

143 2628 464 2685 lamitatem
505 2622 672 2684 venit
711 2632 961 2698 propter
999 2625 1385 2698 praediorum
1414 2622 1742 2683 bonitatem
1778 2625 1839 2682 et
1864 2620 2191 2682 multitudi-

142 2724 280 2769 nem
323 2715 416 2779 et,
459 2707 625 2779 quod
665 2722 742 2765 ea
768 2708 1044 2767 studiose
1073 2706 1286 2777 coluit,
1330 2704 1392 2764 id
1434 2703 1547 2765 erit
1576 2704 1630 2763 ei
1667 2703 1927 2763 maxime
1973 2703 2191 2774 fraudi,

143 2800 205 2850 ut
239 2805 460 2864 parum
482 2789 762 2848 miseriae
793 2788 900 2859 sit,
935 2790 1100 2863 quod
1129 2788 1266 2848 aliis
1290 2788 1505 2859 coluit,
1534 2803 1654 2846 non
1688 2785 1833 2857 sibi,
1864 2784 1983 2845 nisi
2012 2788 2191 2846 etiam

144 2872 310 2947 quod
342 2869 587 2931 omnino
617 2870 804 2931 coluit
831 2869 1066 2930 crimini
1099 2869 1297 2929 fuerit.
1342 2871 1555 2941 XVIII.
1586 2868 1686 2929 50.
1752 2865 1841 2929 Ne
1868 2878 1963 2941 tu,
1992 2868 2193 2939 Eruci,

143 2961 468 3014 accusator
504 2969 682 3014 esses
721 2950 1014 3014 ridiculus
1034 2998 1050 3025 ,
1092 2952 1154 3012 si
1189 2950 1307 3011 illis
1350 2950 1726 3026 temporibus
1772 2959 1949 3011 natus
1995 2968 2192 3023 esseS,

145 3055 330 3111 quum
375 3036 452 3095 ab
487 3044 686 3095 aratro
723 3036 1188 3095 arcessebantur
1223 3032 1328 3108 qui
1358 3035 1645 3094 consules
1679 3034 1909 3093 fierent.
1959 3034 2192 3094 Etenim

145 3121 246 3195 qui
285 3134 584 3195 praeesse
623 3133 769 3191 agro
813 3117 1070 3179 colendo
1113 3115 1404 3191 flagitium
1444 3123 1653 3191 putes,
1706 3116 1981 3189 profecto
2027 3117 2191 3174 illum

141 3202 418 3275 Atilium,
463 3218 642 3276 quem
668 3216 779 3260 sua
799 3216 976 3259 manu
1003 3207 1390 3275 spargentem
1432 3215 1637 3259 semen
1675 3196 1778 3272 qui
1811 3196 1982 3257 missi
2023 3202 2193 3255 erant

145 3292 592 3357 convenerunt,
626 3281 928 3343 hominem
967 3280 1387 3358 turpissimum
1416 3289 1599 3356 atque
1633 3277 2189 3340 inhonestissimum

145 3365 466 3428 iudicares.
533 3368 614 3425 At
651 3366 896 3425 hercule
937 3362 1200 3428 maiores
1242 3364 1433 3425 nostri
1472 3365 1654 3437 longe
1696 3362 1864 3422 aliter
1892 3368 1952 3419 et
1982 3362 2058 3419 de
2086 3356 2189 3418 illo
