2459 3817
268 208 387 275 146
722 211 799 271 m
822 212 885 272 G.
914 210 1245 271 VERREM
1273 210 1440 269 ACT.
1483 210 1555 269 11.
1591 212 1732 271 LIB.
1763 210 1842 271 V.

276 364 641 428 cherrimum
679 363 1096 438 spectaculum
1139 363 1522 437 fructumque
1565 358 1856 421 victoriae
1909 360 2175 435 populus
2215 362 2329 423 Ro·

274 465 493 511 manus
520 444 841 523 percipere
874 443 1107 520 possit,
1144 452 1346 505 tamen
1391 462 1578 520 quum
1610 444 1689 505 de
1719 444 1850 503 foro
1881 441 1944 502 in
1978 443 2334 519 Capitolium

278 546 495 593 currus
545 528 795 590 flectere
846 526 1174 604 incipiunt,
1247 528 1385 589 illos
1439 526 1582 587 duci
1629 525 1691 585 in
1749 541 2056 586 carcerem
2105 526 2335 598 iubent,

275 613 564 688 idemque
596 611 733 673 dies
754 619 815 673 et
842 609 1176 673 victoribus
1206 608 1446 687 imperii
1473 618 1536 671 et
1561 607 1740 670 victis
1773 608 1933 669 vitae
1961 610 2148 671 finem
2179 610 2331 671 facit.

278 696 377 761 78.
420 696 497 756 Et
524 712 685 757 nunc
716 692 1001 771 cuiquam
1038 695 1223 755 credo
1259 710 1402 755 esse
1425 691 1674 753 dubium
1705 690 1848 768 quin
1873 700 1939 753 tu
1966 692 2030 753 id
2059 694 2333 755 commis·
2379 768 2387 777 θ

278 796 460 843 surus
494 793 618 840 non
649 776 868 851 fueris,
914 776 1276 853 praesertim
1315 792 1502 852 quum
1547 774 1901 850 statuisses,
1950 785 2018 837 ut
2057 776 2182 852 ais,
2233 776 2334 837 tibi

278 879 526 925 causam
555 878 699 922 esse
733 859 1086 934 dicendam,
1127 869 1194 922 ut
1218 858 1320 921 ille
1347 856 1713 935 archipirata
1738 874 1864 919 non
1893 858 2100 935 potius
2135 861 2332 921 securi

274 946 573 1019 feriretur,
602 960 805 1020 quam,
840 944 1009 1019 quod
1039 951 1169 1004 erat
1199 949 1341 1004 ante
1369 944 1586 1004 oculos
1615 942 1899 1018 positum,
1932 950 2036 1004 tuo
2067 941 2333 1019 periculo

274 1029 539 1090 viveret!
616 1025 682 1088 Si
708 1026 869 1087 enim
896 1033 1069 1088 esset
1098 1033 1402 1100 mortuus„
1444 1033 1538 1100 tu,
1580 1024 1688 1102 >qui
1721 1024 1948 1086 crimen
1975 1024 2071 1087 ais
2116 1035 2175 1087 te
2212 1042 2334 1087 me-

274 1113 497 1185 tuisse,
533 1126 763 1187 quaero
792 1107 891 1171 cui
920 1110 1218 1186 probares
1238 1117 1268 1169 ’ἒ
1302 1126 1490 1186 quum
1523 1116 1834 1171 constaret
1862 1108 2046 1171 istum
2075 1110 2335 1185 Syracu-

274 1196 364 1259 sis
406 1210 445 1255 a
471 1194 637 1256 nullo
667 1192 867 1254 visum
909 1208 1055 1254 esse
1094 1191 1548 1269 archipiratam,
1585 1192 1663 1252 ab
1704 1190 1986 1254 omnibus
2030 1191 2334 1253 desidera·

273 1288 429 1341 tuine
474 1294 662 1352 quum
691 1276 992 1337 dubitaret
1016 1292 1195 1338 nemo
1232 1276 1380 1352 quin
1409 1277 1522 1338 abs
1551 1283 1610 1336 te
1639 1274 1902 1351 pecunia
1929 1274 2218 1337 liberatus
2241 1291 2334 1336 es-

276 1370 403 1438 set,
459 1378 646 1437 quum
700 1362 885 1435 vulgo
939 1361 1335 1435 loquerentur
1389 1358 1776 1435 suppositum
1825 1358 1888 1419 in
1933 1357 2068 1420 eius
2117 1360 2336 1433 locum,

276 1462 461 1521 quem
488 1459 601 1519 pro
631 1443 733 1503 illo
765 1442 1026 1518 probare
1067 1443 1261 1503 velles
1275 1486 1292 1517 ,
1347 1458 1533 1519 quum
1584 1447 1648 1503 tu
1699 1448 1760 1502 te
1812 1444 2018 1503 fassus
2058 1457 2234 1503 esses
2275 1440 2332 1501 id

278 1526 507 1589 crimen
536 1534 703 1587 tanto
736 1532 877 1586 ante
917 1524 1241 1600 metuisse,
1283 1524 1338 1586 si
1376 1542 1516 1587 eum
1549 1523 1789 1587 diceres
1834 1540 1976 1587 esse
2017 1532 2336 1598 mortuum,

278 1609 417 1687 quis
452 1618 513 1671 te
542 1608 823 1671 audiret?
882 1604 981 1670 79.
1036 1610 1228 1683 Nunc,
1259 1626 1446 1685 quum
1477 1605 1686 1669 vivum
1713 1607 1924 1671 nescio
1955 1624 2136 1685 quem
2159 1606 2338 1669 istum

274 1690 597 1771 producis,
641 1700 841 1753 tamen
886 1698 948 1753 te
988 1690 1254 1753 derideri
1287 1692 1494 1753 vides=
1541 1691 1720 1768 quid,
1761 1691 1816 1753 si
1863 1690 2236 1766 aufugisset,
2281 1690 2335 1751 si

268 1776 509 1838 vincula
535 1779 809 1853 rupisset
846 1778 958 1850 ita,
995 1782 1065 1838 ut
1090 1776 1242 1838 Nico
1272 1775 1407 1845 illo,
1439 1774 1861 1837 nobilissimus
1901 1772 2127 1850 pirata,
2178 1772 2340 1848 fecit,

276 1875 459 1934 quem
488 1857 551 1918 P.
592 1856 920 1933 Servilius,
961 1875 1085 1934 qua
1119 1857 1404 1921 felicitate
1443 1866 1722 1936 ceperat,
1763 1860 1980 1919 eadem
2013 1873 2339 1933 recupera-

273 1941 389 2012 vit,
432 1938 581 2015 quid
620 1940 860 2002 diceres
878 1948 910 2000 2
964 1943 1193 2002 Verum
1233 1942 1352 2003 hoc
1393 1951 1553 2004 eratx
1599 1940 1652 2003 si
1680 1943 1778 2004 ille
1813 1942 2004 2003 semel
2032 1957 2216 2002 verus
2249 1938 2341 2015 pi·

272 2031 408 2083 rata
439 2021 641 2083 securi
663 2038 999 2097 percussus
1030 2033 1227 2098 esset,
1261 2026 1583 2100 pecuniam
1617 2024 1780 2086 illam
1807 2042 1931 2087 non
1964 2024 2254 2096 habereS,
2285 2021 2343 2084 si

272 2104 375 2165 hic
406 2105 596 2165 falsus
624 2113 793 2168 esset
831 2114 1107 2169 mortuus
1139 2115 1246 2168 aut
1275 2108 1680 2184 profugisset,
1729 2125 1850 2168 non
1886 2116 2056 2169 esset
2091 2105 2343 2169 difficile

277 2187 463 2250 alium
490 2186 552 2247 in
583 2187 890 2263 suppositi
918 2190 1121 2250 locum
1164 2206 1537 2266 supponere.
1601 2191 1781 2251 Plura
1827 2190 1955 2252 dixi
1997 2207 2180 2268 quam
2230 2205 2342 2250 vo-

270 2271 357 2333 lui
386 2274 465 2333 de
486 2270 589 2331 illo
623 2269 1017 2347 archipirata=
1052 2280 1115 2336 et
1139 2280 1337 2333 tamen
1363 2290 1465 2348 ea,
1503 2290 1661 2350 quae
1693 2272 2032 2336 certissima
2059 2282 2202 2335 sunt
2227 2273 2340 2333 hu-

272 2354 372 2417 ius
413 2352 680 2416 criminis
708 2362 1094 2430 argumenta,
1121 2355 1521 2432 praetermisi.
1581 2359 1742 2419 Volo
1785 2356 1944 2418 enim
1975 2373 2119 2419 esse
2149 2363 2344 2418 totum

273 2436 421 2498 mihi
466 2436 692 2498 crimen
721 2436 841 2497 boc
874 2436 1191 2513 integrum.
1255 2440 1366 2501 Est
1393 2446 1598 2501 certus
1625 2440 1830 2516 locuS,
1861 2448 2027 2501 certa
2061 2442 2179 2515 lex,
2208 2454 2343 2500 cer-

273 2529 395 2582 tum
424 2520 713 2593 tribunal,
744 2537 868 2597 quo
896 2520 1015 2581 hoc
1042 2532 1408 2584 reservetur.

438 2603 647 2665 XXXI.
722 2600 827 2665 80.
902 2604 1033 2665 Hac
1074 2613 1240 2667 tanta
1279 2609 1510 2683 praeda
1555 2615 1802 2683 auctus,
1844 2603 2194 2682 mancipiiS,
2245 2622 2345 2666 ar-

270 2695 485 2763 gento,
516 2693 694 2749 veste
726 2687 1169 2763 locupletatus,
1204 2688 1394 2751 nihilo
1436 2689 1781 2767 diligentior
1820 2692 1901 2752 ad
1941 2690 2206 2751 classem
2243 2706 2345 2751 or·

270 2772 561 2843 nandam,
605 2767 827 2832 milites
867 2772 1257 2833 revocandos
1289 2775 1668 2851 alendosque
1697 2790 1841 2835 esse
1867 2772 2104 2850 coepit=
2150 2789 2347 2847 quum

272 2868 348 2913 ea
372 2869 476 2914 res
524 2869 647 2914 non
678 2854 877 2915 solum
906 2853 1264 2929 provinciae
1299 2856 1507 2931 saluti,
1550 2874 1764 2919 verum
1803 2858 1983 2919 etiam
2011 2855 2132 2933 ipsi
2162 2873 2345 2931 prae·

270 2937 387 2997 dae
422 2944 641 3011 posset
668 2952 831 2997 esse.
892 2938 1041 2999 Nam
1082 2944 1314 3001 aestate
1347 2956 1612 3016 summa,
1654 2956 1776 3015 quo
1807 2948 2082 3015 tempore
2111 2938 2348 3001 caeteri

268 3028 587 3096 praetores
630 3018 801 3081 obire
844 3020 1225 3097 provinciam
1275 3033 1336 3085 et
1382 3039 1754 3087 concursare
1805 3031 2185 3085 consuerunt
2233 3030 2351 3084 aut

268 3102 445 3165 etiam
478 3102 539 3164 in
568 3110 735 3165 tanto
760 3104 1137 3179 praedonum
1169 3114 1332 3169 metu
1360 3116 1421 3169 et
1448 3105 1720 3184 periculo
1755 3104 1878 3183 ipsi
1909 3104 2222 3181 navigare,
2265 3122 2348 3167 eo

265 3194 543 3262 tempore
570 3186 650 3247 ad
672 3186 971 3250 luxuriam
993 3188 1402 3266 libidinesque
1434 3207 1582 3251 suas
1606 3191 1792 3251 domo
1817 3207 1931 3251 sua
1952 3189 2140 3264 regia,
2175 3205 2350 3265 quae

266 3270 431 3345 regis
464 3267 745 3330 Hieronis
782 3270 919 3347 fuit,
956 3290 1078 3349 qua
1107 3282 1426 3349 praetores
1459 3272 1545 3335 uti
1575 3275 1804 3348 solent,
1845 3279 2171 3335 contentus
2207 3289 2347 3333 non

267 3351 407 3413 fuitz
462 3353 882 3429 tabernacula,
941 3373 1121 3432 quem
1164 3358 1244 3417 ad
1295 3356 1542 3419 modum
1585 3364 1912 3419 consuerat
1952 3355 2348 3432 temporibus

271 3432 545 3511 aestivis,
576 3436 744 3514 quod
768 3446 946 3500 antea
968 3438 1402 3514 demonstravi,
1433 3438 1741 3500 carbaseis
1769 3438 2000 3500 intenta
2025 3437 2182 3500 velis
2206 3440 2348 3499 col-
