2459 3817
215 174 349 245 240
518 178 598 240 IN
624 176 704 239 M.
733 174 1133 240 ANTONIUM
1164 172 1449 237 ORATio
1483 172 1907 237 PHILIPPICA
1932 174 2006 235 11.

222 334 325 395 dis
340 330 756 411 municipales,
766 327 1045 391 homines
1058 327 1316 401 lionesfl,
1343 326 1424 389 ob
1436 323 1596 387 viam
1608 321 1962 387 necessario
1977 324 2282 399 prodeun-

224 425 344 489 tes,
356 430 479 477 non
492 422 639 476 noto
662 412 767 475 illo
790 420 853 475 et
876 409 1114 473 mimico
1130 409 1392 482 nomine,
1416 410 1530 471 sed
1545 406 1928 471 Volumniam
1943 408 2282 470 consaluta-

226 497 394 559 bant.
440 494 823 571 Sequebatur
841 494 1032 555 raeda
1058 508 1199 555 cum
1223 491 1580 565 lenonibus,
1623 489 1877 560 comites
1903 489 2284 565 nequissimi,

228 580 458 643 reiecta
492 586 685 639 mater
726 575 983 639 amicam
1016 574 1236 651 impuri
1274 574 1382 639 filii
1411 581 1713 651 tamquam
1742 588 1959 633 nurum
1985 573 2282 647 sequeba-

228 670 344 723 tur.
433 658 481 719 Ο
508 660 773 721 miserae
808 658 1077 720 mulieris
1107 657 1534 719 fecunditatem
1564 654 2010 717 calamitosam!
2053 655 2284 735 Horum

226 741 595 819 flagitiorum
634 739 753 803 iste
789 739 1065 817 vestigiis
1098 740 1302 803 omnia
1331 737 1692 817 municipia,
1720 737 2155 815 praefecturas,
2183 753 2284 801 co·

221 826 443 896 ionias,
478 832 665 887 totam
694 824 961 901 denique
982 823 1211 885 Italiam
1239 822 1565 899 impressit.
1865 894 1871 899 ι

346 906 449 971 59.
480 907 877 983 Reliquorum
906 905 1199 969 factorum
1226 906 1380 983 eius,
1411 912 1616 980 patres
1645 904 1994 981 conscripti,
2019 905 2281 969 difficilis

221 1000 329 1053 est
354 1008 507 1053 sane
532 988 931 1068 reprehensio
978 996 1039 1051 et
1070 988 1322 1054 lubrica.
1405 990 1704 1051 versatus
1732 988 1794 1050 in
1824 990 1984 1051 bello
2014 998 2140 1051 est=
2186 1006 2282 1051 sa·

227 1076 457 1137 turavit
482 1090 553 1135 se
582 1074 879 1149 sanguine
902 1070 1436 1135 dissimillimorum
1477 1072 1573 1132 sui
1603 1071 1855 1133 civium=
1895 1073 2045 1133 felix
2065 1072 2203 1145 ruit,
2229 1070 2283 1134 si

228 1166 437 1233 potest
462 1158 587 1219 ulla
617 1156 681 1219 in
708 1158 942 1217 scelere
969 1170 1114 1216 esse
1144 1154 1418 1217 felicitas.
1505 1154 1630 1215 Sed
1663 1154 1952 1230 quoniam
1982 1154 2282 1217 veteranis

222 1249 473 1303 cautum
500 1254 645 1303 esse
671 1241 971 1311 volumus,
997 1254 1365 1314 quamquam
1388 1236 1702 1299 dissimilis
1722 1236 2081 1299 estmilitum
2099 1253 2286 1300 causa

220 1332 291 1385 et
316 1333 419 1386 tua
446 1358 531 1371 --
570 1322 655 1383 illi
684 1321 881 1383 secuti
911 1331 1077 1383 sunt=
1106 1328 1173 1383 tu
1202 1320 1496 1396 quaesisti
1526 1321 1742 1382 ducem
1767 1353 1882 1395 -‚
1935 1328 2166 1393 tamen,
2209 1336 2286 1381 ne

224 1408 396 1479 apud
422 1405 563 1467 illos
593 1420 691 1465 me
718 1404 780 1466 in
810 1402 1097 1465 invidiam
1131 1419 1337 1477 voces,
1366 1402 1514 1463 nihil
1543 1405 1622 1465 de
1640 1419 1866 1479 genem
1893 1402 2039 1465 belli
2069 1404 2283 1465 dicam.

227 1487 443 1549 Victor
472 1502 509 1549 e
534 1485 847 1547 Tbessalia
872 1485 1262 1548 Brundisium
1299 1502 1439 1547 cum
1468 1486 1807 1562 legionibus
1835 1486 2156 1549 revertisti.
2199 1484 2286 1547 lbi

229 1584 329 1631 me
352 1584 475 1631 non
496 1566 819 1630 ‘occidistis
848 1584 1133 1645 magnum
1152 1569 1548 1631 heneficium!
1577 1568 1858 1633 Potuisse
1884 1570 2044 1629 enim
2076 1570 2284 1631 fateor.

222 1652 605 1729 Quamquam
626 1666 804 1719 nemo
830 1659 959 1714 erat
985 1666 1211 1726 eorum,
1243 1651 1347 1727 qui
1367 1658 1493 1713 tum
1515 1660 1713 1713 tecum
1737 1654 1992 1725 fuerunt,
2019 1651 2124 1728 qui
2145 1650 2319 1713 mihi‘

232 1750 357 1797 non
394 1744 679 1798 censeret
704 1736 876 1812 parci
902 1743 1206 1811 oportere.
1267 1734 1370 1799 60.
1400 1736 1590 1795 Tanta
1618 1744 1714 1797 est
1741 1734 1904 1796 enim
1927 1734 2148 1797 caritas
2183 1750 2286 1811 pa·

222 1818 409 1894 triae,
451 1828 521 1883 ut
566 1818 791 1881 vestris
816 1820 996 1881 etiam
1025 1816 1370 1895 legionibus
1401 1826 1654 1879 sanctus
1681 1834 1918 1891 essem,
1947 1814 2118 1893 quod
2149 1833 2287 1879 eam

222 1918 268 1965 a
306 1917 404 1967 me
444 1909 749 1965 servatam
786 1918 929 1963 esse
970 1901 1402 1964 meminissent.
1499 1900 1627 1961 Sed
1684 1901 1780 1961 tac
1821 1900 1885 1962 id
1923 1910 1984 1963 te
2034 1900 2288 1962 dedisse

224 1985 391 2058 mihi,
428 1986 596 2061 quod
627 2002 745 2047 non
778 1984 1075 2059 ademisti,
1104 2000 1326 2061 meque
1347 1990 1466 2045 ate
1493 1983 1720 2043 habere
1752 1984 1962 2059 vitam,
1991 1982 2134 2059 quia
2167 1999 2290 2045 non

227 2086 270 2129 a
310 2076 371 2131 te
402 2068 483 2130 sit
507 2076 747 2145 erepta=
782 2068 1028 2129 licuitne
1060 2066 1206 2128 mihi
1235 2084 1346 2143 per
1372 2074 1509 2128 tuas
1543 2067 1940 2129 contumelias
1968 2066 2086 2128 hoc
2117 2075 2292 2128 tuum

226 2150 589 2212 beneficium
622 2152 715 2213 sic
747 2151 932 2223 tueri,
963 2160 1028 2212 ut
1058 2150 1289 2222 tuebar,
1320 2149 1673 2225 praesertim
1705 2166 1886 2225 quum
1915 2158 1976 2211 te
1999 2149 2155 2213 haec
2185 2166 2292 2212 au-

226 2232 493 2295 diturum
531 2232 823 2297 videres?
870 2233 1053 2295 XXV.
1092 2232 1197 2295 61.
1235 2231 1473 2294 Venisti
1503 2232 1921 2306 Brundisium,
1982 2233 2044 2293 in
2087 2232 2293 2295 sinum

231 2315 475 2390 quidem
529 2323 592 2376 et
626 2316 686 2375 in
736 2319 1119 2392 complexum
1169 2325 1312 2378 tuae
1363 2314 1663 2377 mimulae.
1759 2316 1916 2390 Quid
1959 2323 2098 2378 est?
2132 2316 2295 2377 Num

230 2396 535 2460 mentior?
574 2396 765 2472 Quam
804 2399 1091 2461 miserum
1130 2398 1317 2461 estid
1344 2413 1571 2473 negare
1599 2414 1720 2460 non
1757 2415 1975 2475 posse,
2011 2400 2183 2473 quod
2213 2400 2297 2459 sit

228 2479 643 2555 turpissimum
686 2480 989 2544 confiteri!
1030 2480 1098 2543 Si
1138 2490 1194 2543 te
1223 2480 1690 2557 municipiorum
1725 2498 1844 2543 non
1869 2482 2183 2557 pudebat,
2215 2497 2297 2542 ne

227 2562 499 2623 veterani
540 2562 785 2638 quidem
825 2564 1174 2627 exercitus?
1214 2563 1363 2641 Quis
1397 2562 1558 2625 enim
1599 2564 1773 2626 miles
1817 2564 1926 2626 ruit
1967 2566 2072 2640 qui
2095 2564 2295 2625 Brun·

226 2645 372 2709 disii
417 2645 578 2707 illam
622 2662 743 2707 non
785 2645 1049 2709 viderit?
1086 2646 1223 2722 quis
1269 2646 1374 2723 qui
1413 2646 1702 2710 nescierit
1740 2647 1988 2710 venisse
2021 2664 2157 2709 eam
2185 2648 2296 2711 tibi

224 2733 321 2791 tot
356 2727 589 2791 dierum
612 2728 770 2791 viam
790 2731 1191 2807 gratulatum?
1217 2730 1358 2807 quis
1382 2730 1490 2807 qui
1511 2749 1634 2793 non
1656 2731 1977 2793 indoluerit
2001 2738 2124 2793 tam
2151 2742 2298 2793 sero

228 2824 301 2869 se
339 2827 522 2885 quam
562 2828 827 2890 nequam
866 2812 1173 2876 hominem
1209 2820 1460 2876 secutus
1499 2822 1669 2877 esset
1723 2820 2144 2891 cognoscere?
2187 2810 2298 2874 62.

226 2892 435 2953 Italiae
462 2911 677 2957 rursus
711 2898 1085 2971 percursatio
1114 2898 1334 2959 eadem
1362 2895 1580 2959 comite
1603 2897 1812 2959 mimae
1844 2898 1906 2958 in
1931 2897 2164 2977 oppida
2184 2896 2300 2957 mi-

227 2972 396 3036 litum
424 2978 689 3038 crudelis
725 2988 786 3039 et
813 2979 1035 3039 misera
1062 2978 1379 3043 deductio:
1409 2980 1470 3040 in
1499 2980 1650 3041 urbe
1683 2980 1844 3056 auri,
1883 2981 2135 3059 argenti,
2167 2995 2296 3041 ma-

226 3058 517 3135 ximeque
559 3058 684 3120 vini
728 3061 911 3122 foeda
952 3061 1233 3138 direptio.
1321 3064 1605 3125 Accessit
1644 3071 1712 3125 ut
1751 3065 2014 3126 Caesare
2053 3063 2298 3139 ignaro,
2418 3070 2419 3141 ζ

232 3154 420 3213 quum
450 3151 619 3204 esset
648 3142 749 3203 ille
774 3144 1219 3219 Alexandreae,
1253 3144 1554 3207 beneficio
1586 3145 1918 3209 amicorum
1947 3146 2080 3209 eius
2103 3144 2298 3221 magi·

230 3226 356 3281 ster
402 3224 673 3297 equitum
712 3220 1199 3288 constitueretur.
1297 3228 1448 3289 Tum
1490 3228 1860 3292 existimavit
1900 3246 1972 3291 se
2015 3246 2134 3291 suo
2162 3230 2300 3289 iure

228 3313 365 3362 cum
392 3304 617 3385 Hippia
644 3305 851 3369 vivere
878 3315 941 3370 et
968 3323 1168 3383 equos
1204 3308 1536 3385 vectigales
1572 3309 1788 3388 Sergio
1818 3314 1998 3373 mimo
2027 3312 2298 3374 tradere.

226 3379 376 3441 Tum
416 3384 533 3448 sibi
563 3402 685 3449 non
706 3388 896 3463 hanc,
938 3406 1120 3465 quam
1158 3406 1324 3453 nunc
1359 3395 1516 3455 male
1545 3400 1759 3470 tuetur,
1795 3397 1908 3467 sed
1934 3395 2015 3458 M.
2046 3391 2300 3457 Pisonis
