2459 3817
767 105 932 172 CAP-
967 113 1229 168 21—23.
1277 111 1327 171 S·
1364 114 1427 166 51
1460 112 1627 168 ——55.
2120 113 2237 175 117

173 264 432 334 tuerunt,
455 254 880 333 providentem
915 265 1116 318 autem
1146 262 1205 317 et
1230 264 1696 332 praecaventem
1720 273 2049 335 numquam
2072 267 2235 323 certe

174 341 524 404 inovebuna

293 426 390 484 An
432 433 492 485 te
539 423 640 484 illa
668 430 1022 499 argumenta
1057 423 1406 486 duxerunt?
1448 423 1780 501 Dubitatis,
1820 425 2044 502 inquit,
2093 425 2237 502 quin

171 505 354 568 coitio
400 508 560 568 faeta
605 506 714 580 sit,
754 523 941 583 quum
988 506 1180 568 tribus
1236 509 1568 584 plerasque
1623 525 1759 570 cum
1803 509 1997 573 Plotio
2042 510 2242 571 tulerit

170 588 496 651 Plancius?
526 593 620 650 An
646 605 768 651 una
787 588 916 650 fleri
946 596 1292 666 potuerunt,
1328 589 1382 651 si
1404 608 1527 652 una
1554 591 1747 653 tribus
1770 609 1893 653 non
1918 592 2242 655 tulissent?

169 708 254 720 -
293 675 375 734 At
417 690 536 736 non
583 675 778 734 nullas
810 673 1051 749 punctis
1084 690 1281 750 paene
1311 673 1581 736 totidem.
1613 707 1689 721 —
1743 675 2010 752 Quippe,
2053 693 2241 753 quum

169 755 287 818 iam
318 755 460 818 facti
485 773 676 832 prope
706 755 1126 833 superioribus
1157 756 1418 818 comitiis
1450 757 1865 834 declaratique
1894 760 2239 822 venissentz

172 856 538 916 quamquam
582 856 659 901 ne
702 841 764 900 id
809 840 1056 917 quidem
1127 839 1531 916 suspitionem
1598 839 1883 902 coitionis
1940 841 2239 903 habuerit.

167 923 380 999 Neque
427 922 585 986 enim
613 940 900 1000 umquam
931 922 1196 984 maiores
1232 921 1426 984 nostri
1464 922 1841 985 sortitionem
1892 925 2240 986 constituis·

172 1013 308 1068 sent
333 1005 689 1078 aediliciam,
721 1005 840 1067 nisi
871 1005 1148 1067 viderent
1172 1005 1456 1066 accidere
1485 1022 1678 1081 posse
1707 1013 1773 1068 ut
1807 1007 2241 1081 competitores

172 1105 353 1168 pares
379 1089 686 1163 suffragiis
718 1095 946 1149 essent.
1033 1086 1136 1148 54.
1164 1088 1241 1148 Et
1262 1088 1354 1149 ais
1388 1087 1694 1163 prioribus
1726 1087 1985 1150 comitiis
2013 1088 2239 1149 Anien-

169 1187 301 1232 sem
344 1167 600 1232 aPl'otio
629 1171 854 1245 Pedio,
905 1169 1245 1233 Teretinam
1288 1187 1327 1230 a
1375 1165 1621 1232 Plancio
1664 1170 1768 1233 tibi
1811 1188 1954 1234 esse
1986 1188 2241 1233 conces·

169 1271 329 1316 sam=
361 1269 522 1315 nunc
547 1254 626 1315 ab
660 1263 917 1330 utroque
946 1270 1053 1316 eas
1081 1255 1363 1329 avulsas,
1394 1271 1473 1316 ne
1502 1256 1558 1316 in
1590 1263 1915 1330 angustum
1945 1256 2239 1316 venirent.

169 1339 358 1413 Quam
396 1337 681 1400 convenit
709 1339 978 1400 nondum
1009 1338 1252 1414 cognita
1282 1339 1493 1414 popuii
1536 1340 1847 1401 voluntate
1888 1340 2032 1412 hos,
2080 1355 2240 1415 quos

166 1421 284 1482 iam
325 1429 449 1483 tum
490 1421 852 1484 coniunctos
893 1421 1088 1485 fuisse
1129 1421 1314 1496 diciS‚
1359 1421 1652 1484 iacturam
1682 1439 1926 1484 suarum
1955 1421 2238 1496 tribuum,

168 1522 290 1580 quo
335 1521 449 1567 vos
491 1504 966 1581 adiuvaremini,
1017 1505 1276 1568 secisse:
1319 1507 1604 1579 eosdem,
1657 1524 1842 1582 quum
1878 1506 1997 1567 iam
2026 1515 2240 1568 essent

165 1590 400 1664 experti
462 1587 608 1664 quid
653 1593 956 1662 vaierent,
1007 1589 1326 1651 restrictos
1356 1597 1416 1650 et
1444 1599 1695 1650 tenaces
1727 1591 1963 1650 ruisse?
2001 1589 2238 1651 Etenim

165 1671 562 1746 verebantur,
591 1675 798 1745 credo,
830 1672 1176 1748 angustias,
1219 1671 1398 1746 quasi
1432 1688 1534 1732 res
1567 1672 1626 1730 in
1659 1670 2110 1732 contentionem
2134 1680 2237 1732 aut

165 1754 226 1815 in
274 1752 600 1814 discrimen
642 1755 894 1829 aliquod
945 1762 1162 1830 posset
1201 1752 1433 1813 venire.
1522 1753 1646 1814 Sed
1679 1761 1875 1814 tamen
1908 1760 1971 1814 tu
1999 1757 2074 1816 A.
2104 1753 2239 1814 Plo·

168 1835 344 1908 tium,
389 1835 588 1898 virum
635 1835 1116 1910 ornatissimum,
1158 1835 1219 1896 in
1277 1835 1437 1895 idem
1488 1836 1712 1896 crimen
1759 1837 2043 1897 vocando
2083 1834 2237 1897 indi-

168 1937 274 1981 cas
318 1935 455 1979 eum
501 1926 562 1980 te
609 1918 992 1995 adripuisse,
1035 1935 1072 1979 a
1109 1935 1232 1993 quo
1278 1933 1400 1977 non
1436 1917 1524 1979 sis
1553 1926 1853 1992 rogatus?
1886 1917 2035 1978 Nam
2070 1921 2239 1994 quod

167 2010 423 2079 questus
454 2018 521 2062 es
571 2003 776 2077 plures
808 2011 866 2064 te
893 2010 1083 2064 testes
1108 2002 1337 2062 habere
1368 2002 1446 2063 de
1478 2000 1747 2063 Voltinia
1778 2019 1959 2078 quam
1998 2011 2148 2077 quot
2174 2001 2238 2061 in

165 2102 240 2146 ea
267 2085 427 2146 tribu
457 2093 683 2160 puncta
715 2085 956 2155 tuleriS,
997 2084 1239 2146 indicas
1279 2092 1384 2145 aut
1412 2100 1523 2146 eos
1555 2093 1745 2146 testes
1776 2094 1837 2147 te
1872 2085 2235 2161 producere,

168 2166 290 2244 qui,
315 2165 457 2242 quia
479 2183 762 2228 nummos
783 2169 1150 2242 acceperint,
1171 2178 1236 2230 te
1266 2166 1718 2242 praeterierint,
1760 2178 1865 2231 aut
1904 2177 1963 2230 te
1994 2185 2071 2228 ne
2102 2185 2236 2244 gra-

165 2249 314 2312 tuita
344 2250 589 2326 quidem
619 2265 828 2311 eorum
857 2249 1147 2327 suffragia
1183 2250 1418 2312 tulisse.
1503 2252 1713 2312 XXIII.
1759 2249 1859 2312 55.
1904 2251 2056 2313 Illud
2090 2268 2236 2312 vero

167 2333 393 2394 crimen
416 2335 496 2394 de
519 2333 796 2405 numinis,
812 2351 968 2410 quos
1015 2334 1073 2394 in
1111 2333 1273 2395 circo
1306 2331 1602 2395 Flaminio
1642 2335 2065 2410 deprehensos
2094 2349 2239 2395 esse

166 2414 392 2490 dixisti,
427 2416 610 2480 caluit
635 2432 702 2477 re
724 2415 984 2488 recenti,
1031 2433 1193 2478 nunc
1225 2417 1285 2476 in
1318 2433 1505 2478 causa
1534 2417 1785 2480 refrixit.
1830 2419 2041 2494 Neque
2077 2417 2239 2478 enim

167 2498 271 2574 qui
294 2499 614 2562 iltinummi
637 2501 856 2564 suerint
870 2518 984 2563 nec
996 2499 1369 2576 quaen-ibus
1395 2516 1510 2562 nec
1541 2499 1644 2577 qui
1674 2501 1909 2563 divisor
1939 2500 2237 2563 ostendis.

166 2585 367 2658 Atque
409 2583 464 2645 is
519 2583 766 2663 quidem
795 2585 1052 2647 eductus
1102 2585 1180 2645 ad
1222 2586 1542 2659 consuleS,
1587 2583 1691 2659 qui
1740 2590 1865 2645 tum
1905 2583 1966 2643 in
2010 2586 2237 2645 crimen

163 2666 529 2742 vocabatur,
590 2684 659 2728 se
713 2667 920 2744 inique
959 2683 996 2728 a
1038 2665 1159 2729 tuis
1206 2665 1490 2730 iactatum
1532 2664 1799 2743 graviter
1851 2667 2235 2742 querebatur.

167 2747 280 2822 Qui
310 2748 363 2810 si
397 2757 524 2813 erat
552 2749 802 2822 divisor,
835 2751 1198 2826 praesertim
1227 2750 1393 2824 eius,
1430 2767 1612 2826 quem
1647 2759 1711 2811 tu
1741 2749 2015 2811 habebas
2042 2766 2232 2825 reum,

163 2847 274 2892 cur
301 2834 414 2893 abs
442 2839 502 2894 te
529 2849 674 2892 reus
704 2849 824 2894 non
861 2841 956 2894 est
985 2835 1226 2894 factus?
1258 2849 1367 2895 cur
1398 2850 1519 2895 non
1550 2832 1685 2894 eius
1716 2833 2101 2894 damnatione
2131 2833 2237 2894 ali-

169 2911 315 2990 quid
349 2916 427 2975 ad
452 2915 572 2976 hoc
601 2913 890 2976 iudicium
925 2913 1283 2990 praeiudicii
1312 2915 1727 2992 comparasti?

290 2998 416 3060 Sed
438 3014 638 3074 neque
664 3005 728 3060 tu
749 2998 903 3058 haec
926 2997 1118 3058 habes
1144 3012 1347 3073 neque
1369 2998 1460 3059 eis
1486 2998 1767 3060 contidis.
1810 2998 1949 3060 Alia
1978 3007 2036 3061 te
2060 2999 2235 3072 ratio,

163 3080 283 3142 alia
313 3081 596 3157 cogitatio
631 3083 707 3143 ad
740 3097 912 3158 spem
954 3079 1135 3142 huius
1167 3081 1553 3156 opprimendi
1585 3083 1889 3144 excitavit.
1974 3083 2233 3155 Magnae

166 3172 309 3224 sunt
335 3163 394 3224 in
439 3173 496 3227 te
522 3181 706 3241 opes,
749 3167 870 3226 late
901 3170 1065 3240 patet
1099 3163 1331 3240 gratia=
1366 3165 1537 3227 multi
1564 3163 1771 3238 amici,
1825 3163 1994 3226 multi
2026 3161 2233 3236 cupidi

168 3244 284 3319 tui,
330 3247 496 3310 multi
527 3251 796 3310 fautores
826 3246 1024 3310 laudis
1070 3255 1241 3309 tuaee
1288 3247 1456 3309 multi
1496 3248 1637 3310 huic
1666 3247 1976 3320 invident,
2029 3242 2233 3304 multis

165 3327 345 3388 etiam
379 3339 577 3414 pater,
611 3331 874 3406 optimus
903 3329 1024 3405 vir,
1073 3327 1322 3391 nimium
1352 3330 1622 3392 retinens
1654 3329 1960 3406 equestris
1998 3326 2144 3388 iuris
2172 3333 2234 3388 et
