2459 3817
700 287 860 347 cAP.
903 296 1160 349 4o·-42.
1208 294 1260 353 S.
1299 296 1619 348 ηις-122.
2096 284 2182 349 33

135 438 443 501 stulabant
464 437 697 512 indigni
724 446 895 498 erant
925 437 1029 513 qui
1056 436 1486 512 impetrarent?
1512 454 1589 497 an
1616 437 1669 497 is
1692 446 1748 499 te
1771 455 1891 498 non
1918 454 2181 499 eommo-

132 522 336 593 vebat,
371 537 483 597 pro
518 537 641 595 quo
676 522 1108 595 postulabant?
1135 536 1212 580 an
1246 536 1347 580 res
1378 520 1515 595 ipsa
1542 520 1650 580 tibi
1684 518 1893 595 iniqua
1940 520 2179 580 videba-

135 610 282 666 tur?
340 604 733 665 postulabant
772 604 1048 665 homines
1080 602 1440 663 nobilissimi
1468 611 1651 677 atque
1680 602 2047 677 integerrimi
2076 620 2181 664 no-

134 686 622 759 straecivitatiffi
673 702 830 759 quos
872 686 990 745 iam
1035 693 1214 745 antea
1242 685 1577 756 nominavi;
1645 685 1749 759 qui
1796 686 1877 745 ita
1904 685 2183 746 vixerunt

131 770 415 843 talesque
454 786 492 827 a
523 770 755 844 populo
783 770 1059 828 Romano
1103 774 1415 843 putantur,
1466 777 1533 828 ut
1576 766 1873 843 quidquid
1912 768 2184 829 dicerent

129 866 312 910 nemo
345 858 510 911 esset
556 852 658 924 qui
699 866 819 911 non
849 866 1112 925 aequum
1140 857 1390 925 putaret.
1436 851 1826 910 Postulabant
1847 860 2043 911 autem
2068 866 2181 926 pro

131 932 379 992 homine
408 934 744 993 miserrimo
781 942 964 1009 atque
1006 931 1453 1004 infelicissimo,
1500 932 1603 1005 qui
1642 934 1741 993 vel
1782 932 1917 1007 ipse
1948 950 2089 995 sese
2120 934 2179 994 in

127 1016 467 1078 cruciatum
502 1016 633 1075 dari
667 1024 942 1090 cuperet,
995 1017 1138 1076 dum
1181 1016 1259 1075 de
1300 1015 1490 1091 patris
1538 1024 1730 1075 morte
1773 1025 2182 1089 quaereretur.

133 1100 276 1163 120.
311 1100 436 1159 Res
466 1115 651 1172 porro
685 1100 880 1159 abste
905 1099 1038 1158 eius
1061 1099 1226 1158 modi
1262 1099 1698 1172 postulabatur,
1730 1107 1794 1158 ut
1824 1097 1967 1157 nihil
2000 1098 2179 1159 inter-

129 1189 320 1254 esset,
358 1188 553 1240 utrum
584 1197 718 1241 eam
746 1198 874 1241 rem
915 1196 1235 1240 recusares
1270 1197 1345 1239 an
1373 1182 1449 1239 de
1471 1180 2180 1242 maleficioconfiterere.

129 1264 305 1336 Quae
337 1279 522 1337 quum
557 1264 638 1321 ita
666 1262 814 1337 sint,
847 1279 1074 1338 quaero
1107 1264 1218 1321 abs
1256 1271 1311 1322 te
1343 1279 1523 1337 quam
1553 1264 1631 1323 ob
1656 1278 1902 1322 eausam
1934 1278 2179 1325 reeusa-

125 1348 240 1405 ris.
305 1344 498 1416 Quum
529 1344 822 1405 occiditur
853 1344 996 1403 Sex.
1035 1344 1331 1417 Roscius,
1374 1344 1598 1405 ibidem
1634 1345 1889 1404 fuerunt.
1954 1345 2180 1405 Servos

127 1428 326 1504 ipsos,
345 1428 510 1501 quod
539 1426 618 1485 ad
653 1442 748 1486 me
776 1426 1004 1499 attinet,
1045 1443 1247 1501 neque
1282 1442 1468 1501 arguo
1504 1443 1704 1502 neque
1741 1442 1967 1502 pur-goz
2014 1427 2180 1501 quod

121 1525 164 1571 a
213 1508 394 1569 vobis
450 1509 791 1584 oppugnari
850 1509 1029 1569 video
1065 1526 1141 1569 ne
1169 1510 1229 1568 in
1267 1509 1685 1584 quaestionem
1714 1512 1949 1584 dentur,
1980 1509 2177 1585 suspi-

131 1586 371 1652 ciosum
403 1600 526 1652 est=
564 1593 730 1665 quod
755 1608 899 1652 vero
936 1594 1096 1666 apud
1132 1608 1243 1652 vos
1268 1592 1441 1667 ipsos
1473 1593 1532 1652 in
1565 1593 1797 1653 honore
1833 1601 1995 1654 tanto
2020 1602 2178 1665 sunt,

131 1675 410 1747 profecto
443 1688 702 1733 necesse
731 1682 826 1734 est
859 1675 1055 1733 sciant
1082 1673 1331 1748 aliquid,
1365 1675 1531 1749 quod
1576 1674 1628 1734 si
1664 1675 1941 1746 dixerint,
1982 1677 2175 1749 perni-

87 1824 103 1836 κ
130 1756 371 1815 ciosum
398 1756 573 1816 vobis
602 1758 865 1817 futurum
894 1757 988 1816 sit.
1009 1758 1173 1815 -In
1206 1757 1488 1816 dominos
1508 1758 1717 1829 quaeri
1746 1757 1823 1815 de
1850 1756 2045 1815 servis
2070 1756 2177 1814 ini·

132 1854 322 1913 quum
344 1846 454 1898 est.
475 1870 563 1883 --
583 1841 662 1898 At
703 1840 929 1915 ne[que
952 1840 1012 1896 in
1040 1839 1173 1915 vos]
1201 1838 1536 1912 quaeritur=
1568 1836 1712 1896 Sex·
1737 1837 1897 1895 enim
1915 1838 2179 1899 Roscius

129 1936 276 1980 reus
299 1929 422 1980 estz
449 1936 649 1994 neque
674 1928 768 1979 est
788 1918 1063 1993 iniquum
1079 1920 1156 1976 de
1180 1920 1299 1977 hoe
1325 1918 1562 1991 quaeri:
1589 1933 1702 1978 vos
1726 1920 1883 1977 enim
1898 1920 2179 1980 dominos

130 2018 276 2065 esse
293 2002 776 2062 dicitis.—Cum
791 2001 1192 2075 Chrysogono
1212 2010 1369 2060 sunt.
1392 2034 1457 2043 —-
1482 2001 1569 2061 Ita
1596 2002 1811 2061 credoz
1839 2002 2048 2062 litteris
2076 2019 2173 2063 eo-

125 2102 266 2145 rum
291 2093 352 2143 et
369 2082 710 2143 urbanitate
731 2082 1167 2157 Chrysogonus
1194 2081 1449 2155 ducitur,
1478 2092 1543 2144 ut
1556 2081 1709 2143 inter
1733 2100 1883 2144 suos
1913 2086 2177 2147 omnium

125 2166 489 2226 deliciarum
503 2171 684 2239 atque
701 2162 963 2224 omnium
979 2163 1192 2224 artium
1208 2167 1497 2239 puerulos
1515 2182 1594 2226 ex
1608 2173 1695 2227 tot
1709 2168 2177 2241 elegantissimis

127 2245 376 2309 familiis
401 2248 591 2307 lectos
613 2246 758 2308 velit
785 2247 898 2307 hos
931 2246 1178 2319 versari,
1211 2247 1489 2309 homines
1512 2265 1707 2322 paene
1734 2252 2067 2323 operarioS,
2100 2266 2174 2309 ex

129 2328 420 2389 Amerina
451 2328 773 2404 disciplina
815 2330 1003 2405 patris
1048 2330 1308 2390 familiae
1336 2330 1645 2391 rusticani.
1736 2329 1875 2393 121.
1917 2332 2048 2391 Νοιι
2095 2332 2175 2393 ita

127 2417 226 2471 est
267 2414 575 2485 profecto,
619 2412 884 2472 iudices=
948 2429 1069 2472 non
1117 2421 1211 2471 est
1250 2412 1380 2472 veri
1421 2412 1615 2473 simile
1644 2420 1709 2473 ut
1740 2413 2175 2490 Chrysogonus

129 2496 349 2553 horum
381 2494 607 2554 litteras
638 2494 934 2554 adamarit
955 2501 1059 2554 aut
1090 2494 1536 2569 humanitatem,
1570 2512 1692 2555 non
1725 2504 1790 2555 ut
1806 2494 1897 2554 rei
1930 2494 2174 2555 familia-

129 2577 214 2635 ris
253 2576 510 2649 negotio
554 2574 922 2650 diligentiam
958 2577 1235 2651 cognorit
1263 2594 1473 2638 eorum
1505 2586 1566 2638 et
1594 2578 1796 2636 fidem.
1865 2578 1974 2638 Est
2003 2578 2174 2652 quid·

131 2660 292 2730 dam,
324 2660 491 2733 quod
520 2660 881 2730 occultatur,
911 2703 915 2711 «
943 2660 1109 2733 quod
1153 2676 1275 2734 quo
1306 2659 1645 2720 studiosius
1675 2660 1751 2719 ab
1784 2659 1939 2734 ipsis
1970 2662 2173 2735 oppri-

129 2741 310 2801 mitur
351 2750 410 2801 et
452 2740 875 2814 absconditur,
927 2758 1001 2801 eo
1043 2741 1235 2816 magis
1278 2742 1499 2802 eminet
1540 2750 1601 2801 et
1645 2750 1917 2816 apparet.
2000 2744 2173 2803 XLll.

135 2822 273 2884 122.
342 2821 496 2896 Quid
534 2822 752 2897 igitur?
809 2822 1244 2900 Chrysogonus
1286 2823 1460 2885 suine
1511 2824 1791 2883 maleficii
1834 2825 2174 2886 occultandi

133 2920 321 2967 causa
351 2904 769 2979 quaestionem
799 2905 876 2964 de
910 2906 1004 2965 his
1035 2906 1243 2965 haberi
1274 2923 1395 2965 non
1419 2908 1591 2967 vult?
1618 2906 1880 2981 Minime,
1912 2908 2171 2969 iudices:

131 3004 250 3049 non
281 2986 340 3047 in
367 3003 579 3048 omnes
603 2986 860 3047 arbitror
889 2988 1088 3048 omnia
1112 2988 1457 3049 convenire.
1510 2989 1640 3063 Ego
1669 2990 1728 3049 in
1754 2990 2171 3066 Chrysogono,

134 3071 300 3144 quod
346 3070 426 3129 ad
465 3085 560 3129 me
601 3069 839 3142 attinet,
882 3069 1028 3129 nihil
1072 3070 1206 3132 eius
1235 3072 1401 3132 modi
1432 3070 1743 3146 suspicor·
1812 3089 2013 3147 neque
2056 3074 2173 3132 hoc

132 3152 273 3212 mihi
305 3167 467 3212 nunc
497 3152 754 3226 primum
795 3152 854 3211 in
889 3163 1150 3214 mentem
1184 3153 1347 3215 venit
1378 3153 1601 3214 dicere.
1670 3154 2029 3216 Meministis
2074 3170 2171 3213 me

133 3234 210 3295 ita
242 3233 628 3321 distribuisse
655 3234 823 3296 initio
849 3250 1115 3308 causam,
1144 3234 1206 3294 in
1229 3235 1475 3309 crimen,
1504 3235 1678 3296 cuius
1706 3244 1834 3297 tota
1853 3252 2181 3309 argumen-

133 3296 302 3378 tatio‘³
300 3317 604 3394 permissa
636 3316 855 3377 Erucio
891 3325 1002 3389 est,
1035 3326 1094 3378 et
1125 3316 1186 3377 in
1217 3318 1551 3388 audaciam,
1604 3320 1778 3379 cuius
1808 3326 2015 3392 partes
2047 3318 2169 3376 Ro-

129 3400 272 3461 sciis
320 3399 644 3475 impositae
687 3408 842 3460 sunt.
932 3398 1237 3474 Quidquid
1278 3399 1588 3473 maleficii,
1631 3398 1913 3470 sceleriS,
1961 3398 2169 3457 caedis

128 3481 254 3556 erit,
286 3480 600 3557 proprium
635 3480 696 3539 id
724 3480 1084 3541 Rosciorum
1115 3496 1257 3541 esse
1296 3481 1555 3542 debebit.
1634 3480 1889 3539 Nimiam
1916 3478 2181 3552 gratiam.

250 3594 370 3639 010.
402 3594 584 3643 ORA'r.
610 3584 653 3641 I.
1665 3564 1706 3623 3
