2459 3817
779 130 941 189 cAP.
969 136 1230 191 31—34.
1276 135 1327 194 s.
1359 136 1622 191 ‘ts—ss.
2111 120 2236 186 247

180 282 382 341 decet.
432 278 534 341 82.
556 280 769 354 Itaque
800 294 878 338 ex
905 276 1008 338 illo
1040 277 1139 338 die
1172 274 1574 337 recordamini
1607 275 1740 336 eius
1769 292 1968 349 usque
1995 276 2075 335 ad
2094 276 2238 343 Idus

184 363 433 423 Martias
480 363 879 422 consulatum.
980 360 1125 433 Quis
1164 376 1452 434 umquam
1493 358 1802 435 apparitor
1827 366 1948 418 tam
1983 357 2240 433 humiliS,

180 455 307 505 tam
348 443 665 505 abiectus?
702 442 857 501 Nihil
896 443 1031 516 ipse
1075 451 1340 516 poterat=
1377 441 1580 502 omnia
1617 442 1902 515 rogabat:
1959 448 2143 515 caput
2181 438 2242 499 in

185 542 466 587 aversam
506 524 781 585 lecticam
822 523 1127 595 inserens,
1172 523 1471 583 beneficia
1519 539 1676 597 quae
1720 523 2014 583 venderet
2051 539 2090 581 a
2121 523 2242 582 col·

180 612 323 683 lega
354 608 617 683 petebat.
650 608 910 667 XXXIII.
938 608 1097 667 Ecce
1124 607 1474 667 Dolabellae
1504 606 1880 667 comitiorum
1913 606 2076 665 dies:
2112 618 2243 663 sor·

183 691 313 753 titio
343 690 835 767 praerogativae:
869 689 1143 765 quiescit.
1186 688 1622 749 Renuntiatur:
1655 697 1833 750 tacet.
1867 686 2065 748 Prima
2088 688 2242 747 clas-

182 774 275 833 sis
289 782 561 845 vocatur,
596 772 1005 833 renuntiatur:
1041 770 1260 831 deinde
1276 772 1378 843 ita,
1399 779 1466 829 ut
1479 769 1736 841 adsolet,
1763 769 2083 845 suffragia=
2118 778 2241 829 tum

181 854 733 916 secunda-classis:
768 871 925 929 quae
958 852 1161 914 omnia
1192 861 1334 911 sunt
1363 851 1542 910 citius
1575 852 1735 911 sacta
1758 868 1936 925 quam
1965 851 2110 910 dixi.
2139 850 2243 912 83.

180 936 477 997 Confecto
532 938 801 1011 negotio·
846 937 1046 996 bonus
1100 950 1295 1007 augur
1337 966 1408 977 -—
1466 934 1527 993 C.-
1553 934 1822 993 Laelium
1879 932 2118 993 dIceres
2159 964 2244 976 —

182 1034 329 1077 auo
356 1033 459 1077 mr:
496 1016 708 1092 inquit.
796 1016 843 1075 0
872 1014 1304 1090 impudentiam
1334 1015 1725 1089 singularem!
1760 1015 1913 1088 Quid
1959 1014 2244 1073 videras?

188 1100 341 1175 quid
367 1102 695 1160 senseras?
732 1100 877 1174 quid
909 1101 1230 1161 audieras?
1271 1103 1483 1176 Neque
1514 1103 1672 1162 enim
1704 1110 1768 1163 te
1802 1104 1882 1163 de
1910 1092 2082 1161 caelo
2111 1116 2235 1160 ser·

186 1198 375 1243 vasse
390 1182 594 1241 dixisti
614 1197 728 1241 nec
745 1182 929 1243 hodie
950 1184 1122 1243 dicis.
1157 1184 1225 1242 Id
1249 1184 1430 1257 igitur
1453 1187 1702 1245 obvenit
1725 1186 1953 1255 vitium,
1981 1184 2148 1257 quod
2170 1190 2237 1244 tu

176 1270 302 1331 iam
328 1269 622 1330 Kalendis
648 1268 942 1329 Ianuariis
972 1271 1235 1331 futurum
1265 1284 1406 1329 esse
1431 1267 1784 1344 provideras
1815 1276 1874 1329 et
1906 1276 2072 1330 tanto
2101 1276 2241 1327 ante

182 1352 597 1428 praedixeras.
640 1352 799 1426 Ergo
826 1352 1070 1413 hercule
1098 1368 1334 1427 magna,
1368 1359 1435 1412 ut
1464 1368 1665 1427 sper0,
1700 1360 1804 1413 tua
1832 1350 2038 1426 potius
2061 1366 2240 1425 quam

178 1434 273 1494 rei
300 1434 583 1509 publicae
608 1434 942 1496 calamitate
970 1434 1292 1496 ementitus
1313 1450 1382 1495 es
1410 1433 1715 1509 auspicia:
1742 1432 2116 1497 obstrinxisti
2145 1449 2239 1492 re-

180 1516 408 1591 ligione
436 1517 729 1592 populum
759 1518 1115 1591 Romanum,
1144 1534 1340 1592 augur
1366 1516 1598 1593 auguri,
1629 1519 1842 1577 consul
1875 1516 2111 1578 consuli
2135 1514 2240 1574 ob-

179 1599 493 1660 nuntiasti.
575 1600 729 1659 Nolo
765 1601 954 1673 plura,
986 1618 1063 1661 ne
1091 1608 1227 1660 acta
1254 1600 1606 1660 Dolabellae
1630 1599 1844 1659 videar
1873 1598 2239 1667 convellere,

184 1696 345 1755 quae
373 1695 631 1739 necesse
659 1689 755 1740 est
774 1680 1101 1754 aliquando
1125 1680 1204 1739 ad
1233 1688 1506 1741 nostrum
1531 1680 1849 1753 collegium
1875 1681 2222 1739 deferantur

177 1762 285 1825 84.
340 1760 464 1821 Sed
520 1760 931 1834 adrogantiam
982 1761 1245 1821 hominis
1301 1761 1808 1839 insolentiamque
1868 1759 2232 1835 cognoscite.

180 1844 375 1918 Quam
414 1841 518 1903 diu
545 1850 611 1903 tu
637 1843 837 1913 voles,
888 1840 1145 1903 vitiosus
1178 1845 1393 1902 consul
1420 1842 1760 1902 Dolabella=
1787 1858 2020 1915 rursuS,
2059 1857 2237 1914 quum

186 1928 389 1999 voleS,
424 1926 611 1985 salvis
639 1923 933 2000 auspiciis
968 1934 1224 1985 creatus.
1313 1922 1379 1983 Si
1412 1922 1555 1982 nihil
1587 1931 1696 1995 est,
1729 1942 1912 1999 quum
1943 1940 2134 1998 augur
2165 1922 2242 1982 iis

184 2008 390 2069 verbis
432 2006 690 2078 nuntiat,
736 2005 957 2081 quibus
990 2016 1049 2067 tu
1079 2005 1396 2077 nuntiasti,
1439 2006 1726 2066 confitere
1763 2015 1852 2077 te,
1886 2023 2073 2080 quum
2095 2020 2236 2063 Amo

184 2106 285 2149 nm
314 2089 563 2165 dixeriS,
588 2088 858 2149 sobrium
881 2105 999 2149 non
1026 2090 1246 2149 fuisse:
1278 2088 1370 2147 sin
1401 2097 1497 2150 est
1524 2089 1726 2163 aliqua
1751 2088 1844 2147 vis
1865 2088 1926 2147 in
1950 2086 2084 2148 istis
2110 2102 2241 2145 ver·

177 2172 302 2245 bis,
339 2188 413 2231 ea
444 2188 601 2247 quae
632 2169 711 2231 sit
742 2188 937 2247 augur
962 2189 1001 2231 a
1032 2173 1266 2245 collega
1291 2172 1556 2246 requiro.

309 2252 432 2313 Sed
456 2270 531 2314 ne
564 2256 717 2315 rorte
754 2270 833 2313 ex
863 2254 1063 2315 multis
1090 2254 1276 2314 rebus
1309 2253 1498 2327 gestis
1527 2253 1606 2311 M.
1631 2250 1878 2313 Antonii
1906 2268 2031 2312 rem
2062 2266 2239 2312 unam

182 2336 649 2411 pulcherrimam
715 2338 1009 2397 transiliat
1072 2336 1298 2408 oratio,
1360 2336 1438 2394 ad
1486 2334 1844 2409 Lupercalia
1907 2334 2239 2396 veniamus.

178 2416 452 2477 XXXIV.
480 2417 611 2477 Non
636 2416 993 2494 dissimulat,
1020 2427 1223 2493 patres
1249 2416 1606 2492 conscripti:
1636 2426 1890 2492 apparet
1911 2434 2054 2479 esse
2079 2432 2242 2478 com-

184 2507 443 2559 motum=
492 2501 699 2572 sudat,
741 2503 943 2574 pallet.
1031 2500 1358 2574 Quidlibet,
1405 2501 1586 2561 modo
1617 2518 1694 2559 ne
1726 2510 2008 2573 nauseet,
2046 2497 2242 2570 faciat,

183 2582 358 2657 quod
386 2580 447 2641 in
483 2582 723 2657 porticu
748 2582 1015 2643 Minucia
1045 2583 1203 2644 fecit.
1268 2583 1433 2656 Quae
1463 2591 1662 2657 potest
1685 2600 1826 2642 esse
1856 2580 2241 2655 turpitudinis

186 2674 395 2729 tantae
411 2665 729 2725 defensio?
762 2667 951 2741 Cupio
972 2668 1202 2735 audire,
1218 2677 1288 2728 ut
1303 2668 1564 2737 videam,
1579 2665 1958 2724 ubirhetoris
1977 2663 2055 2723 sit
2072 2668 2241 2721 tanta

166 2760 447 2817 ¹merceS,
483 2746 545 2805 id
570 2754 681 2817 est,
719 2748 822 2807 ubi
846 2764 1099 2822 campus
1111 2749 1446 2809 LeontInus
1473 2754 1786 2823 appareat.
1843 2744 1943 2804 85.
1971 2743 2239 2805 Sedebat

182 2836 249 2893 in
281 2828 498 2890 rostris
522 2831 761 2903 collega
780 2834 941 2903 tuus,
968 2830 1225 2889 amictus
1250 2838 1396 2903 toga
1417 2844 1742 2904 purpurea,
1768 2826 1828 2887 in
1855 2829 2006 2889 sella
2027 2842 2236 2895 aurea,

188 2919 545 2975 coronatuS.
590 2911 909 2981 Escendis,
934 2912 1282 2971 accedis‘ad
1305 2912 1519 2971 sellam
1539 2944 1612 2955 —
1639 2909 1726 2969 ita
1749 2926 1886 2971 eras
1901 2912 2235 2988 Lupercus,

186 3006 257 3059 ut
280 3004 342 3059 te
372 2997 683 3058 consulem
713 3012 854 3057 esse
894 2993 1244 3055 meminisse
1287 2994 1544 3054 deberes
1570 3024 1683 3067 —,
1731 2994 2010 3055 diadema
2040 3002 2236 3055 osten·

187 3080 304 3141 dis.
407 3078 676 3145 Gemitus
720 3087 844 3141 toto
891 3080 1043 3139 foro.
1128 3077 1306 3139 Unde
1347 3076 1667 3137 diadema?
1709 3078 1839 3138 Non
1883 3076 2042 3137 enim
2079 3074 2237 3135 abie-

185 3170 351 3221 ctum
386 3162 739 3236 sustuleras,
778 3161 888 3222 sed
912 3159 1197 3221 attuleras
1216 3162 1421 3222 domo.
1467 3160 1818 3223 Meditatum
1844 3156 2241 3231 etcogitatum

186 3243 414 3305 scelus.
509 3244 599 3305 Tu
638 3243 917 3305 diadema
950 3244 1309 3317 imponebas
1357 3258 1494 3302 cum
1528 3244 1820 3318 plangore
1864 3236 2104 3315 populi:
2145 3238 2243 3297 ille

190 3341 331 3385 cum
363 3327 581 3399 plausu
607 3326 933 3388 reiiciebat.
1018 3324 1108 3387 Tu
1137 3342 1282 3401 crgo
1313 3340 1492 3395 unuS,
1525 3324 1834 3396 scelerate,
1868 3321 2150 3382 inventus
2172 3335 2241 3381 es
