2459 3817
267 168 308 229 4
586 169 735 229 PRO
779 169 946 229 SEX.
988 168 1265 228 ROSCIO
1309 169 1657 229 AMERINO
1702 162 2010 229 ORATIQ

268 320 368 381 10.
402 319 553 379 Fide
575 318 998 393 sapientiaque
1021 326 1226 378 vestra
1256 319 1443 379 fretus
1472 320 1613 394 plus
1650 317 1853 379 oneris
1886 311 2104 379 sustuli
2134 328 2321 392 quam

268 404 428 462 ferre
473 417 569 461 me
610 417 800 475 posse
840 400 1130 475 intelligo.
1183 402 1318 460 Hoc
1354 417 1511 461 onus
1554 400 1751 461 sivos
1786 399 1993 476 aliqua
2030 416 2111 459 ex
2140 404 2321 475 pane

266 482 662 559 adlevabitis‚
690 485 879 543 feram
912 492 978 544 ut
1006 491 1220 558 potero
1252 483 1453 544 studio
1483 491 1545 544 et
1570 482 1897 557 industria,
1925 482 2193 543 iudicesz
2226 478 2322 542 sin

268 584 308 625 a
339 566 549 640 vobis,
579 565 644 625 id
677 567 844 641 quod
872 582 994 627 non
1026 583 1242 641 spero,
1276 566 1555 639 deserar,
1587 573 1787 627 tamen
1822 567 2021 626 animo
2058 581 2183 627 non
2214 566 2319 625 de·

267 648 469 711 ficiam
497 657 558 709 et
575 646 666 721 id,
701 650 867 724 quod
895 648 1180 725 suscepi,
1213 650 1420 723 quoad
1448 656 1662 723 potero
1692 650 2008 725 perferam.
2063 648 2243 721 Quod
2270 646 2322 707 si

267 732 542 807 perferre
585 748 708 791 non
752 739 996 806 potero,
1029 730 1293 807 opprimi
1330 748 1429 793 me
1458 747 1645 791 onere
1672 729 1863 792 officii
1890 732 2079 803 malo,
2136 746 2321 805 quam

267 815 364 887 id,
409 814 576 889 quod
609 813 754 873 mihi
793 829 930 873 cum
969 814 1092 874 fide
1131 815 1321 874 semel
1356 812 1707 889 impositum
1748 821 1875 886 est,
1918 820 2022 873 aut
2066 821 2323 887 propter

269 896 588 971 perfidiam
629 895 892 955 abiicere
919 904 1026 956 aut
1061 904 1313 970 propter
1340 894 1744 956 infirmitatem
1774 894 1957 955 animi
1984 894 2319 971 deponere.

270 977 372 1041 ll.
415 979 498 1038 Te
530 993 778 1054 quoque
800 994 1019 1053 magno
1044 994 1262 1052 opere,
1294 978 1375 1037 Μ.
1404 976 1625 1050 Fanni,
1654 993 1917 1053 quaeso,
1946 985 2041 1048 ut,
2076 979 2319 1053 qualem

272 1070 332 1122 tc
381 1060 504 1121 iam
553 1069 734 1121 antea
782 1061 1012 1135 populo
1054 1061 1331 1119 Romano
1380 1059 1743 1135 praebuisti,
1798 1076 1985 1134 quum
2037 1059 2180 1120 huic
2236 1062 2318 1119 ei-

269 1144 410 1204 dem
454 1141 799 1218 quaestioni
843 1143 1028 1203 iudex
1070 1158 1431 1216 praeesses,
1477 1143 1659 1203 talem
1696 1149 1757 1202 te
1802 1151 1864 1203 et
1904 1142 2083 1203 nobis
2130 1151 2191 1203 et
2232 1141 2320 1202 rei

270 1225 556 1301 publicae
583 1225 703 1286 hoc
738 1232 1012 1300 tempore
1051 1224 1384 1299 impertias,
1470 1226 1545 1283 V.
1592 1225 1829 1298 Quanta
1860 1224 2180 1286 multitudo
2208 1225 2318 1285 ho-

270 1308 495 1369 minum
527 1307 882 1369 convenerit
921 1308 1002 1367 ad
1034 1307 1154 1367 hoc
1185 1308 1474 1369 iudicium
1502 1307 1707 1368 vides=
1750 1324 1907 1382 quae
1938 1307 2017 1367 sit
2051 1307 2320 1367 omnium

269 1392 612 1451 mortalium
653 1387 1061 1464 exspectatio,
1107 1406 1267 1463 quae
1305 1388 1611 1464 cupiditas
1668 1397 1733 1450 ut
1766 1389 1931 1450 acria
1970 1404 2044 1449 ac
2100 1406 2321 1450 severa

268 1471 496 1532 iudicia
535 1472 684 1531 fiant
732 1469 1035 1544 intelligis.
1107 1472 1321 1546 Longo
1360 1471 1677 1532 intervallo
1710 1471 1999 1531 iudicium
2042 1472 2199 1532 inter
2240 1472 2319 1533 si·

271 1554 474 1615 carios
513 1554 632 1613 hoc
674 1553 934 1628 primum
969 1553 1383 1632 committitur,
1430 1571 1615 1627 quum
1642 1552 1873 1615 interea
1906 1554 2131 1615 caedes
2167 1554 2319 1613 indi-

270 1635 599 1709 gnissimae
640 1636 1064 1711 maximaeque
1105 1637 1301 1697 sactae
1322 1643 1495 1696 sunt:
1548 1652 1761 1697 omnes
1802 1636 1959 1695 hanc
2012 1635 2319 1711 quaestio-

271 1735 408 1781 nem
463 1728 522 1779 te
577 1727 887 1794 praetore,
949 1716 1287 1779 manifestis
1336 1718 1647 1779 maleficiis
1698 1718 2128 1794 cotidianoque
2182 1735 2321 1779 san-

270 1802 450 1877 guine
499 1801 778 1868 dimisso,
839 1808 1092 1872 sperant
1149 1806 1437 1865 futuram.
1559 1801 1657 1863 12.
1717 1802 1845 1875 Qua
1886 1801 2320 1861 vociferatione

270 1884 332 1944 ‚in
382 1884 634 1944 caeteris
686 1884 926 1943 iudiciis
977 1892 1371 1945 accusatores
1420 1884 1505 1943 uti
1550 1892 2027 1956 consueverunt,
2077 1900 2153 1944 ea
2206 1899 2320 1951 nos

270 1967 390 2027 hoc
453 1973 722 2039 tempore
772 1967 992 2026 utimur
1053 1966 1155 2041 qui
1211 1982 1457 2027 causam
1515 1966 1791 2029 dicimus.
1897 1965 2161 2027 Petimus
2208 1967 2321 2025 abs

273 2058 362 2121 te,
409 2048 488 2105 M.
518 2046 736 2118 Fanni,
785 2064 822 2105 a
849 2047 1178 2123 vobisque,
1207 2047 1472 2119 iudiceS,
1505 2058 1571 2109 ut
1606 2065 1785 2123 quam
1814 2048 2107 2109 acerrime
2136 2050 2321 2125 male·

274 2129 414 2190 ficia
444 2128 796 2202 vindicetiS‚
837 2138 903 2190 ut
933 2146 1114 2205 quam
1147 2130 1477 2190 fortissime
1515 2130 1859 2191 hominibus
1894 2129 2321 2191 audacissimis

273 2211 602 2285 resistatIs,
640 2219 705 2271 ut
736 2212 854 2272 hoc
884 2209 1194 2286 cogitetis,
1228 2210 1349 2271 nisi
1374 2213 1437 2271 in
1470 2212 1587 2272 hac
1614 2230 1803 2275 causa
1830 2212 1935 2288 qui
1964 2221 2168 2274 vester
2196 2212 2319 2273 ani-

273 2312 408 2355 mus
450 2294 532 2355 sit
575 2293 996 2367 ostenderitiS,
1039 2311 1114 2354 eo
1155 2310 1552 2369 prorumpere
1592 2295 1901 2356 hominum
1931 2294 2321 2370 cupiditatem

274 2385 335 2436 et
369 2378 572 2437 scelus
607 2384 668 2437 et
693 2376 1040 2449 audaciam,
1082 2385 1148 2436 ut
1179 2394 1298 2437 non
1330 2377 1514 2437 modo
1544 2379 1727 2450 clam,
1772 2394 1980 2438 verum
2008 2376 2193 2439 etiam
2225 2377 2322 2435 hic

273 2457 336 2518 in
380 2459 512 2519 foro
557 2466 698 2518 ante
736 2458 995 2519 tribunal
1035 2467 1230 2531 tuum,
1272 2460 1351 2519 Μ.
1379 2459 1599 2533 Fanni,
1640 2470 1781 2521 ante
1823 2460 2016 2535 pedes
2059 2468 2323 2530 vestrOS,

275 2540 539 2611 iudiceS,
570 2538 726 2601 inter
758 2540 896 2615 ipsa
925 2540 1217 2601 subsellia
1248 2542 1471 2602 caedes
1502 2543 1739 2605 futurae
1769 2542 1909 2604 sint.
1952 2542 2051 2603 13.
2086 2542 2321 2602 Etenim

277 2622 424 2697 quid
455 2621 621 2682 aliud
647 2621 766 2682 hoc
795 2621 1020 2683 iudicio
1045 2632 1397 2697 temptatur,
1441 2623 1559 2683 nisi
1589 2633 1654 2684 ut
1680 2624 1743 2685 id
1773 2624 1903 2685 fieri
1928 2625 2146 2685 liceat?
2202 2628 2320 2684 Ac-

276 2712 492 2764 cusant
519 2703 590 2776 ii,
624 2705 728 2779 qui
758 2703 819 2764 in
854 2706 1130 2766 fortunas
1163 2705 1345 2766 huius
1374 2707 1759 2767 invaserunt=
1795 2723 2045 2767 causam
2080 2706 2230 2767 dicit
2251 2708 2319 2775 is,

277 2785 375 2845 cui
418 2795 659 2860 praeter
700 2786 1098 2849 calamitatem
1140 2788 1285 2847 nihil
1310 2787 1711 2864 reliquerunt=
1754 2798 2048 2851 accusant
2075 2789 2147 2862 ii,
2192 2788 2321 2865 qui·

274 2867 390 2928 bus
415 2867 611 2929 occidi
641 2877 871 2943 patrem
895 2868 1036 2929 Sex.
1059 2870 1270 2931 Roscii
1296 2871 1460 2932 bono
1490 2872 1629 2932 fuit:
1661 2887 1909 2933 causam
1938 2870 2192 2944 dicitis,
2226 2870 2323 2932 cui
2394 2876 2396 2897 ¹

277 2968 398 3009 non
441 2951 622 3011 modo
670 2953 892 3013 luctum
933 2969 1098 3013 mors
1144 2952 1334 3027 patris
1362 2955 1587 3027 attulit,
1629 2971 1841 3015 verum
1876 2953 2055 3015 etiam
2084 2964 2322 3027 egesta--

277 3042 426 3093 tem:
459 3043 748 3095 accusant
773 3034 828 3102 ii,
857 3031 961 3105 qui
983 3032 1693 3112 hunc[1psum]1ugulare
1718 3053 1950 3097 summe
1974 3037 2320 3111 cupierunt·

277 3132 525 3177 eausam
560 3115 746 3178 dicit
731 3134 812 3189 ιε,
847 3116 950 3193 qui
981 3118 1158 3179 etiam
1187 3120 1265 3177 ad
1295 3118 1451 3179 hoc‘
1435 3136 1639 3194 ipsum
1667 3118 1955 3181 iudicium
1982 3136 2119 3178 cum
2146 3136 2319 3194 prae·

277 3189 434 3259 sidio
482 3198 670 3270 venit,
730 3217 805 3260 ne
844 3199 942 3259 hic
982 3200 1205 3261 ibidem
1238 3211 1377 3262 ante
1418 3205 1633 3263 oculos
1681 3211 1918 3264 vestros
1961 3201 2317 3263 trucidetur=

277 3281 541 3357 denique
570 3291 860 3343 accusant
895 3284 961 3355 ii,
1007 3301 1163 3357 quos
1205 3286 1471 3357 populus
1515 3286 1741 3360 poscit·
1796 3301 2043 3345 causam
2072 3283 2263 3345 dicit
2246 3301 2315 3355 ιε,

281 3365 382 3436 qui
410 3382 568 3426 unus
598 3364 843 3425 lelictus
877 3382 953 3426 ex
982 3365 1220 3427 illorum
1253 3367 1482 3427 nefaria
1518 3368 1705 3428 caede
1734 3374 1937 3429 restat.
1986 3365 2085 3427 14.
2116 3370 2317 3442 Atque
