2459 3817
17 0 2454 59 ,-

795 222 957 282 CAP.
985 230 1116 286 7-
1132 234 1216 285 1o.
1261 228 1313 289 s.
1344 231 1414 284 24
1429 254 1501 268 -
1518 231 1607 285 aa.
1874 208 1883 215 ’
2102 220 2185 287 51

145 383 203 433 te
225 367 532 433 inimicum
555 387 699 432 esse
728 370 900 444 dicis,
931 387 1074 432 sese
1101 379 1301 431 tamen
1329 378 1389 431 te
1418 378 1623 431 actore
1652 372 1733 431 ad
1752 370 2039 432 iudicium
2060 388 2182 434 non

143 455 482 514 adfuturos.
541 452 736 525 Quare
769 460 992 527 negent
1018 469 1096 513 ex
1128 468 1226 511 me
1266 469 1389 513 non
1428 453 1673 525 audies,
1719 453 1837 513 hos
1872 463 2081 527 patere
2121 456 2184 515 id

147 534 482 609 suspicari,
517 534 686 609 quod
713 550 971 593 necesse
1006 542 1118 593 est.
1187 532 1279 593 Illi
1322 534 1598 609 quidem,
1635 543 1703 594 ut
1742 542 1835 595 est
1875 535 2183 598 hominum

145 611 339 691 genus
372 614 550 677 nimis
581 624 819 676 acutum
851 624 911 675 et
943 614 1383 689 suspiciosum,
1412 632 1533 675 non
1580 623 1640 675 te
1682 632 1762 675 ex
1788 615 1993 677 Sicilia
2031 619 2185 680 litte-

143 714 247 759 ras
276 698 336 757 in
365 699 622 758 Verrem
652 698 974 771 deportare
998 697 1154 757 velle
1189 696 1579 771 arbitrantur,
1608 698 1739 771 sed,
1768 700 1936 772 quod
1966 698 2183 759 iisdem

145 779 358 841 litteris
385 779 546 840 illius
579 787 862 854 praetura
889 788 950 839 et
973 786 1078 839 tua
1107 786 1437 852 quaestura
1465 778 1819 854 consignata
1848 779 1943 853 sit,
1970 796 2183 857 aspor-

145 871 278 921 tare
305 868 366 921 te
391 864 549 921 velle
579 878 658 921 ex
688 860 893 921 Sicilia
921 860 1148 920 litteras
1177 859 1587 934 suspicantur.

311 942 412 1004 29.
450 942 684 1003 Deinde
716 950 1133 1003 accusatorem
1171 942 1411 1001 firmum
1440 958 1775 1016 verumque
1818 959 1959 1002 esse
2003 960 2178 1018 opor·

143 1034 248 1085 tet.
298 1025 452 1085 Eum
481 1040 596 1098 ego
627 1023 680 1083 si
713 1031 772 1084 te
801 1033 1006 1098 putem
1034 1039 1257 1097 cupere
1301 1040 1477 1097 esse,
1519 1022 1695 1083 facile
1735 1022 2001 1097 intelligo
2044 1040 2185 1085 esse

143 1124 272 1167 non
308 1122 515 1181 posse.
577 1106 702 1165 Nec
750 1122 826 1165 ea
865 1104 1033 1176 dico,
1080 1121 1239 1180 quae
1280 1104 1335 1165 si
1374 1104 1601 1178 dicam,
1641 1113 1839 1165 tamen
1882 1103 2185 1166 infirmare

143 1204 270 1248 non
299 1186 534 1262 possis:
565 1195 648 1259 te,
696 1196 836 1247 ante
866 1204 1046 1262 quam
1075 1186 1153 1247 de
1184 1186 1392 1247 Sicilia
1420 1186 1794 1257 decesseris,
1836 1186 1898 1246 in
1935 1186 2184 1260 gratiam

138 1268 386 1329 redisse
413 1285 548 1329 cum
574 1271 801 1330 Verrez
829 1268 1217 1328 Potamonem
1252 1270 1512 1329 scribam
1542 1276 1603 1327 et
1629 1267 1983 1327 familiarem
2014 1276 2183 1329 tuum

137 1358 446 1411 retentum
477 1366 618 1414 esse
647 1368 684 1410 a
710 1352 905 1409 Verre
931 1349 994 1409 in
1021 1348 1369 1424 provincia,
1403 1367 1587 1424 quum
1615 1357 1681 1410 tu
1709 1350 2071 1411 decederes:
2101 1350 2183 1409 M.

140 1430 501 1506 caecilium,
550 1434 793 1493 fratrem
837 1440 1037 1507 tuum,
1079 1430 1474 1492 lectissimum
1514 1427 1699 1507 atq‘ue
1738 1431 2183 1492 ornatissimum

137 1514 624 1588 adolescentem,
655 1531 776 1575 non
805 1516 987 1575 modo
1018 1530 1142 1575 non
1177 1514 1400 1575 adesse
1440 1532 1639 1589 neque
1678 1523 1877 1574 tecum
1914 1523 2049 1575 tuas
2090 1514 2187 1581 in-

136 1594 329 1655 iurias
365 1594 683 1671 persequi,
723 1598 836 1657 sed
869 1613 1011 1658 esse
1053 1613 1188 1656 cum
1219 1597 1413 1657 Verre
1446 1603 1507 1656 et
1539 1612 1677 1657 cum
1704 1595 1806 1655 illo
1847 1596 2183 1658 familiaris-

137 1678 296 1738 sime
325 1685 507 1752 atque
537 1677 901 1739 amicissime
928 1677 1156 1739 vivere.
1199 1677 1352 1738 Sunt
1380 1687 1441 1739 et
1465 1678 1619 1738 haee
1641 1685 1703 1738 et
1720 1678 1840 1737 alia
1864 1677 1929 1737 in
1957 1686 2016 1737 te
2044 1677 2181 1737 falsi

137 1760 522 1820 accusatoris
555 1759 730 1833 signa
762 1762 1084 1836 permulta,
1123 1758 1345 1834 quibus
1373 1776 1488 1834 ego
1524 1774 1687 1819 nunc
1714 1774 1841 1817 non
1870 1766 2033 1817 utorz
2062 1758 2181 1818 hoe

134 1842 282 1901 dico
300 1885 317 1913 ,
359 1849 449 1913 te,
501 1839 556 1901 si
585 1840 846 1901 maxime
875 1840 1121 1915 cupiaS,
1150 1848 1348 1899 tamen
1376 1856 1587 1899 verum
1614 1847 2031 1898 accusatorem
2059 1856 2179 1898 non

132 1938 286 1983 esse
312 1938 524 1997 posse.
565 1921 668 1983 30.
709 1922 909 1981 Video
934 1923 1093 1980 enim
1115 1922 1411 1994 permulta
1441 1936 1583 1980 esse
1612 1918 1888 1991 crimina,
1924 1936 2182 1995 quorum

127 2002 247 2065 tibi
281 2003 548 2064 societas
577 2019 717 2062 cum
741 2003 938 2062 Verre
966 2000 1098 2061 eius
1140 2000 1305 2061 modi
1346 2007 1466 2072 est,
1516 2009 1582 2062 ut
1623 2018 1697 2063 ea
1735 2000 1796 2061 in
1834 2002 2179 2064 accusando

128 2084 439 2159 attingere
469 2099 590 2142 non
621 2084 874 2144 audeas.
913 2082 985 2143 X.
1027 2080 1303 2154 Queritur
1332 2082 1537 2144 Sicilia
1568 2092 1693 2145 tota
1722 2084 1784 2143 C.
1812 2085 2066 2145 Verrem
2102 2086 2179 2145 ab

124 2163 516 2235 aratoribuS,
554 2181 736 2240 quum
777 2165 1133 2225 frumentum
1175 2162 1291 2224 sibi
1330 2164 1391 2225 in
1421 2166 1633 2225 cellam
1670 2164 2095 2240 imperavisset
2120 2175 2174 2227 et

128 2262 335 2324 quum
365 2252 532 2306 esset
557 2244 733 2307 tritici
759 2246 999 2307 modius
1029 2245 1325 2307 sestertiis
1354 2248 1622 2321 duobus,
1654 2265 1767 2323 pro
1789 2249 2085 2309 frumento
2116 2246 2173 2308 ir.

127 2326 387 2390 modios
423 2328 694 2403 singulos
725 2330 1046 2391 duodenos
1069 2328 1385 2390 sestertios
1410 2329 1713 2404 exegisse.
1750 2329 2037 2404 Magnum
2065 2327 2180 2388 cri·-

123 2426 309 2481 men,
345 2409 560 2485 ingens
586 2409 874 2487 pecunia,
912 2412 1129 2473 furtum
1152 2409 1505 2485 impudens,
1526 2410 1745 2472 iniuria
1765 2426 1887 2471 non
1909 2410 2179 2471 ferenda.

125 2494 271 2565 Ego
300 2491 418 2551 hoc
441 2508 564 2553 uno
593 2491 841 2553 crimine
868 2490 1034 2553 illum
1063 2493 1461 2553 condemnem
1488 2508 1745 2553 neeesse
1768 2500 1890 2553 est:
1920 2500 2002 2566 tu,
2032 2492 2181 2553 Cae-

130 2572 276 2647 cili,
308 2572 456 2648 quid
488 2573 721 2634 facies?
760 2572 860 2633 31.
902 2574 1113 2635 Utrum
1143 2573 1263 2634 hoc
1290 2580 1517 2635 tantum
1548 2572 1773 2634 crimen
1806 2572 2175 2649 praetermit⁴

128 2664 234 2717 tes
267 2670 345 2713 an
373 2654 670 2715 obiicias?
710 2654 774 2715 Si
809 2654 1092 2729 obiicieS,
1134 2654 1275 2716 idne
1305 2658 1472 2718 alteri
1502 2654 1734 2715 crimini
1764 2654 1969 2728 dabis,
2013 2656 2179 2730 quod

127 2734 361 2803 ,eodem
391 2743 662 2811 tempore
691 2736 752 2797 in
781 2738 996 2797 eadem
1023 2736 1341 2814 provincia
1366 2746 1431 2798 tu
1458 2736 1594 2811 ipse
1637 2736 1875 2797 fecisti?
1921 2737 2176 2798 audebis

128 2818 219 2879 ita
249 2832 542 2879 accusare
569 2820 847 2892 alterum,
889 2828 956 2879 ut
997 2836 1118 2894 quo
1170 2818 1369 2879 minus
1394 2827 1534 2880 -tute
1574 2820 1977 2881 condemnere
2004 2834 2175 2879 recu-

133 2915 281 2959 sare
314 2914 439 2959 non
471 2900 722 2975 possis?
779 2900 886 2960 Sin
920 2900 1390 2975 praetermitteS,
1436 2900 1635 2975 qualis
1663 2900 1774 2961 erit
1800 2909 1902 2961 tua
1928 2900 2047 2963 ista
2076 2918 2169 2961 ac-

134 2980 408 3052 cusatio,
460 2998 616 3057 quae
658 2981 972 3042 domestici
1008 2981 1264 3057 periculi
1300 2989 1465 3042 metu
1496 2980 1814 3043 certissimi
1844 2992 1906 3043 et
1932 2982 2175 3043 maximi

133 3060 408 3122 criminis
457 3079 580 3124 non
629 3064 810 3124 modo
853 3062 1294 3140 suspicionem,
1346 3079 1553 3123 verum
1594 3064 1772 3125 etiam
1811 3065 2175 3127 mentionem

127 3148 335 3221 ipsam
365 3144 800 3219 pertimescat?
849 3142 951 3203 32.
980 3144 1263 3215 Emptum
1291 3152 1385 3203 est
1413 3160 1491 3204 ex
1520 3146 1714 3207 senati
1744 3150 2028 3207 consulto
2060 3149 2179 3205 fru-

132 3231 410 3299 mentum
442 3223 518 3284 ab
548 3223 768 3285 Siculis
797 3232 1079 3300 praetore
1105 3226 1330 3298 Verre,
1365 3240 1477 3298 pro
1508 3243 1629 3300 quo
1658 3229 1953 3286 frumento
1989 3242 2164 3299 pecu-

132 3305 239 3365 nia
270 3303 468 3366 omnis
497 3308 696 3367 soluta
724 3322 849 3367 non
880 3313 991 3367 est.
1049 3305 1246 3366 Grave
1276 3315 1371 3367 est
1400 3305 1518 3367 hoc
1552 3307 1777 3368 crimen
1806 3306 1867 3366 in
1896 3310 2167 3376 Verrem,

131 3403 326 3461 grave
360 3405 458 3447 me
486 3395 733 3461 agente:
779 3395 838 3449 te
867 3396 1192 3449 accusante
1221 3389 1467 3463 nullum.
1525 3389 1675 3447 Eras
1706 3387 1864 3448 enim
1894 3395 1956 3447 tu
1986 3404 2165 3461 quae-
2221 3448 2228 3452 .

1638 3482 1733 3545 4*
