2459 3817
226 99 313 166 ‘14
832 89 985 156 mo
1010 90 1075 153 Ρ.
1106 88 1372 154 SESTIO
1402 87 1704 153 omno.
2128 174 2172 208 ο

223 245 729 324 diuturna,·adeo
750 243 873 306 vim
904 241 1195 306 facinoris
1224 241 1320 304 sui
1349 241 1846 318 perhorruerant,
1873 247 1958 315 ut,
1989 238 2048 302 sl
2077 241 2298 318 paullo

228 334 468 412 longior
510 329 719 407 opinio
756 327 967 390 mortis
1000 325 1183 388 Sestii
1228 325 1474 398 fuisset,
1517 326 1854 387 Gracchum
1895 325 2066 385 illum
2105 343 2304 386 suum

228 413 637 481 transterendi
664 411 727 473 in
761 427 877 473 nos
910 409 1179 472 criminis
1208 424 1399 470 causa
1427 410 1708 470 occidere
1737 409 2077 484 cogitarim.
2133 408 2302 468 Sen-

230 501 312 562 sit
338 497 667 561 rusticulus
699 510 821 555 non
852 493 1136 555 incautus
1162 525 1251 540 —
1290 509 1492 568 neque
1521 492 1682 552 enim
1711 492 1991 553 homines
2020 505 2306 564 nequam

230 591 435 644 tacere
464 585 789 654 potuerunt
825 605 903 624 —
933 593 1111 638 suum
1150 577 1510 652 sanguinem
1551 576 1764 651 quaeri
1791 577 1870 636 ad
1899 573 2306 650 restinguen-

226 665 371 725 dam
400 660 687 722 invidiam
720 658 1010 721 facinoris
1040 658 1342 720 Clodiani=
1365 657 1748 719 mulionicam
1769 660 2090 734 paenulam
2127 657 2307 718 adri·

230 745 393 823 pust,
424 758 561 805 eum
591 758 713 819 qua
741 741 1001 818 primum
1022 744 1278 803 Romam
1307 743 1388 803 ad
1415 741 1654 803 comitia
1677 751 1956 803 venerate
1985 741 2308 801 messoria

234 845 306 892 se
344 827 533 890 corbe
572 825 861 888 contexit.
952 826 1149 899 Quum
1204 834 1566 900 quaererent
1609 825 1710 885 alii
1753 823 2134 895 Numerium,
2191 822 2306 884 alii

230 909 557 986 Quintium,
596 909 817 984 gemini
858 909 1121 970 nominis
1164 923 1374 970 errore
1415 915 1694 969 servatus
1731 916 1843 969 est.
1922 910 2130 982 Atque
2173 906 2304 967 hoc

233 994 405 1057 scitis
432 1009 675 1064 omnes,
708 1007 909 1068 usque
936 993 1093 1054 adeo
1115 991 1420 1053 hominem
1451 993 1511 1051 in
1541 991 1810 1066 periculo
1836 990 2047 1061 ruisse,
2079 991 2302 1064 quoad

232 1078 453 1140 scitum
482 1085 579 1138 est
602 1074 871 1136 Sestium
910 1076 1139 1136 vivere.
1208 1074 1386 1149 Quod
1415 1073 1476 1134 ni
1499 1083 1662 1136 esset
1685 1073 2070 1149 patefactum,
2085 1074 2298 1148 paullo

232 1161 416 1222 eitius
459 1175 641 1234 quam
687 1161 935 1230 vellem,
988 1175 1109 1220 non
1148 1157 1236 1220 illi
1263 1158 1508 1232 quidem
1529 1166 1724 1218 morte
1747 1157 2146 1218 mercennarii
2197 1156 2300 1216 sui

234 1246 567 1306 transferre
609 1241 953 1316 potuissent
992 1240 1280 1302 invidiam
1311 1242 1374 1302 in
1415 1256 1574 1316 quos
1606 1241 1930 1316 putabant,
1973 1239 2088 1301 sed
2121 1255 2299 1299 acer-

236 1325 473 1384 bissimi
502 1325 753 1384 sceleris
782 1323 1091 1384 infamiam
1122 1333 1298 1397 grato
1341 1325 1608 1400 quodam
1637 1327 1873 1386 scelere
1904 1321 2298 1384 minuissent.

232 1406 337 1468 83.
375 1407 467 1465 Ac
497 1404 551 1464 si
594 1414 715 1465 tum
745 1405 808 1463 P.
840 1404 1111 1475 Sestius,
1162 1405 1429 1480 iudices,
1479 1406 1542 1467 in
1581 1409 1808 1483 templo
1852 1405 2122 1467 Castoris
2163 1404 2301 1466 ani-

234 1504 395 1550 mam
432 1503 613 1562 quam
647 1486 753 1546 vix
781 1487 1027 1548 retinuit
1050 1486 1376 1562 edidisset,
1410 1506 1532 1550 non
1563 1491 1770 1552 dubito
1801 1489 1981 1564 quin,
2015 1488 2070 1550 si
2106 1489 2296 1549 modo

232 1579 407 1634 esset
432 1571 495 1632 in
522 1587 590 1632 re
633 1570 881 1646 publiea
918 1579 1199 1644 senatus,
1245 1572 1300 1633 si
1341 1572 1628 1634 maiestas
1672 1573 1885 1649 populi
1911 1573 2168 1633 Romani
2199 1588 2296 1632 re·

238 1655 526 1729 vixisset,
570 1653 899 1731 aliquando
942 1663 1142 1717 statua
1187 1655 1329 1716 huic
1364 1657 1444 1718 ob
1474 1673 1600 1716 rem
1635 1656 1938 1732 publicam
1973 1655 2293 1716 interfecto

236 1739 301 1804 in
340 1741 473 1802 soro
517 1747 899 1802 statueretur.
978 1738 1104 1800 Nec
1157 1755 1302 1800 vero
1345 1739 1583 1800 illorum
1639 1739 1994 1815 quisquam,
2049 1754 2214 1814 quos
2258 1753 2297 1796 a

238 1821 571 1885 maioribus
610 1821 837 1886 nostris
878 1830 1071 1884 morte
1116 1823 1280 1884 obita
1317 1822 1554 1896 positos
1595 1822 1655 1884 in
1699 1822 1800 1883 illo
1848 1824 1985 1883 loeo
2015 1829 2207 1897 atque
2236 1821 2296 1880 in

232 1907 455 1967 rostris
490 1907 824 1968 collocatos
854 1904 1092 1976 videtis,
1134 1911 1304 1967 esset
1327 1905 1390 1966 Ρ.
1421 1903 1619 1966 Sestio
1643 1913 1749 1966 aut
1775 1903 2102 1968 acerbitate
2135 1919 2296 1963 mor-

241 1987 318 2048 tis
352 1996 454 2048 aut
480 1988 681 2049 animo
711 1988 771 2047 in
800 2004 927 2048 rem
951 1988 1256 2064 publicam
1281 1989 1780 2062 praeponendum
1811 1988 1914 2064 qui
1938 2003 2128 2063 quum
2151 2003 2296 2047 cau·

240 2085 375 2128 sam
406 2068 557 2128 civis
588 2068 956 2142 calamitosi,
992 2086 1246 2132 causam
1273 2069 1478 2142 amici,
1511 2086 1758 2132 causam
1789 2072 1943 2132 bene
1973 2072 2050 2130 de
2084 2086 2152 2130 re
2183 2086 2294 2145 pu·

241 2149 399 2211 blica
440 2150 663 2224 meriti,
718 2166 965 2212 eausam
1009 2162 1289 2226 senatus,
1347 2167 1592 2214 eausam
1633 2153 1866 2226 ltaliae,
1911 2169 2161 2214 eausam
2209 2151 2296 2213 rei

234 2232 523 2309 publicae
546 2232 957 2307 suscepisset,
996 2251 1309 2311 quumque
1325 2235 1620 2310 auspiciis
1642 2235 2042 2312 religionique
2063 2251 2294 2311 parens

238 2315 657 2386 obnuntiaret,
707 2318 875 2389 quod
917 2328 1219 2389 senserat,
1263 2319 1401 2378 luce
1441 2320 1640 2394 palam
1667 2335 1705 2378 a
1737 2319 1982 2380 nefariis
2013 2319 2294 2393 pestibus

240 2398 303 2459 in
334 2397 586 2458 deorum
615 2399 1048 2474 hominumque
1080 2409 1418 2475 conspeetu
1445 2409 1615 2463 esset
1637 2401 1879 2462 occisus
1904 2400 2294 2462 sanctissimo

234 2481 304 2540 in
331 2479 588 2554 templo,
638 2480 1025 2542 sanctissima
1067 2481 1125 2542 in
1156 2499 1376 2556 causa,
1413 2484 1798 2545 sanctissimo
1829 2485 1888 2544 in
1917 2483 2294 2560 magistratu.

236 2561 391 2623 Eius
423 2561 604 2638 igitur
644 2562 823 2624 vitam
856 2563 1179 2638 quisquam
1214 2566 1598 2640 spoliandam
1630 2567 1998 2628 ornamentis
2027 2579 2171 2628 esse
2201 2565 2295 2626 di·

243 2654 367 2718 cet,
421 2644 599 2708 cuius
646 2655 898 2708 mortem
950 2648 1283 2728 ornandam
1325 2657 1714 2712 monumento
1763 2653 2132 2728 sempiterno
2176 2666 2294 2724 pu·

240 2727 493 2790 tax-etis?

410 2811 669 2874 XXXIX.
706 2812 809 2879 84.
852 2813 1177 2896 Homiijs,
1204 2813 1426 2892 inquit,
1462 2814 1691 2891 emisti,
1721 2816 2006 2893 coegisti,
2045 2813 2296 2892 parasti.

238 2925 328 2938 -
353 2893 507 2966 Quid
540 2897 626 2956 uti
660 2898 930 2959 faceret?
978 2909 1255 2961 senatum
1293 2900 1645 2961 obsideret?
1697 2899 1867 2962 cives
1906 2901 2294 2961 indemnatos

236 2978 619 3050 expelleret?
657 2981 821 3040 bona
856 2981 1185 3056 diriperet?
1230 2984 1418 3044 aedes
1450 2984 1838 3044 incenderet?
1882 2991 2038 3044 tecta
2069 2981 2296 3042 distur-

240 3057 458 3121 baret?
518 3064 743 3137 templa
788 3063 1040 3124 deorum
1070 3065 1490 3127 immortalium
1530 3065 1966 3127 inflammaret?
2013 3065 2297 3125 tribunos

242 3143 442 3218 plebis
472 3144 632 3206 ferro
665 3161 701 3205 e
731 3145 947 3206 rostris
974 3148 1349 3222 expelleret?
1387 3147 1731 3222 provincias
1763 3165 1918 3224 quas
1944 3149 2126 3208 vellet
2155 3145 2294 3221 qui·

245 3225 360 3284 bus
409 3228 595 3288 vellet
642 3227 974 3288 venderet?
1027 3245 1207 3300 reges
1259 3232 1634 3304 appellaret?
1691 3246 1892 3290 rerum
1943 3228 2294 3304 capitalium

246 3308 679 3372 condemnatos
718 3308 780 3368 in
820 3307 1041 3370 liberas
1085 3309 1361 3370 civitates
1403 3327 1513 3386 per
1549 3313 1784 3379 legatos
1821 3320 2069 3374 nostros
2110 3311 2295 3373 redu·-
