2459 3817
830 124 993 206 cAPL
1024 151 1286 208 ιιι-ιο.
1331 149 1382 212 s.
1415 149 1680 206 ιιι-οι.
2206 139 2292 204 27

236 311 440 372 neque
469 292 830 370 cuiusquam
858 301 1211 356 ornamenta
1242 291 1534 356 orationis
1575 288 1914 364 desiderat,
1954 298 2160 366 potest
2199 290 2284 352 di·

233 394 377 440 cere
422 377 747 454 quisquam
791 395 1079 453 umquam
1124 375 1443 448 meliores,
1485 376 1799 448 fortiores,
1845 373 2290 434 constantiores

234 462 593 522 consulares
633 459 826 522 fuisse
870 477 1051 535 quam
1091 459 1167 520 iis
1208 456 1584 534 temporibus
1619 465 1680 517 et
1714 455 2001 532 periculis
2018 500 2038 528 ,
2069 454 2291 530 quibus

232 557 433 618 paene
460 559 765 618 oppressa
792 551 892 604 est
913 559 1018 604 res
1045 541 1336 617 publicar
1395 538 1544 614 Quis
1585 555 1708 600 non
1743 539 1822 600 de
1857 536 2164 600 communi
2191 553 2287 596 sa·

232 627 358 686 luto
432 623 691 701 optime,
762 625 901 700 quis
952 639 1083 686 non
1132 622 1498 695 fortissime,
1587 623 1726 698 quis
1767 637 1891 682 non
1925 619 2290 682 constantis·

233 705 389 769 sime
416 706 649 768 sensit?
690 707 904 783 Neque
933 723 1051 782 ego
1084 705 1418 802 praecipue
1445 667 1526 766 d⁹e
1553 703 1980 766 consularibus
2009 702 2287 778 disputo·

230 805 371 852 nam
393 789 546 850 haec
568 799 629 851 et
648 789 959 850 hominum
979 787 1521 858 ornatissimorum,
1560 786 1665 862 qui
1692 792 2007 862 praetores
2029 787 2290 860 fuerunt,

229 881 292 934 et
330 871 601 934 universi
640 880 894 934 senatus
922 870 1260 934 communis
1301 878 1397 932 est
1424 871 1593 942 lauS,
1643 877 1712 931 ut
1737 876 1976 929 constet
2003 877 2150 942 post
2179 867 2289 928 ho·

230 953 457 1016 minum
486 955 835 1016 memorium
865 971 1195 1031 numquam
1222 953 1285 1013 iu
1317 955 1420 1013 illo
1451 951 1664 1026 ordine
1693 953 1833 1027 plus
1861 948 2120 1022 virtutis,
2149 951 2289 1024 plus

230 1037 458 1098 amoris
486 1036 551 1097 in
569 1053 697 1097 rem
720 1038 1041 1112 publicam,
1074 1038 1217 1112 plus
1247 1033 1558 1110 gravitatis
1588 1033 1810 1096 fuisse=
1841 1033 1954 1093 sed
1985 1033 2128 1110 quia
2150 1038 2292 1094 sunt

230 1118 523 1194 descripti
563 1121 950 1191 consulares,
998 1120 1079 1180 de
1109 1119 1207 1179 his
1248 1126 1474 1179 tantum
1514 1115 1660 1178 mibi
1701 1117 2030 1178 dicendum
2059 1114 2286 1192 putavi,

232 1201 399 1276 quod
424 1201 573 1262 satis
603 1210 771 1263 esset
821 1202 903 1262 ad
931 1201 1274 1262 testandam
1298 1200 1566 1262 omnium
1589 1199 1960 1274 memoriam,
1987 1199 2290 1260 neminem

227 1299 373 1344 esse
404 1297 485 1344 ex
510 1285 619 1343 illo
648 1283 905 1344 honoris
926 1285 1121 1358 gradu
1152 1283 1257 1358 qui
1286 1300 1409 1343 non
1437 1281 1602 1344 omni
1629 1281 1831 1344 studio
1848 1327 1864 1356 ,
1905 1281 2154 1354 virtute,
2183 1297 2286 1341 au-

228 1365 503 1426 ctoritate
523 1363 865 1427 incubuerit
880 1367 960 1428 ad
981 1383 1113 1428 rem
1130 1365 1436 1441 publicam
1455 1366 1957 1431 conservandam.
1992 1365 2171 1426 XXX.
2185 1361 2287 1425 83.

227 1447 354 1510 Sed
384 1449 574 1523 quid?
606 1465 758 1524 ego,
789 1447 895 1524 qui
924 1448 1233 1510 Catilinam
1263 1464 1384 1509 non
1413 1447 1687 1522 laudavi,
1729 1447 1834 1524 qui
1861 1464 1970 1510 reo
2001 1447 2290 1508 Catilinae

226 1532 443 1593 consul
484 1547 608 1592 non
646 1531 847 1604 adfui,
890 1533 995 1607 qui
1032 1530 1442 1594 testimonium
1472 1532 1553 1593 de
1595 1530 2012 1594 coniuratione
2051 1529 2181 1590 dixi
2225 1527 2290 1589 in

224 1613 402 1688 alios,
436 1613 674 1676 adeone
701 1615 879 1676 vobis
909 1614 1147 1676 alienus
1178 1632 1217 1674 a
1243 1613 1520 1688 sanitate,
1551 1615 1710 1676 adeo
1742 1614 1966 1675 oblitus
2004 1621 2286 1674 constan·

224 1697 345 1758 tiae
369 1711 561 1769 meae,
589 1696 749 1758 adeo
781 1697 1096 1758 immemor
1119 1713 1324 1757 rerum
1351 1713 1392 1757 a
1417 1713 1515 1757 me
1542 1705 1852 1772 gestarum
1879 1711 2022 1756 esse
2053 1695 2288 1768 videor,

228 1787 312 1852 ut,
344 1794 532 1854 quum
554 1781 771 1840 consul
792 1779 1016 1840 bellum
1037 1779 1340 1854 gesserim.
1356 1793 1494 1838 cum
1515 1777 1868 1852 coniuratis,
1893 1793 2054 1836 nunc
2076 1792 2285 1838 eorum

226 1862 448 1922 ducem
481 1876 733 1920 servare
758 1860 999 1937 cupiam
1064 1860 1215 1920 etin
1243 1862 1510 1921 animum
1537 1861 1820 1920 inducam
1835 1905 1854 1934 ,
1887 1858 2061 1919 cuius
2091 1875 2288 1933 nuper

226 1945 454 2005 ferrum
492 1941 847 2004 rettuderim
883 1941 1313 2018 flammamque
1353 1941 1770 2016 restinxerim,
1820 1940 2097 2003 eiusdem
2124 1957 2287 2001 nunc

227 2041 481 2088 causam
506 2024 815 2100 vitamque
844 2025 1218 2086 defendere?
1255 2024 1326 2086 Si
1349 2025 1588 2088 medius
1616 2024 1831 2098 fidius,
1860 2023 2094 2085 iudices
2109 2069 2126 2097 ,
2159 2040 2284 2084 non

225 2107 493 2184 meipsa
516 2123 628 2170 res-
650 2107 920 2184 publica,
966 2107 1119 2169 meis
1147 2108 1467 2170 laboribus
1495 2118 1555 2170 et
1579 2106 1872 2184 periculis
1900 2115 2282 2178 conservata,

225 2191 309 2252 ad
334 2189 687 2266 gravitatem
727 2190 910 2252 animi
952 2198 1013 2250 et
1042 2191 1442 2254 constantiam
1481 2208 1596 2252 sua
1627 2191 1915 2266 dignitate
1946 2199 2284 2263 revocaret,

225 2283 427 2337 tamen
454 2273 574 2336 hoc
606 2282 821 2336 natura
849 2282 944 2335 est
974 2273 1241 2350 insitum,
1267 2283 1352 2348 ut,
1385 2290 1570 2350 quem
1597 2273 1887 2347 timueris,
1933 2273 2178 2348 quicum
2204 2273 2286 2334 de

224 2359 355 2418 vita
377 2355 759 2432 fortunisque
788 2357 1195 2431 contenderis,
1228 2357 1406 2436 cuius
1429 2373 1510 2418 ex
1535 2355 1776 2418 insidiis
1797 2355 2088 2430 evaseriS,
2122 2356 2286 2416 hunc

224 2453 471 2515 sem-per
498 2439 725 2502 oderis.
788 2439 915 2501 Sed
955 2457 1141 2515 quum
1170 2449 1385 2516 agatur
1413 2441 1614 2503 honos
1643 2457 1818 2502 meus
1849 2438 2284 2513 amplissimus,

223 2521 421 2598 gloria
444 2539 646 2584 rerum
676 2531 985 2598 gestarum
1018 2523 1372 2599 singularis,
1417 2541 1608 2598 quum
1641 2524 1923 2599 quotiens
1959 2520 2284 2598 quisquam

222 2605 408 2666 estin
436 2605 561 2668 hoc
585 2607 821 2668 scelere
862 2605 1211 2681 convictus,
1254 2605 1478 2668 totiens
1503 2613 1831 2669 renovetur
1857 2606 2148 2667 memoria
2175 2619 2286 2680 per

222 2703 327 2749 me
346 2687 633 2750 inventae
672 2686 920 2761 salutiS,
960 2705 1077 2764 ego
1110 2689 1225 2750 sim
1265 2697 1386 2750 tam
1415 2690 1699 2760 demens,
1749 2704 1866 2762 ego
1898 2687 2282 2760 committam,

223 2779 291 2834 ut
316 2786 411 2844 ea,
446 2786 607 2846 quae
629 2786 739 2846 pro
771 2773 969 2832 salute
996 2772 1262 2833 omnium
1288 2771 1476 2847 gessi,
1505 2789 1657 2832 easu
1684 2770 1878 2845 magis
1910 2779 1972 2832 et
2001 2769 2284 2831 felicitate

220 2870 265 2914 a
288 2868 391 2914 me
415 2868 597 2929 quam
626 2852 843 2914 virtute
867 2861 927 2914 et
948 2853 1207 2916 consilio
1229 2862 1405 2930 gesta
1425 2870 1568 2916 esse
1592 2854 1952 2914 videantur?
2001 2851 2104 2914 84.
2126 2851 2284 2926 Quid

221 2942 416 3012 erg-o?
467 2936 588 2997 hoc
616 2933 723 2995 tibi
758 2933 980 3008 sumiS,
1030 2935 1192 2997 dicet
1220 2939 1486 2998 sortasse
1517 2935 1850 3013 quispiam,
1892 2944 1991 3010 ut,
2041 2935 2186 3012 quia
2216 2942 2282 2995 tu

224 3017 537 3088 defendis,
573 3016 871 3079 innocens
897 3017 1240 3080 iudicetur?
1277 3020 1408 3094 Ego
1436 3035 1616 3091 vero,
1647 3018 1918 3094 iudices,
1941 3037 2072 3082 non
2095 3016 2280 3080 modo

223 3099 367 3162 mihi
396 3099 543 3161 nihil
575 3099 834 3162 adsumo
868 3099 929 3160 in
962 3117 1084 3176 quo
1115 3101 1421 3179 quispiam
1449 3111 1779 3178 repugnet,
1828 3103 1944 3164 sed
1971 3103 2182 3173 etiam,
2225 3099 2282 3160 si

224 3183 373 3258 quid
399 3184 476 3243 ab
506 3183 787 3245 omnibus
818 3183 1191 3260 conceditur,
1221 3182 1286 3246 id
1313 3185 1505 3246 reddo
1541 3201 1615 3246 ac
1641 3186 1898 3248 remitto.
1954 3185 2088 3244 Non
2117 3183 2178 3242 in
2205 3197 2283 3243 ea

222 3281 293 3326 re
314 3266 565 3340 publica
590 3282 820 3339 versor,
854 3283 975 3328 non
1006 3265 1083 3327 iis
1112 3268 1490 3344 temporibus
1512 3285 1714 3330 meum
1743 3276 1928 3342 caput
1949 3264 2138 3327 obtuli
2163 3281 2280 3342 pro

224 3347 419 3425 patria
444 3346 731 3425 periculis
764 3347 1063 3423 omnibus,
1100 3366 1225 3412 non
1252 3358 1357 3412 aut
1380 3351 1466 3412 ita
1493 3359 1637 3412 sunt
1661 3351 1943 3410 exstincti
1974 3366 2132 3425 quos
2159 3345 2284 3408 vici
