2459 3817
282 156 407 225 124
712 166 788 223 IN
822 164 883 223 C.
915 163 1248 226 VERREM
1270 163 1434 222 ACT.
1467 164 1538 221 11.
1574 162 1714 221 LIB.
1745 163 1822 219 V.

280 330 396 372 nus
424 328 607 387 quam
650 312 828 373 vultis
870 312 1236 387 improbum=
1284 310 1520 371 vincam
1562 321 1758 372 tamen
1803 309 2329 385 exspectationem

278 394 561 455 omnium.
600 395 892 455 Homines
921 393 1171 455 sceleris
1194 393 1750 467 coniurationisque
1771 394 2053 466 damnati,
2077 394 2156 452 ad
2179 410 2323 467 sup-

273 476 521 551 plicium
552 476 781 549 traditi,
812 478 893 537 ad
921 474 1127 551 palum
1156 475 1402 551 adligati
1431 485 1684 551 repente
1715 474 1916 535 multis
1943 474 2184 537 milibus
2215 476 2326 536 ho·-

272 557 495 617 minum
523 557 1003 633 inspectantibus
1046 558 1229 619 soluti
1277 566 1418 619 sunt
1461 567 1524 618 et
1564 557 1904 619 Triocalino
1948 556 2036 619 illi'
2075 557 2328 619 domino

270 639 510 701 redditi.

442 720 595 795 Quid
624 722 743 782 hoc
772 725 909 782 loco
945 730 1121 797 potes
1153 720 1388 796 dicere,
1417 722 1599 783 homo
1629 720 2058 794 amentissime,
2092 721 2211 781 nisi
2239 721 2320 796 id,

270 805 435 878 quod
466 821 581 879 ego
612 821 731 866 non
766 821 1024 879 quaero,
1066 805 1231 878 quod
1265 804 1530 880 denique
1558 803 1618 865 in
1648 822 1715 865 re
1745 813 1860 865 tam
1891 803 2139 877 nefaria,
2175 812 2326 863 tam-

269 886 384 946 etsi
441 887 701 947 dubitari
750 903 871 947 non
918 894 1149 962 potest,
1202 894 1432 962 tamen,
1492 904 1569 949 ne
1617 887 1671 948 si
1713 886 2015 947 dubitetur
2057 885 2326 961 quidem,

268 968 477 1042 quaeri
511 977 819 1043 oporteat,
862 969 1008 1043 quid
1052 978 1157 1029 aul.
1198 978 1488 1043 quantum
1527 984 1630 1030 aut
1669 985 1791 1043 quo
1833 968 2018 1029 modo
2059 983 2320 1041 accepe-

264 1050 394 1109 ris?
433 1051 693 1112 Remitto
714 1052 817 1113 tibi
845 1051 965 1113 hoc
993 1060 1183 1113 totum
1212 1059 1398 1127 atque
1426 1051 1542 1113 ista
1573 1060 1631 1113 te
1664 1067 1811 1113 cura
1839 1051 2051 1109 libero.
2105 1050 2321 1123 Neque

262 1131 421 1193 enim
448 1143 652 1195 metuo
682 1150 761 1195 ne
790 1134 908 1195 hoc
939 1133 1221 1209 cuiquam
1259 1136 1726 1208 persuadeatur,
1755 1141 1850 1209 ut,
1895 1132 1975 1191 ad
2019 1131 2186 1205 quod
2230 1132 2322 1189 sa·-

262 1214 435 1275 cinus
466 1232 643 1277 nemo
684 1225 927 1291 praeter
965 1225 1025 1277 te
1067 1218 1189 1275 ulla
1226 1216 1490 1290 pecunia
1531 1216 1754 1276 adduci
1792 1212 2086 1290 potuerit,
2140 1214 2202 1273 id
2252 1221 2318 1273 tu

260 1296 446 1371 gratis
490 1297 806 1372 suscipere
840 1306 1093 1359 conatus
1136 1298 1244 1357 sis.
1312 1302 1538 1359 Verum
1569 1300 1646 1359 de
1681 1298 1798 1358 ista
1849 1295 2086 1356 furandi
2139 1312 2315 1369 prae-

260 1378 568 1453 dandique
594 1380 826 1441 ratione
848 1380 993 1439 nihil
1016 1380 1185 1439 dico=
1218 1382 1297 1440 de
1318 1381 1433 1441 hac
1461 1380 1844 1455 imperatoria
1865 1380 1982 1438 iam
2008 1387 2110 1438 tua
2133 1378 2316 1437 laude

260 1461 524 1534 disputo.
584 1462 688 1521 VI.
749 1462 847 1523 12.
914 1461 1066 1535 Quid
1096 1461 1223 1535 ais,
1270 1464 1432 1524 bone
1472 1469 1682 1523 custos
1722 1463 2131 1534 defensorque
2173 1476 2311 1553 pro-

257 1541 534 1602 vinciae?
600 1543 715 1618 Tu,
748 1561 905 1619 quos
932 1559 1148 1603 servos
1176 1561 1346 1605 arma
1374 1560 1595 1619 capere
1633 1557 1692 1609 et
1737 1546 1958 1605 bellum
2003 1544 2206 1601 facere
2251 1541 2312 1601 in

258 1622 464 1685 Sicilia
510 1624 780 1686 voluisse
821 1642 1125 1715 cognoras
1154 1636 1215 1687 et
1255 1629 1332 1688 de
1373 1624 1610 1687 consilli
1654 1625 1952 1687 sententia
1990 1624 2307 1697 iudicaraS,

254 1707 373 1767 hos
420 1707 499 1767 ad
540 1700 911 1803 supplicium
962 1708 1080 1768 iam
1134 1726 1304 1769 more
1353 1708 1646 1769 maiorum
1692 1707 1944 1769 traditos
1997 1722 2076 1767 ex
2113 1706 2311 1766 media

252 1798 447 1850 morte
476 1790 715 1887 eripere
742 1808 816 1852 ac
844 1792 1103 1851 liberare
1130 1809 1323 1853 ausus
1354 1809 1423 1853 es
1442 1798 1472 1851 ἲ
1498 1799 1592 1865 ιιι,
1639 1806 1820 1865 quam
1846 1788 2145 1850 damnatis
2179 1805 2311 1847 cru·

254 1888 388 1931 cem
422 1872 621 1933 servis
649 1874 907 1947 fixeras,
940 1873 1097 1935 hanc
1128 1874 1490 1935 indemnatis
1518 1836 1804 1935 vi’delicet
1833 1866 2068 1933 civibus
2089 1873 2310 1931 Roma-

251 1953 348 2013 nis
395 1970 769 2018 reservares.
846 1956 1125 2017 Perditae
1166 1956 1440 2018 civitates
1483 1953 1828 2031 desperatis
1870 1955 1986 2015 iam
2027 1953 2308 2015 omnibus

250 2035 437 2095 rebus
476 2035 591 2096 hos
636 2040 836 2098 solent
876 2038 1077 2099 exitus
1108 2038 1386 2100 exitiales
1429 2039 1685 2112 habere,
1744 2046 1812 2099 ut
1839 2036 2146 2098 damnati
2132 2054 2192 2095 m
2220 2036 2298 2095 in

249 2127 485 2191 tegrum
507 2118 914 2192 restituantur,
949 2118 1135 2179 vincti
1160 2120 1490 2193 solvantur,
1521 2122 1768 2181 exsules
1796 2120 2178 2192 reducantur,
2205 2136 2307 2177 res

247 2197 551 2261 iudicatae
582 2198 1029 2261 rescindantur.
1084 2201 1252 2275 Quae
1283 2219 1470 2275 quum
1497 2202 1796 2277 accidunt,
1831 2218 2009 2263 nemo
2043 2210 2140 2262 est
2159 2201 2306 2286 quin

248 2276 544 2353 intelligat
563 2292 743 2337 ruere
762 2280 924 2339 illam
949 2294 1078 2337 rem
1106 2280 1436 2355 publicam:
1477 2282 1633 2343 haec
1663 2282 1761 2341 ubi
1787 2284 2092 2355 eveniunt,
2118 2302 2303 2347 nemo

252 2369 347 2421 est
370 2361 472 2434 qui
494 2362 679 2421 ullam
702 2376 879 2435 spem
911 2362 1128 2423 salutis
1166 2363 1463 2439 reliquam
1490 2381 1632 2425 esse
1667 2365 2010 2425 arbitretur.
2071 2366 2166 2427 13.
2193 2371 2296 2429 At-

250 2458 374 2518 que
394 2441 547 2503 haec
578 2442 772 2501 sicubi
799 2442 959 2503 facta
986 2453 1147 2509 sunt.
1176 2446 1262 2506 ita
1288 2448 1448 2507 sacta
1469 2454 1630 2515 sunt,
1657 2455 1726 2509 ut
1746 2448 2022 2509 homines
2047 2453 2299 2535 popula-

246 2540 347 2583 res
384 2540 457 2583 ac
491 2524 728 2585 nobiles
756 2523 1060 2600 supplicio
1089 2535 1193 2587 aut
1224 2525 1445 2589 exsilio
1469 2529 1844 2587 levarentur.
1887 2534 1949 2587 at
1975 2542 2098 2586 non
2127 2520 2309 2583 abiis

246 2604 433 2679 ipsis,
472 2607 574 2681 qui
603 2606 1009 2685 iudicassent,
1048 2617 1113 2669 at
1140 2626 1260 2669 non
1294 2609 1523 2685 statim,
1571 2618 1632 2669 at
1673 2626 1792 2670 non
1836 2624 2046 2669 eorum
2077 2606 2304 2666 facino-

244 2705 378 2747 rum
409 2683 702 2761 damnati,
742 2705 899 2763 quae
930 2653 1009 2751 ad
1043 2690 1223 2751 vitam
1257 2692 1422 2751 etad
1449 2693 1722 2753 fortunas
1752 2690 2018 2751 omnium
2044 2688 2302 2764 pertine-

245 2778 397 2831 rent
459 2772 593 2832 Hoc
621 2787 766 2831 vero
799 2789 1026 2833 novum
1060 2782 1121 2833 et
1165 2773 1296 2833 eius
1342 2774 1506 2834 modi
1547 2783 1671 2848 est,
1713 2782 1780 2834 ut
1819 2772 2012 2848 magis
2053 2779 2306 2847 propter

242 2869 445 2925 reum,
478 2871 661 2928 quam
690 2866 942 2931 propter
972 2870 1099 2915 rem
1130 2854 1326 2930 ipsam
1362 2855 1649 2917 credibile
1679 2854 1984 2925 videatur,
2021 2862 2088 2915 ut
2112 2852 2302 2914 homi—

240 2951 353 2995 nes
384 2951 631 3008 servoe,
664 2945 731 2999 ut
756 2936 925 3011 ipse,
958 2937 1061 3013 qui
1090 2936 1414 3009 iudicarat,
1448 2946 1514 2999 ut
1543 2937 1742 2999 statim
1772 2955 1807 2999 e
1835 2938 2036 2998 medio
2071 2936 2302 3011 suppli-

240 3018 336 3078 cio
380 3016 701 3092 dimiserit,
749 3026 815 3080 ut
854 3018 988 3081 eius
1031 3018 1322 3081 facinoris
1368 3020 1686 3083 damnatos
1717 3036 1961 3093 servoS,
2015 3019 2182 3095 quod
2223 3018 2303 3076 ad

241 3102 506 3161 omnium
561 3100 890 3161 liberorum
942 3110 1127 3176 caput
1178 3112 1240 3163 et
1291 3102 1649 3177 sanguinem
1690 3102 2034 3178 pertineret.
2091 3100 2191 3163 14.
2252 3098 2302 3158 Ο

238 3183 619 3257 praeclarum
648 3181 1071 3260 imperatorem
1103 3201 1219 3245 nec
1248 3184 1366 3244 iam
1395 3200 1532 3245 cum
1562 3184 1662 3243 Μ’.
1687 3184 1932 3259 Aquilio
1969 3182 2303 3245 fortissimo

238 3262 401 3339 viro,
454 3268 566 3325 sed
605 3283 753 3327 vero
795 3282 933 3327 cum
958 3265 1214 3337 pannis,
1263 3264 1684 3341 ScipionibuS,
1730 3266 1937 3329 Mariis
1981 3267 2299 3327 conseren-

239 3346 413 3408 dum!
470 3348 800 3411 Tantumne
852 3347 1087 3411 vidisse
1130 3348 1192 3409 in
1246 3352 1428 3409 metu‘
1465 3347 1862 3425 periculoque
1911 3346 2298 3425 provinciaet
