2459 3817
389 150 472 215 28
703 152 851 214 PRO
895 152 1061 213 SEX.
1103 147 1382 211 ROSCIO
1424 145 1771 207 AMERINO
1818 144 2121 207 ORATIO.

397 306 495 365 his
523 302 704 365 bonis
737 316 880 361 esse
912 298 1177 360 socium=
1225 298 1304 357 de
1330 295 1523 358 tribus
1550 302 1610 355 et
1638 296 1853 355 decem
1883 292 2087 355 fundis
2116 302 2251 355 tres
2286 295 2429 357 nobi⁴

393 388 664 451 lissimos
694 384 918 445 fundos
947 398 1088 442 eum
1116 380 1295 440 video
1324 377 1665 454 possidere.
1726 375 1866 439 100.
1938 377 2141 437 Audio
2176 388 2429 451 praeter-

395 487 470 533 ea
502 485 625 529 non
665 467 822 526 hanc
861 463 1275 538 suspicionem
1300 477 1463 522 nunc
1494 460 1752 537 primum
1794 459 1855 519 in
1896 459 2265 535 Capitonem
2316 476 2429 520 con·

396 550 571 614 rerria
613 550 832 609 multas
867 562 1009 607 csse
1037 546 1297 607 infames
1324 542 1459 604 eius
1496 545 1759 619 palmasz
1802 543 1961 602 hanc
2000 542 2271 615 primam
2316 559 2429 603 ess(

394 646 594 697 tamen
635 629 1237 703 lemniscatannquae
1256 630 1455 690 Roma
1478 626 1536 688 ei
1557 628 1883 689 deferaturz
1927 625 2155 684 nullum
2200 628 2431 686 modum

396 732 538 777 esse
576 712 838 774 hominis
879 711 1202 773 occidendi
1246 726 1366 783 quo
1396 708 1496 769 ille
1524 724 1649 769 non
1678 706 1910 782 aliquot
1937 705 2279 783 occiderit,
2311 709 2431 767 mul-

392 808 491 859 tos
522 799 713 868 terro,
741 795 963 855 multos
991 808 1252 855 veneno.
1313 792 1526 852 Habeo
1561 790 1739 852 etiam
1770 788 1974 849 dicere
2014 804 2203 863 quem
2246 801 2431 851 contra

395 894 626 940 morem
647 877 942 937 maiorum
961 875 1254 935 minorem
1281 872 1455 933 annis
1486 888 1563 931 tx
1586 874 1663 933 de
1690 879 1877 947 ponte
1907 870 1969 931 in
1988 870 2265 932 Tiberim
2297 874 2431 932 deie-

394 960 560 1023 cerit.
621 963 818 1038 Quae,
854 961 908 1019 si
945 956 1243 1037 prodierit
1276 964 1459 1031 atque
1486 956 1644 1015 adeo
1676 971 1861 1028 quum
1887 951 2185 1029 prodierit
2209 987 2305 999 —
2330 954 2433 1015 scio

393 1043 555 1107 enim
581 1042 957 1117 proditurum
976 1055 1120 1099 esse
1143 1070 1261 1110 —,
1289 1038 1513 1099 audiet.
1576 1035 1716 1098 101.
1761 1037 1981 1096 Veniat
2000 1035 2225 1096 modo:
2265 1036 2433 1111 expli

394 1134 492 1185 cet
525 1140 703 1184 suum
729 1123 1013 1182 volumen
1037 1119 1217 1192 illud,
1250 1120 1418 1194 quod
1448 1118 1505 1178 ei
1527 1121 1773 1193 planum
1794 1119 1997 1179 facere
2019 1133 2291 1192 possum
2310 1120 2432 1178 Eru-

394 1208 553 1268 cium
581 1203 1058 1279 conscripsisse·
1083 1202 1253 1278 quod
1274 1200 1441 1261 aiunt
1459 1200 1625 1262 illum
1640 1199 1783 1261 Sex.
1796 1198 2022 1261 Roscio
2044 1198 2435 1297 intemptassq

393 1297 454 1349 et
478 1287 812 1350 minitatum
838 1303 981 1348 esse
1012 1302 1082 1347 se
1109 1284 1313 1345 omnia
1334 1286 1435 1343 illa
1456 1299 1569 1358 pro
1592 1282 1936 1343 testimonio
1958 1297 2101 1342 esse
2124 1282 2434 1345 dicturum.

399 1371 446 1431 Ο
474 1372 853 1444 praeclaram
880 1375 1129 1439 testem,
1159 1365 1428 1427 iudices!
1475 1382 1511 1425 o
1542 1364 1899 1440 gravitatem
1930 1363 2177 1439 dignam
2228 1378 2434 1439 exspe

397 1450 690 1511 ctationet
725 1467 762 1510 o
788 1451 970 1509 vitam
998 1447 1319 1508 honestam
1364 1456 1549 1523 atque
1590 1447 1723 1508 eius
1764 1447 1959 1521 modi,
2006 1456 2074 1507 ut
2114 1446 2434 1508 libentibus

397 1532 610 1593 animis
641 1532 721 1591 ad
747 1529 879 1591 eius
908 1529 1319 1590 testimonium
1341 1539 1605 1591 vestrum
1634 1530 1732 1590 ius
1761 1530 2079 1591 iurandum
2100 1544 2434 1590 accommo‘

396 1612 584 1676 detis!
625 1614 904 1675 Profecto
936 1629 1059 1672 non
1084 1620 1207 1673 tam
1233 1612 1561 1687 perspicue
1593 1629 1708 1673 nos
1737 1612 1991 1673 istorum
2028 1612 2339 1673 maleficia
2364 1611 2413 1667 vi

395 1699 718 1771 det-emm,
740 1694 860 1757 nisi
887 1695 1064 1770 ipsos
1087 1710 1311 1755 caecos
1338 1694 1623 1755 redderet
1656 1694 1956 1770 cupiditas
2001 1701 2063 1754 et
2098 1694 2362 1755 avaritia
2388 1709 2415 1753 e

393 1779 667 1842 audacia.
734 1778 1000 1841 XXXVI.
1070 1777 1214 1839 102.
1263 1778 1433 1837 Alter
1464 1792 1543 1835 ex
1571 1776 1709 1851 ipsa
1733 1777 1923 1837 caede
1950 1777 2272 1837 volucrem
2301 1793 2413 1837 nun

387 1863 536 1923 tium
578 1862 884 1921 Ameriam
910 1859 992 1920 ad
1024 1860 1262 1922 socium
1302 1868 1485 1934 atque
1519 1860 1595 1919 ad
1635 1858 1985 1933 magistrum
2025 1873 2211 1918 suum
2258 1857 2429 1927 misit,

391 1952 490 2016 ut,
522 1942 578 2001 si
603 1943 987 2003 dissimulare
1015 1959 1229 2003 omnes
1263 1948 1557 2016 cuperent
1594 1957 1666 2001 se
1693 1939 1851 2001 scire
1880 1942 1957 2000 ad
1990 1956 2177 2015 quem
2216 1941 2431 2002 malefi-

395 2024 555 2085 cium
579 2024 938 2098 pertineret,
968 2032 1168 2085 tamen
1199 2024 1339 2098 ipse
1368 2033 1643 2097 apertum
1674 2040 1852 2084 suum
1881 2024 2086 2083 scelus
2130 2034 2280 2083 ante
2326 2040 2429 2084 om-

395 2107 561 2167 nium
591 2106 804 2165 oculos
835 2114 1110 2179 poneret.
1175 2106 1372 2179 Alter,
1406 2105 1461 2165 si
1495 2106 1589 2165 dis
1619 2104 2057 2167 immortalibus
2090 2106 2330 2181 placet,
2362 2115 2433 2165 te·

396 2186 679 2251 stimonia
701 2186 881 2247 etiam
907 2186 970 2245 in
996 2186 1140 2246 Sex.
1160 2187 1452 2251 Roscium
1480 2188 1753 2249 dicturus
1776 2198 1889 2250 est.
1935 2188 2119 2263 Quasi
2148 2206 2305 2250 vero
2329 2202 2438 2247 non:

392 2272 458 2332 id
499 2286 662 2330 nunc
703 2276 934 2344 agatur,
971 2276 1172 2329 utrum
1209 2268 1265 2329 is
1295 2271 1460 2344 quod
1490 2269 1712 2331 dixerit
1747 2270 2117 2331 credendum
2162 2286 2246 2331 an
2284 2268 2433 2345 quod

395 2352 610 2416 fecerit
635 2351 1065 2412 vindicandum
1109 2352 1205 2413 sit.
1252 2353 1466 2427 Itaque
1490 2368 1661 2413 more
1701 2352 1994 2413 maiorum
2025 2360 2435 2426 comparatum

397 2444 520 2507 est,
549 2434 702 2495 utin
731 2433 991 2493 minimis
1021 2436 1206 2495 rebus
1235 2434 1514 2495 homines
1546 2433 1903 2509 amplissimi
1926 2432 2345 2495 testimonium
2372 2434 2435 2491 de

398 2534 513 2577 sua
539 2533 607 2576 re
637 2533 758 2576 non
801 2517 1088 2577 dicerent.
1161 2515 1304 2577 103.
1378 2517 1732 2589 Africanus,
1778 2516 1882 2591 qui
1922 2532 2036 2577 suo
2078 2516 2438 2591 cognomine

396 2600 666 2658 declarat
692 2596 927 2658 tertiam
955 2607 1188 2673 partem
1217 2600 1383 2659 orbis
1413 2606 1705 2659 terrarum
1734 2614 1805 2657 se
1838 2596 2161 2673 subegisse
2178 2646 2198 2673 ,
2226 2608 2439 2669 tamen,

396 2680 452 2742 si
483 2696 597 2741 sua
621 2697 723 2741 res
752 2689 1062 2755 ageretur,
1092 2680 1503 2742 testimonium
1533 2697 1655 2740 non
1686 2680 1933 2742 diceret.
2000 2681 2147 2739 Nam
2191 2680 2352 2743 illud
2387 2678 2439 2739 in

391 2765 573 2823 talem
608 2764 802 2822 virum
829 2778 952 2823 non
994 2763 1192 2823 audeo
1236 2762 1470 2823 dicere:
1514 2762 1568 2822 si
1610 2761 1865 2836 diceret,
1905 2780 2029 2824 non
2072 2765 2439 2826 crederetur.

391 2844 612 2905 Videte
660 2859 820 2903 nunc
864 2862 1046 2920 quam
1083 2860 1267 2905 versa
1310 2852 1370 2905 et
1408 2853 1634 2905 mutata
1658 2846 1719 2903 in
1757 2846 2029 2921 peiorem
2060 2854 2304 2921 partem
2332 2845 2439 2907 sint

396 2926 614 2987 omnia.
681 2926 872 2999 Quum
903 2927 980 2987 de
1011 2925 1190 2987 bonis
1222 2936 1283 2987 et
1317 2928 1394 2987 de
1424 2927 1615 2987 caede
1642 2938 1881 3002 agatur,
1911 2927 2334 2989 testimonium
2362 2928 2439 2987 di-

397 3018 604 3069 cturus
635 3016 729 3069 est
753 3007 841 3082 is,
886 3009 992 3084 qui
1030 3018 1091 3070 et
1116 3015 1319 3069 sector
1346 3016 1442 3069 est
1479 3018 1540 3069 et
1568 3008 1853 3083 sicarius,
1904 3010 2024 3070 hoc
2052 3017 2177 3082 est,
2228 3010 2343 3085 qui
2392 3018 2439 3068 et

395 3091 633 3151 illorum
660 3090 930 3165 ipsorum
958 3092 1286 3162 bonerum,
1332 3092 1409 3151 de
1453 3090 1674 3165 quibus
1708 3091 1933 3167 agitur,
1980 3100 2221 3165 emptor
2258 3102 2439 3169 atque

393 3188 728 3250 possessor
759 3179 855 3232 est
889 3180 950 3233 et
971 3190 1110 3234 eum
1130 3172 1437 3233 hominem
1460 3172 1861 3234 occidendum
1885 3176 2133 3245 curavit,
2158 3173 2241 3234 de
2264 3176 2439 3236 cuius

393 3262 588 3317 morte
618 3254 942 3330 quaeritur.
1007 3252 1148 3318 104.
1221 3255 1377 3329 Quid
1407 3262 1504 3329 tu,
1536 3254 1630 3315 vir
1663 3255 1933 3332 optime?
1972 3254 2196 3329 ecquid
2242 3256 2439 3317 habes

393 3338 562 3413 quod
593 3336 805 3397 dicas?
841 3337 984 3399 mihi
1014 3340 1319 3399 ausculta=
1367 3336 1509 3397 vide
1547 3353 1627 3400 ne
1666 3337 1769 3399 tibi
1803 3336 2001 3407 desis;
2042 3344 2147 3397 tua
2182 3353 2438 3414 quoque
