2459 3817
258 127 343 190 36
740 131 887 192 PRO
923 132 1217 194 ARCHIA
1243 131 1488 192 POETA
1519 133 1819 194 0RAT10.

252 292 541 359 quantum
574 283 655 343 ad
697 285 887 345 festos
922 285 1056 345 dies
1100 285 1380 344 ludorum
1419 285 1849 357 celebrandos,
1894 292 2182 360 quantum
2223 287 2301 345 ad

248 369 401 427 alias
428 367 773 440 voluptates
804 375 864 427 et
894 368 974 426 ad
1001 367 1201 441 ipsam
1239 367 1512 442 requiem
1542 367 1725 427 animi
1755 374 1817 428 et
1850 367 2126 442 corporis
2155 383 2301 428 con·

245 449 483 510 ceditur
511 458 880 524 temporum,
930 459 1216 524 quantum
1259 449 1359 510 alii
1393 450 1656 511 tribuunt
1684 449 2060 526 tempestivis
2095 453 2303 510 convi-

245 533 395 606 viis,
427 540 716 607 quantum
745 531 1009 606 denique
1039 534 1314 603 alveolo,
1359 541 1649 608 quantum
1677 533 1866 608 pilae,
1901 540 2130 594 tantum
2157 533 2304 594 mihi

243 621 488 688 egomet
513 614 593 674 ad
616 614 770 674 haec
792 614 995 676 studia
1014 617 1345 676 recolenda
1372 622 1740 690 sumpsero?
1776 619 1979 690 Atque
2001 617 2120 676 hoc
2142 616 2302 678 adeo

244 696 390 756 mihi
419 698 878 758 concedendum
907 707 1003 759 est
1026 697 1222 773 magis
1239 744 1256 772 ,
1293 700 1458 774 quod
1487 715 1565 758 ex
1594 698 1690 758 his
1721 699 1938 759 studiis
1967 699 2120 758 haec
2150 717 2302 774 quo·

244 794 368 854 que
396 779 617 841 crescit
644 780 836 842 oratio
867 789 929 841 et
960 783 1233 853 facultas
1266 797 1425 856 quae
1459 790 1947 856 quantacumque
1967 778 2025 838 in
2059 791 2158 840 me
2188 787 2302 850 est.

244 878 571 938 numquam
603 865 932 924 amicorum
977 864 1268 940 periculis
1300 863 1505 925 defuit.
1574 863 1740 937 Quae
1771 865 1825 924 si
1859 865 1956 924 eui
1991 865 2184 924 levior
2215 867 2301 923 vi-

240 946 435 1019 detur,
464 945 568 1005 illa
591 946 834 1021 quidem
860 956 1042 1021 certe,
1074 963 1233 1022 quae
1256 963 1490 1008 summa
1514 956 1673 1020 sunt,
1703 963 1779 1007 ex
1806 964 1928 1022 quo
1960 949 2126 1008 l'onte
2152 947 2302 1009 hau·

240 1029 395 1088 riam
434 1027 652 1090 sentio.
736 1027 833 1090 14.
878 1029 1027 1090 Nam
1067 1029 1185 1090 nisi
1229 1031 1552 1090 multorum
1595 1029 1937 1105 praeceptis
1973 1030 2302 1104 multisque

241 1111 453 1173 litteris
504 1112 650 1172 mihi
697 1111 777 1172 ab
825 1113 1242 1174 adolescentia
1291 1113 1626 1174 suasissem
1678 1112 1825 1172 nihil
1873 1128 2014 1174 esse
2064 1115 2125 1172 in
2178 1114 2301 1174 vita

241 1211 463 1270 magno
492 1211 683 1270 opere
717 1197 1127 1269 expetendum
1160 1195 1281 1257 nisi
1307 1197 1549 1257 laudem
1577 1202 1764 1272 atque
1793 1196 2202 1271 honestatem,
2238 1197 2300 1255 in

241 1292 317 1338 ea
344 1287 543 1339 autem
574 1279 1005 1354 persequenda
1034 1294 1247 1341 omnes
1277 1278 1582 1340 cruciatus
1614 1277 1924 1354 corporis,
1961 1277 2164 1339 omnia
2190 1294 2298 1354 pe-

238 1361 431 1420 ricula
457 1359 667 1420 mortis
698 1368 889 1435 atque·
911 1361 1112 1422 exsilii
1139 1361 1314 1436 parvi
1341 1377 1483 1422 esse
1512 1362 1811 1435 ducenda,
1846 1377 2172 1437 numquam
2201 1377 2300 1422 ine

241 1457 355 1517 pro
387 1443 583 1502 salute
616 1450 821 1503 vestra
861 1443 922 1502 in
964 1451 1053 1524 tot
1084 1461 1157 1504 ae
1188 1451 1386 1504 tantas
1428 1443 1850 1506 dimicationes
1878 1453 2062 1518 atque
2089 1446 2150 1504 in
2180 1444 2300 1504 hos

241 1523 700 1600 profligatorum
727 1524 1039 1588 hominum
1074 1525 1413 1588 cotidianos
1443 1526 1708 1602 impetus
1735 1526 2120 1588 obiecissem.
2172 1525 2302 1587 Sed

238 1609 420 1684 pleni·
440 1619 588 1675 sunt
623 1625 839 1672 omnes
864 1609 1030 1685 libri,
1076 1612 1296 1686 plenae
1327 1608 1693 1684 sapientium
1726 1625 1944 1684 voceS,
1984 1611 2167 1685 plena
2192 1625 2298 1668 ex-

234 1695 575 1767 emplorum
614 1700 920 1754 vetustas:
972 1709 1132 1770 quae
1173 1694 1442 1754 iacerent
1480 1692 1542 1753 in
1582 1694 1848 1754 tenebris
1895 1693 2124 1766 omnia,
2180 1691 2303 1752 nisi

236 1775 565 1837 iitterarum
606 1778 808 1837 lumen
849 1779 1191 1838 accederet.
1281 1777 1471 1851 Quam
1511 1779 1732 1837 multas
1775 1773 1954 1836 nobis
2004 1775 2302 1850 imagines

238 1876 361 1921 non
391 1861 589 1920 solum
617 1860 697 1918 ad
724 1859 1095 1934 intuendum,
1145 1875 1357 1921 verum
1386 1859 1566 1920 etiam
1593 1860 1674 1920 ad
1701 1859 2053 1919 imitandum
2100 1858 2300 1919 sortis-

240 1946 531 2004 simorum
572 1943 836 2005 virorum
888 1959 1222 2019 expressas
1263 1941 1596 2017 scriptores
1635 1951 1698 2003 et
1739 1941 1956 2002 Graeci
2004 1949 2066 2002 et
2105 1940 2302 2001 Latini

238 2029 635 2102 reliquerunt,
695 2043 850 2100 quas
880 2042 997 2101 ego
1031 2025 1174 2087 mihi
1216 2041 1460 2100 semper
1489 2024 1550 2084 in
1583 2023 2059 2085 administranda
2091 2028 2160 2084 re
2186 2035 2302 2099 pu-

238 2109 399 2168 bliea
440 2124 797 2183 proponens
824 2109 1089 2170 animum
1129 2115 1191 2169 et
1229 2118 1490 2170 mentem
1521 2123 1718 2168 meam
1756 2107 1894 2182 ipsa
1935 2106 2301 2181 cogitatione

240 2191 551 2253 hominum
584 2191 1009 2252 excellentium
1038 2191 1510 2253 conformabam.

406 2275 540 2334 Vll.
570 2271 667 2336 15.
715 2273 974 2347 Quaeret
1014 2272 1350 2356 quispiam:
1398 2274 1590 2348 quid?
1640 2271 1725 2333 illi
1764 2270 1884 2347 ipsi
1917 2272 2135 2333 summi
2167 2271 2297 2344 viri,

242 2373 502 2434 quorum
532 2356 785 2418 virtutes
812 2355 1023 2418 litteris
1054 2358 1331 2433 proditae
1358 2365 1516 2427 sunt,
1559 2356 1758 2417 istane
1785 2355 2077 2428 doctrina,
2117 2369 2300 2430 quam

240 2451 306 2502 tu
333 2440 518 2501 effers
547 2439 847 2514 laudibus),
876 2439 1093 2500 eruditi
1125 2441 1410 2501 fuerunt?
1449 2439 1708 2500 Difficile
1737 2445 1834 2497 est
1859 2438 1978 2499 hoc
2000 2439 2078 2498 de
2107 2437 2299 2499 omni-

240 2525 358 2584 bus
406 2523 793 2596 confirmare,
846 2524 959 2583 sed
1004 2533 1203 2583 tamen
1255 2533 1352 2584 est
1397 2531 1624 2582 certum
1671 2519 1842 2591 quod
1867 2519 2300 2597 respondeam.

240 2607 370 2681 Ego
420 2607 643 2666 multos
684 2603 961 2666 homines
1006 2605 1326 2666 excellenti
1368 2605 1570 2666 animo
1617 2621 1690 2664 ae
1738 2602 1958 2664 virtute
1997 2603 2192 2666 fuisse
2239 2613 2306 2663 et

242 2690 377 2750 sine
409 2687 683 2750 doctrina
704 2697 953 2749 naturae
974 2687 1171 2763 ipsius
1200 2687 1406 2748 habitu
1431 2701 1624 2762 prope
1654 2686 1861 2747 divino
1893 2703 2003 2762 per
2030 2703 2099 2747 se
2121 2687 2306 2761 ipsos

242 2781 304 2833 et
329 2772 679 2833 moderatos
706 2780 768 2832 et
793 2787 1013 2847 graves
1042 2771 1354 2833 exstitisse
1383 2773 1604 2832 fateor:
1639 2772 1821 2830 etiam
1843 2769 1989 2830 illud
2011 2769 2306 2844 adiungo,

243 2854 494 2929 saepius
542 2855 622 2916 ad
668 2855 908 2915 laudem
963 2863 1145 2930 atque
1192 2860 1466 2917 virtutem
1517 2861 1790 2913 naturam
1837 2852 1972 2912 sine
2021 2851 2308 2912 doctrina

243 2959 429 3018 quam
458 2943 593 3004 sine
629 2951 847 3003 natura
878 2942 1151 3002 valuisse
1182 2937 1539 2999 doctrinam.
1602 2939 1808 3008 Atque
1837 2934 1997 2994 idem
2026 2949 2144 3008 ego
2175 2933 2304 2994 hoc

244 3027 577 3098 contendo,
610 3043 797 3101 quum
826 3025 907 3084 ad
935 3033 1211 3085 naturam
1239 3020 1516 3106 eximiam
1551 3025 1612 3076 et
1639 3017 1933 3078 illustrem
1963 3017 2307 3076 accesserit

250 3113 408 3175 ratio
441 3111 741 3187 quaedam
771 3106 1304 3179 conformatioque
1340 3102 1682 3178 doctrinae,
1727 3108 1856 3160 turn
1898 3099 2044 3160 illud
2084 3100 2298 3160 nescio

252 3196 401 3275 quid
440 3197 821 3272 praeclarum
849 3207 924 3251 ac
958 3191 1268 3267 singulare
1297 3189 1502 3248 solere
1532 3183 1848 3245 exsistere.
1922 3183 2020 3242 16.
2055 3183 2150 3242 Ex
2178 3183 2302 3243 hoc

250 3299 396 3344 esse
421 3281 582 3342 hunc
604 3292 879 3346 numero,
912 3289 1091 3350 quem
1116 3279 1326 3347 patres
1350 3267 1542 3332 nostri
1566 3266 1868 3339 viderunt,
1899 3265 2166 3326 divinum
2191 3265 2302 3326 ho·
