2459 3817
236 127 358 193 186
813 123 960 185 PRO
993 124 1058 198 Q.
1091 123 1405 187 LIGARIO
1438 123 1737 186 ORATIO.

232 273 556 354 provincia
583 274 734 338 satis
765 276 969 336 facere
995 275 1341 338 hominibus
1368 292 1491 337 non
1538 283 1779 350 posset,
1826 277 1879 337 si
1924 288 2291 352 quemquam

230 361 420 422 alium
461 358 811 436 provinciae
854 359 1273 434 praefecisset.
1359 360 1570 434 Itaque
1608 357 1915 434 Ligarius,
1962 375 2149 432 quum
2192 359 2291 419 diu

235 459 532 504 recusans
561 441 705 501 nihil
736 441 1127 516 profecisset,
1191 441 1567 516 provinciam
1612 441 1851 517 accepit
1894 440 2151 502 invituse
2198 441 2293 502 cui

237 527 328 586 sic
359 525 616 601 praefuit
645 523 706 584 in
731 539 915 599 pace,
955 532 1022 586 ut
1061 533 1122 586 et
1161 521 1397 586 civibus
1439 533 1499 585 et
1542 523 1729 586 sociis
1758 521 2099 599 gratissima
2128 532 2299 588 esset

231 609 372 670 eius
407 607 716 680 integritas
745 621 819 666 ac
847 607 1024 670 fides.
1107 605 1168 668 3.
1195 608 1429 670 Bellum
1458 605 1659 668 subito
1690 606 1953 682 exarsit,
1972 608 2162 682 -quod
2192 605 2297 680 qui

229 698 411 752 erant
436 690 497 750 in
531 689 738 750 Africa
765 696 904 750 ante
931 689 1250 752 audierunt
1278 691 1404 764 geri
1436 706 1619 765 quam
1646 691 1867 764 parari.
1920 689 2053 762 Quo
2086 689 2297 750 audito

237 773 454 850 partim
478 771 808 848 cupiditate
829 771 1300 846 inconsiderata,
1334 771 1550 848 partim
1580 787 1766 834 caeco
1791 771 2056 846 quodam
2079 771 2297 834 timore

240 856 435 932 primo
469 854 683 924 salutis
701 901 716 928 ‚
760 863 904 930 post
944 854 1124 916 etiam
1151 854 1336 919 studii
1366 853 1460 916 sui
1483 855 1865 930 quaerebant
1891 853 2157 930 aliquem
2185 855 2293 915 du·

229 956 402 1014 zcem,
447 955 632 1014 quum
670 937 975 1012 Ligarius,
1018 939 1263 999 domum
1304 946 1623 1014 spectans,
1650 938 1731 998 ad
1772 954 1925 1001 suos
1960 938 2162 998 redire
2192 954 2297 998 cu-

237 1022 432 1096 piens,
465 1023 628 1084 nullo
661 1035 731 1082 se
756 1021 1050 1096 implicari
1077 1019 1325 1094 negotio
1368 1037 1593 1095 passus
1626 1027 1739 1082 est.
1830 1021 2068 1080 interim
2096 1021 2161 1079 P.
2190 1021 2297 1080 At·

231 1106 357 1166 tius
388 1107 608 1176 Varus,
641 1103 747 1183 qui
774 1111 1019 1179 praetor
1043 1103 1315 1163 Africam
1336 1104 1691 1175 obtinuerat,
1713 1103 1949 1164 Uticam
1969 1103 2153 1164 venit.
2198 1104 2296 1163 Ad

229 1205 377 1248 eum
418 1188 616 1249 statim
659 1203 1027 1248 concursum
1067 1195 1180 1248 est.
1267 1189 1471 1266 Atque
1512 1187 1610 1245 ille
1651 1202 1773 1262 non
1800 1184 2094 1246 mediocri
2116 1185 2293 1260 cupi·

230 1271 421 1331 ditate
450 1269 716 1343 adripuit
749 1268 1084 1346 imperium,
1121 1269 1173 1328 si
1195 1266 1345 1330 illud
1369 1268 1685 1344 imperium
1716 1285 1856 1332 esse
1886 1268 2097 1344 potuit,
2131 1269 2296 1344 quod

232 1355 318 1412 ad
360 1353 662 1427 privatum
713 1351 977 1413 clamore
1024 1349 1416 1412 multitudinis
1455 1350 1795 1448 imperitae,
1837 1352 2001 1412 nullo
2050 1352 2291 1426 publico

227 1432 494 1496 consilio
518 1434 924 1494 deferebatur.
1009 1431 1066 1494 4.
1100 1435 1312 1508 ltaque
1337 1434 1645 1509 Ligarius,
1690 1433 1793 1509 qui
1830 1451 2014 1495 omne
2041 1435 2161 1494 tale
2189 1450 2290 1493 ne

227 1516 469 1599 gotium
515 1523 770 1592 cuperet
797 1516 1095 1590 effugere,
1139 1517 1410 1590 paullum
1449 1517 1715 1578 adventu
1744 1517 1892 1577 Vari
1924 1517 2294 1593 conquievit.

239 1601 309 1659 ΙΙ.
339 1599 591 1675 Adhuc,
623 1598 686 1660 C.
723 1600 974 1674 Caesar,
1015 1598 1082 1674 Q.
1109 1597 1388 1674 Ligarius
1417 1600 1580 1661 omni
1609 1602 1787 1675 culpa
1818 1606 2011 1661 vacat.
2102 1601 2296 1661 Domo

229 1691 334 1744 est
365 1699 656 1760 egressus
687 1700 807 1744 non
841 1683 1024 1745 modo
1060 1683 1287 1742 nullum
1317 1684 1399 1744 ad
1428 1683 1681 1757 bellum,
1722 1685 1834 1744 sed
1878 1700 1957 1744 ne
2002 1683 2085 1744 ad
2122 1682 2290 1743 mini-

235 1783 396 1826 mam
440 1764 684 1842 quidem
739 1765 1141 1844 suspitionem
1179 1765 1351 1826 belli.
1406 1767 1639 1842 legatus
1688 1767 1745 1826 in
1788 1782 1941 1842 pace
1981 1753 2297 1842 profectus

232 1857 362 1910 est:
399 1847 460 1908 in
491 1848 805 1926 provincia
834 1849 1222 1926 pacatissima
1249 1849 1331 1910 ita
1367 1865 1437 1910 se
1468 1850 1687 1925 gessit,
1730 1858 1792 1911 ut
1820 1847 1877 1910 ei
1909 1864 2125 1924 pacem
2156 1864 2297 1909 esse

228 1931 572 2007 expediret.
657 1933 954 1992 Profectio
1000 1940 1162 1993 certe
1203 1933 1463 1992 animum
1502 1939 1669 1993 tuum
1709 1949 1829 1993 non
1877 1932 2057 1991 debet
2104 1931 2297 1992 offen-

233 2017 414 2075 derez
443 2031 587 2074 num
617 2014 793 2089 igitur
812 2017 1162 2076 remansio?
1183 2013 1371 2075 Multo
1402 2015 1620 2076 minus.
1676 2015 1821 2074 Nam
1852 2013 2152 2090 profectio
2192 2031 2301 2074 vo-

238 2098 524 2156 luntatem
567 2095 776 2157 habuit
819 2112 941 2156 non
981 2105 1250 2173 turpem,
1294 2099 1594 2158 remansio
1644 2098 2066 2158 necessitatem
2113 2095 2303 2158 etiam

234 2178 576 2239 honestam.
664 2179 826 2254 Ergo
867 2179 1018 2238 haec
1059 2178 1182 2240 duo
1225 2189 1501 2256 tempora
1534 2189 1741 2242 carent
1770 2181 2044 2240 crimine=
2086 2196 2299 2252 unum,

229 2277 425 2338 -quum
467 2268 562 2322 est
601 2261 835 2336 legatus
892 2264 1236 2337 profectuS,
1297 2266 1579 2338 alterum,
1626 2279 1807 2339 quum
1848 2262 2221 2338 efflagitatus
2266 2279 2306 2321 a

234 2342 555 2419 provincia
594 2344 981 2420 praepositus
1018 2347 1262 2406 Africae
1303 2355 1415 2408 est.
1512 2341 1573 2407 5.
1605 2345 1867 2407 Tertium
1908 2353 2149 2420 tempus
2186 2353 2301 2416 est,

229 2425 404 2500 quod
431 2433 572 2500 post
587 2427 916 2490 ‘adventum
937 2429 1082 2488 Vari
1103 2427 1166 2488 in
1199 2429 1409 2491 Africa
1437 2427 1670 2504 restitit,
1702 2427 1869 2504 quod
1894 2428 1947 2490 si
1974 2434 2072 2488 est
2099 2426 2303 2488 crimi-

233 2525 490 2582 nosum,
521 2509 904 2572 necessitatis
937 2510 1160 2572 crimen
1191 2519 1314 2586 est,
1354 2529 1477 2574 non
1506 2512 1852 2573 voluntatis.
1938 2512 2035 2570 An
2066 2510 2200 2582 ille,
2246 2508 2303 2569 si

238 2591 540 2667 potuisset
561 2591 726 2654 illinc
747 2595 869 2654 ullo
893 2594 1076 2654 modo
1099 2594 1389 2668 evadere,
1414 2595 1628 2658 Uticae
1664 2611 1846 2672 quam
1874 2595 2125 2666 Romae,
2160 2608 2301 2653 cum

230 2675 299 2734 P.
323 2673 484 2736 Attio
512 2692 694 2751 quarn
727 2693 864 2738 cum
887 2675 1383 2738 concordissimis
1416 2677 1717 2752 fratribus,
1748 2693 1885 2738 cum
1914 2675 2129 2736 alienis
2155 2689 2302 2735 esse

230 2773 422 2832 quam
436 2773 570 2819 cum
588 2759 718 2821 suis
729 2757 1044 2822 maluisset
1057 2765 1088 2818 ι
1107 2758 1333 2834 Quum
1318 2777 1453 2836 npsa
1468 2762 1696 2844 legatio
1706 2758 1886 2837 plena
1900 2757 2191 2820 desiderii
2226 2773 2302 2818 ac

231 2839 659 2903 sollicitudinis
695 2841 912 2903 fuisset
941 2850 1192 2918 propter
1217 2840 1633 2904 incredibilem
1676 2829 2000 2920 quemdam
2042 2843 2303 2902 fratrum

225 2925 522 3065 angorem,
554 2925 650 2986 hic
679 2941 877 3001 aequo
901 2926 1100 2986 animo
1127 2941 1269 2988 esse
1299 2925 1493 3002 potuit
1518 2927 1660 2991 belli
1684 2923 1942 3038 discidio
1968 2923 2303 3034 distractus

225 3023 274 3066 a
322 3008 628 3068 rauibusr

386 3089 446 3152 6.
482 3089 719 3152 Nullum
763 3087 941 3166 igitur
981 3091 1218 3167 habes,
1268 3091 1531 3169 Caesar,
1588 3092 1788 3153 adhue
1830 3090 1895 3152 in
1930 3091 2003 3166 Q.
2050 3087 2304 3167 Ligario

226 3168 475 3246 signum
519 3173 752 3234 alienae
792 3190 829 3233 a
857 3182 916 3234 te
951 3138 1315 3236 volunta’tis·
1362 3174 1537 3236 cuius
1583 3191 1699 3250 ego
1742 3189 1991 3236 causam
2025 3169 2307 3232 animad-

229 3261 433 3328 verte,
467 3270 719 3330 quaeso,
753 3271 874 3330 qua
903 3255 1025 3317 fide
1047 3257 1401 3316 defendam.
1432 3256 1627 3334 prodo
1652 3271 1867 3320 meam.
1953 3253 2001 3315 Ο
2033 3255 2303 3326 clemen

230 3329 374 3396 fiam
403 3333 812 3400 admirabilem
835 3347 1019 3414 atque
1055 3338 1319 3404 omnium
1350 3341 1545 3417 lande,
1580 3339 2051 3419 praedicatione,
2084 3336 2310 3398 litteris
