2459 3817
288 110 365 169 IN
393 112 456 171 c.
486 110 813 173 VERREM
838 110 1109 171 AcT.11.
1135 110 1282 170 LlB.
1312 110 1388 170 V.
1422 109 1583 170 CAP.
1625 120 1677 171 1.
1699 118 1751 170 2.
1775 116 1827 176 s.
1859 120 2027 171 1—5.
2077 110 2198 175 121

140 258 281 319 mini
315 260 495 321 talem
523 260 949 335 imperatorem
979 262 1211 336 populo
1248 262 1522 321 Romano
1561 258 1896 320 Siculorum
1927 259 2192 321 testimo-

135 341 253 401 niis
298 342 479 416 eripi,
524 358 604 399 ne
662 342 855 403 obteri
884 343 1125 404 laudem
1166 341 1612 418 imperatoriam
1656 340 2008 402 criminibus
2047 360 2190 402 ava·

136 424 309 483 ritiae
342 424 561 485 velitis.
620 423 679 485 3.
732 425 866 484 Non
895 441 1151 501 possum
1177 424 1577 495 dissimulare,
1612 424 1878 485 iudicesz
1909 424 2091 485 timeo
2111 442 2194 485 ne

138 506 201 565 C.
233 506 455 566 Verres
487 516 739 581 propter
766 508 923 567 hanc
950 505 1233 569 eximiam
1261 507 1542 569 virtutem
1579 506 1640 566 in
1680 523 1749 567 re
1788 504 2030 567 militari
2064 524 2190 568 om-

134 588 265 661 nia,
308 605 467 663 quae
489 588 649 663 fecit,
678 590 925 665 impune
956 591 1183 651 fecerit.
1245 588 1430 651 Venit
1453 589 1614 651 enim
1643 588 1786 649 mihi
1814 588 1876 649 in
1903 599 2187 664 mentem,

130 669 193 729 in
240 670 465 730 iudicio
505 671 605 731 Μ’.
646 670 875 746 Aquilii
934 682 1222 749 quantum
1267 670 1672 745 auctoritatiS,
1725 679 2012 746 quantum
2061 688 2187 733 moe

130 752 316 813 menti
346 752 539 813 oratio
566 754 647 813 Μ.
676 754 927 815 Antonii
956 755 1250 815 habuisse
1277 755 1618 823 existimata
1647 754 1754 815 sita
1797 754 1933 829 qui,
1965 760 2032 813 ut
2059 762 2190 816 erat

129 834 189 893 in
226 836 485 897 dicendo
515 854 635 897 non
662 838 860 897 solum
892 837 1161 912 sapiens,
1197 837 1310 897 sed
1341 837 1518 897 etiam
1541 837 1745 909 fortis,
1777 850 1964 897 causa
1994 850 2189 911 prope

126 927 445 992 perorata,
498 917 637 993 ipse
684 919 949 995 adripuit
985 922 1085 979 Μ’.
1119 917 1432 994 Aquilium
1473 917 1908 992 constituitque
1951 916 2014 975 in
2045 934 2187 977 con·

128 1008 344 1075 spectu
374 1001 640 1061 omnium
669 1001 1055 1077 tunicamque
1090 1001 1223 1061 eius
1256 1018 1294 1061 a
1323 1010 1574 1077 pectore
1609 999 1897 1074 abscidit,
1936 1006 2004 1059 ut
2031 998 2189 1059 cica-

126 1082 313 1142 trices
350 1083 617 1157 populus
649 1082 963 1144 Romanus
993 1083 1354 1158 iudicesque
1383 1086 1732 1159 aspicerent
1758 1083 2024 1143 adverso
2056 1097 2186 1141 cor·

121 1181 281 1238 pore
316 1172 645 1237 exceptam
688 1164 867 1224 simul
895 1167 1061 1225 etde
1090 1166 1193 1225 illo
1220 1166 1500 1238 vulnere,
1547 1166 1716 1239 quod
1740 1164 1842 1225 ille
1884 1164 1944 1223 in
1989 1163 2188 1239 capite

117 1248 199 1305 ab
234 1244 501 1305 hostium
529 1246 687 1305 duce
715 1256 1065 1321 acceperat,
1112 1248 1298 1306 multa
1327 1247 1480 1307 dixit
1516 1263 1718 1321 eoque
1764 1246 2018 1307 adduxit
2057 1262 2190 1319 eos,

118 1326 233 1402 qui
264 1332 441 1386 erant
468 1326 821 1401 iudicaturi,
854 1329 1243 1389 vehementer
1269 1337 1337 1390 ut
1361 1336 1717 1390 vererentur
1748 1345 1844 1401 ne,
1879 1344 2060 1425 quem
2097 1327 2184 1387 vi·

116 1425 255 1470 rum
290 1410 536 1469 fortuna
564 1426 643 1469 ex
671 1409 937 1471 hostium
972 1411 1107 1471 telis
1136 1410 1494 1486 eripuisset,
1526 1428 1712 1487 quum
1741 1374 1858 1472 sibi
1891 1412 2029 1487 ipse
2059 1428 2182 1473 non

114 1488 536 1568 pepercisset,
581 1485 680 1551 hic
729 1510 850 1553 non
886 1495 967 1553 ad
1004 1492 1220 1569 populi
1247 1493 1508 1555 Romani
1538 1495 1808 1567 laudem,
1841 1496 1954 1556 sed
1982 1494 2110 1555 ad
2091 1513 2180 1555 ιιι

115 1575 321 1635 dicum
356 1572 767 1635 crudelitatem
795 1574 1103 1637 videretur
1144 1590 1289 1637 esse
1317 1584 1622 1639 servatus.
1661 1575 1719 1637 4.
1763 1578 1992 1637 Eadem
2019 1594 2182 1637 nunc

112 1658 193 1717 ab
228 1656 351 1717 illis
380 1656 758 1718 defensionis
796 1658 951 1719 ratio
992 1658 1221 1735 viaque
1264 1666 1621 1735 temptatur·
1605 1700 1620 1715 .
1661 1658 1822 1718 idem
1852 1658 2181 1731 quaeritur.

114 1740 208 1800 Sit
253 1742 351 1799 fur
370 1784 387 1813 ,
434 1739 513 1799 sit
552 1738 921 1815 sacrilegus,
970 1740 1051 1801 sit
1074 1740 1443 1816 flagitiorum
1481 1740 1746 1801 omnium
1775 1740 2182 1813 vitiorumque

107 1823 437 1897 princeps:
480 1830 544 1884 at
586 1830 682 1883 est
722 1824 929 1884 bonus
971 1822 1306 1897 imperator
1345 1841 1423 1885 ao
1479 1822 1624 1881 felix
1667 1830 1728 1881 et
1767 1821 1846 1879 ad
1874 1820 2060 1880 dubia
2091 1819 2182 1881 rei

106 1903 400 1978 publicae
430 1912 707 1979 tempora
743 1906 1179 1965 reservandus.
1244 1906 1318 1964 ΙΙ.
1379 1906 1514 1963 Νοιι
1551 1919 1728 1978 agam
1773 1918 2008 1964 summo
2049 1901 2179 1963 iure

105 1996 346 2046 tecum=
376 2003 500 2047 non
524 1986 721 2047 dicam
752 1985 849 2061 id,
892 1987 1059 2061 quod
1092 1988 1352 2047 debeam
1382 1986 1634 2047 forsitan
1665 1986 1963 2054 obtinere,
1996 2002 2178 2059 quum

105 2068 406 2129 iudicium
438 2078 603 2129 certa
627 2070 765 2143 lege
798 2068 905 2139 sit,
935 2084 1059 2129 non
1090 2068 1238 2144 quid
1266 2068 1326 2128 in
1360 2084 1430 2129 re
1460 2067 1700 2129 militari
1747 2067 1979 2129 sortiter
2016 2071 2177 2130 fece-

101 2150 225 2225 ris,
270 2152 385 2211 sed
429 2166 609 2225 quem
649 2152 731 2211 ad
758 2151 1007 2212 modum
1034 2167 1252 2212 manus
1291 2153 1368 2211 ab
1409 2150 1622 2211 alienis
1661 2150 1944 2227 pecuniis
1991 2152 2167 2213 absti-

104 2233 323 2294 nueris
362 2234 475 2294 abs
503 2242 561 2294 te
592 2233 801 2294 doceri
833 2241 1148 2309 oportere·
1198 2251 1355 2309 non,
1392 2234 1670 2308 inquam,
1704 2234 1794 2294 sic
1825 2248 2033 2308 agam,
2065 2235 2175 2293 sed

102 2316 195 2376 ita
227 2332 551 2392 quaeram,
603 2332 782 2391 quem
814 2317 896 2376 ad
939 2317 1187 2378 modum
1226 2325 1289 2378 te
1321 2318 1480 2377 veile
1519 2315 1820 2391 intelligo,
1874 2331 2034 2389 quae
2072 2324 2178 2375 tua

105 2414 305 2473 opera
337 2405 397 2459 et
433 2406 659 2473 quanta
686 2397 954 2460 fueritin
983 2398 1167 2460 bello.

276 2480 338 2541 5.
384 2480 541 2554 Quid
570 2479 767 2541 dicis?
806 2496 883 2539 an
914 2480 1075 2542 bello
1112 2479 1499 2556 fugitivorum
1533 2480 1797 2542 Siciliam
1830 2478 2046 2541 virtute
2075 2489 2178 2541 tua

97 2563 471 2623 liberatam?
540 2563 763 2638 Magna
805 2564 942 2623 laus
986 2571 1047 2624 et
1088 2564 1346 2625 honesta
1390 2562 1614 2624 oratius
1656 2564 1770 2624 sed
1807 2572 2007 2623 tamen
2051 2580 2174 2637 quo

96 2647 313 2707 bello?
388 2646 517 2707 Nos
546 2644 703 2706 enim
738 2654 883 2721 post
910 2646 1061 2705 illud
1088 2647 1346 2719 bellum,
1387 2647 1558 2720 quod
1584 2646 1684 2705 Μ’.
1713 2644 1999 2719 Aquilius
2029 2661 2174 2705 con·

96 2728 278 2800 fecit,
332 2726 423 2789 sic
474 2729 859 2803 accepimus,
907 2729 1137 2789 nullum
1184 2728 1250 2787 in
1287 2727 1490 2788 Sicilia
1531 2727 1916 2801 fugitivorum
1949 2728 2175 2787 bellum

98 2812 324 2871 fuisse.
386 2814 470 2871 At
502 2809 563 2870 in
598 2810 767 2871 Italia
800 2808 928 2873 suit.
994 2810 1246 2885 Fateor,
1290 2819 1352 2873 et
1377 2826 1657 2884 magnum
1690 2809 1932 2885 quidem
1961 2826 2036 2870 ac
2067 2826 2172 2870 ve-

96 2892 378 2954 hemens.
443 2892 596 2953 Num
638 2893 818 2967 igitur
846 2910 923 2954 ex
966 2908 1041 2953 eo
1072 2893 1233 2953 bello
1263 2901 1496 2969 partem
1529 2891 1792 2968 aliquam
1837 2891 2036 2954 laudis
2063 2908 2166 2966 ap-

102 2984 317 3051 petere
368 2974 655 3036 conaris?
714 2992 857 3036 num
906 2972 1015 3033 tibi
1064 2974 1227 3037 illius
1273 2974 1566 3035 victoriae
1611 2974 1862 3049 gloriam
1905 2991 2042 3036 cum
2089 2974 2172 3039 Μ.

102 3059 330 3121 crasso
359 3066 465 3119 aut
492 3060 596 3119 Cn.
624 3058 915 3132 Pompeio
947 3056 1448 3119 communicatam
1479 3064 1703 3131 putas?
1760 3057 1896 3153 Non
1917 3057 2176 3117 arbitror

100 3140 222 3202 hoc
254 3139 435 3201 etiam
465 3149 605 3201 tuae
632 3141 861 3201 deesse
900 3139 1340 3213 impudentiae,
1380 3147 1447 3200 ut
1465 3137 1809 3230 quidquam
1845 3138 1976 3199 eius
2005 3135 2174 3197 modi

103 3223 313 3284 dicere
352 3224 606 3283 audeas.
673 3220 969 3283 Obstitisti
1009 3220 1327 3297 videlicet,
1373 3238 1454 3283 ne
1487 3238 1564 3281 ex
1596 3220 1768 3283 Italia
1809 3216 2068 3280 transire
2107 3216 2168 3275 in

106 3304 382 3367 Siciliam
414 3304 804 3382 fugitivorum
834 3302 1050 3380 copiae
1080 3312 1352 3379 possent.
1411 3304 1572 3365 Ubi?
1613 3301 1856 3377 quando
1873 3308 1902 3359 ἲ
1944 3314 2066 3374 qua
2091 3314 2170 3357 ex
