2459 3817
789 159 956 220 CAP.
985 165 1218 222 8—10.
1264 165 1317 226 s.
1358 167 1427 222 25
1450 165 1627 222 -32
2132 159 2257 227 183

185 308 493 386 victorias,
519 317 930 384 monumenta,
953 301 1223 385 r‘nunera,
1251 309 1598 385 triumphos
1618 307 1939 372 audientes
1962 317 2022 372 et
2048 311 2255 386 legen·

185 404 281 456 tes
311 403 464 458 tuos.
551 393 654 456 29.
685 393 811 453 Sed
839 393 957 454 nisi
980 394 1133 454 haec
1158 394 1307 453 urbs
1338 392 1601 454 stabilita
1634 391 1751 453 tuis
1782 392 2055 454 consiliis
2084 401 2143 454 et
2165 392 2251 454 in-

189 476 408 539 stitutis
438 474 583 550 erit,
629 476 948 551 vagabitur
975 477 1158 539 modo
1196 483 1369 538 tuum
1399 491 1622 538 nomen
1668 476 1854 552 longe
1879 485 2062 552 atque
2100 479 2255 542 late.-

183 559 399 623 sedem
425 557 703 623 stabilem
735 567 798 618 et
821 559 1190 621 domicilium
1224 569 1453 622 certum
1482 576 1609 620 non
1634 558 1901 620 habebit.
1952 559 2081 620 Erit
2101 559 2257 621 inter

180 659 300 704 eos
329 643 538 718 etiam,
570 641 678 719 qui
705 652 1052 718 nascentur,
1083 642 1244 706 sicut
1271 645 1427 704 inter
1454 659 1573 706 nos
1602 642 1731 716 fuit,
1761 659 1981 719 magna
2012 643 2252 704 dissen-

183 727 308 799 sio,
353 741 542 802 quum
577 723 679 786 alii
710 725 996 790 laudibus
1035 727 1114 788 ad
1157 729 1393 789 eaelum
1430 742 1535 788 res
1572 733 1711 788 tuas
1738 736 1949 801 gestas
1978 727 2255 802 efferent,

177 807 284 870 alii
314 810 575 870 fortasse
603 807 835 884 aliquid
863 809 1192 887 requirent,
1227 809 1417 884 idque
1457 809 1558 868 vei
1584 807 1929 884 maximum,
1962 810 2081 871 nisi
2110 811 2253 870 belli

176 890 380 953 >civilis
401 891 750 954 incendium
773 893 972 954 salute
992 895 1228 968 patriae
1261 889 1641 964 restinxeriS‚
1666 891 1901 951 utillud
1930 892 2035 951 sati
2058 893 2254 954 ruisse

180 974 492 1050 videatur,
528 975 648 1036 hoc
695 975 957 1036 consilii.
1045 974 1223 1036 Servi
1253 973 1433 1049 igitur
1458 974 1535 1036 iis
1566 973 1746 1034 etiam
1774 972 2112 1045 iudicibuS,
2146 972 2253 1050 qui

177 1057 387 1119 multis
411 1065 558 1134 post
582 1056 850 1120 saeculis
879 1059 959 1118 de
990 1065 1052 1120 te
1082 1057 1438 1118 iudicabunt
1467 1065 1528 1118 et
1550 1055 1795 1132 quidem
1817 1057 1983 1116 haud
2014 1056 2144 1118 scio
2174 1073 2250 1117 an

178 1139 592 1215 incorruptius
641 1156 824 1215 quam
867 1157 1004 1201 nos.
1086 1141 1237 1200 Nam
1268 1147 1330 1200 ct
1356 1141 1489 1200 sine
1518 1155 1726 1199 amore
1760 1147 1821 1198 et
1849 1137 1987 1200 sine
2020 1138 2254 1214 cupidi-

179 1230 300 1283 tate
339 1229 402 1282 et
438 1239 652 1283 rursus
693 1221 828 1282 sine
871 1223 1016 1284 odio
1059 1230 1122 1283 et
1165 1223 1299 1284 sine
1326 1221 1559 1282 invidia
1588 1221 1963 1283 iudicabunt.
2046 1221 2149 1282 30.
2184 1222 2253 1282 Id

174 1315 379 1366 autem
407 1305 586 1378 etiam
617 1303 672 1365 si
702 1313 823 1374 tum
856 1305 936 1366 ad
961 1313 1053 1381 te,
1081 1315 1148 1368 ut
1181 1305 1427 1382 quidam
1462 1306 1617 1366 falso
1648 1312 1890 1380 putant,
1916 1321 2039 1367 non
2070 1305 2253 1381 perti-

173 1386 376 1462 nebit,
415 1403 578 1452 nunc
606 1397 771 1450 certe
809 1388 1071 1464 pertinet
1123 1406 1269 1455 esse
1296 1397 1355 1450 te
1383 1390 1593 1464 talem,
1631 1397 1699 1450 ut
1722 1395 1857 1450 tuas
1886 1390 2103 1452 laudes
2145 1389 2245 1449 ob-

180 1481 504 1534 scuratura
529 1473 696 1534 nulia
725 1489 1014 1547 umquam
1049 1473 1130 1535 sit
1157 1472 1409 1534 oblivio.

293 1557 366 1618 X.
401 1557 696 1618 Diversae
725 1558 1072 1618 voluntates
1101 1556 1323 1618 civium
1352 1559 1596 1618 fuerunt
1627 1555 2079 1630 distractaeque
2108 1573 2239 1616 sen-

175 1639 422 1700 tentiae.
455 1640 588 1705 Non
615 1639 776 1700 enim
803 1640 1078 1702 consiliis
1111 1642 1312 1712 solum
1344 1649 1407 1701 et
1436 1639 1676 1713 studiiS‚
1708 1641 1821 1700 sed
1848 1640 2033 1700 armis
2069 1639 2247 1699 etiam

171 1730 240 1781 et
268 1721 486 1782 castris
520 1721 1002 1784 dissidebamus=
1035 1732 1166 1786 erat
1194 1723 1355 1784 enim
1384 1721 1728 1784 obscuritas
1764 1723 2085 1796 quaedam,
2118 1731 2247 1782 erat

172 1812 482 1864 certamen
511 1801 668 1864 inter
688 1805 1066 1867 clarissimos
1089 1805 1314 1866 duces:
1346 1801 1516 1864 multi
1539 1803 1895 1863 dubitabant
1916 1803 2061 1878 quid
2093 1805 2249 1878 opti·

174 1903 342 1946 mum
364 1893 548 1960 esset,
577 1887 745 1947 multi
779 1885 927 1961 quid
951 1885 1072 1947 sibi
1091 1886 1428 1962 expediret,
1462 1886 1632 1947 multi
1658 1885 1805 1962 quid
1830 1887 2092 1958 deceret,
2124 1903 2271 1946 non.

177 1969 325 2029 nulli
367 1968 548 2030 etiam
594 1969 742 2045 quid
780 1969 1007 2030 liceret.
1094 1969 1196 2032 31.
1236 1970 1559 2030 Perfuncta
1598 1983 1699 2028 res
1728 1967 1975 2044 publica
2006 1975 2104 2028 est
2132 1969 2251 2030 hoc

175 2053 402 2113 misero
433 2051 720 2127 fatalique
748 2051 941 2112 belloa
987 2052 1136 2113 vicit
1165 2053 1251 2126 is,
1296 2053 1400 2128 qui
1432 2068 1553 2112 non
1582 2053 1822 2112 fortuna
1849 2050 2251 2113 inflammaret

176 2134 385 2196 odium
415 2152 609 2209 suum,
639 2135 752 2196 sed
782 2133 1047 2196 bonitate
1068 2135 1313 2207 leniret,
1344 2151 1459 2196 nec
1484 2136 1586 2209 qui
1618 2151 1851 2208 omnes,
1886 2134 2111 2209 quibus
2132 2135 2249 2194 ira-

172 2228 278 2281 tus
318 2227 512 2292 esset,
559 2221 810 2280 eosdem
853 2217 1031 2278 ctiam
1074 2219 1291 2279 exsilio
1315 2226 1419 2279 aut
1454 2227 1651 2280 morte
1679 2217 1898 2294 dignos
1930 2217 2246 2279 iudicaret.

174 2305 364 2362 Arma
391 2302 468 2362 ab
501 2301 637 2362 aliis
670 2300 1022 2378 positasa‘b
1057 2302 1191 2364 aliis
1227 2309 1435 2378 erepta
1471 2309 1631 2362 sunt.
1715 2302 1994 2376 Ingratus
2024 2309 2119 2361 est
2154 2301 2241 2360 in·-

176 2385 500 2459 iustusque
529 2383 714 2457 civis,
761 2383 866 2459 qui
907 2400 1210 2445 armorum
1245 2385 1515 2460 periculo
1550 2383 1837 2445 liberatus
1868 2383 2131 2445 animum
2161 2393 2247 2445 ta-

177 2483 314 2528 men
350 2466 569 2529 retinet
602 2476 930 2542 armatum,
957 2477 1025 2530 ut
1047 2467 1226 2530 etiam
1258 2466 1359 2528 ille
1389 2468 1604 2529 melior
1631 2465 1729 2541 sit,
1762 2467 1951 2544 quiin
1986 2467 2120 2527 acie
2150 2483 2250 2526 ce·

169 2550 352 2625 cidit,
397 2551 502 2627 qui
544 2551 603 2612 in
635 2567 822 2612 causa
851 2550 1110 2612 animam
1146 2552 1433 2627 profudit.
1523 2546 1691 2626 Quae
1720 2551 1877 2611 enim
1914 2549 2252 2627 pertinacia

176 2635 570 2709 quibusdam,
615 2635 829 2695 eadem
879 2634 1015 2695 aliis
1059 2635 1401 2696 constantia
1442 2633 1639 2694 videri
1682 2642 1903 2709 potest.
1988 2632 2089 2693 32.
2124 2633 2251 2692 Sed

174 2717 536 2777 iam-omnis
578 2718 768 2777 fracta
815 2715 1124 2778 dissensio
1165 2725 1263 2780 est
1309 2717 1525 2788 armis,
1582 2716 1887 2776 exstincta
1944 2717 2251 2791 acquitate

173 2799 452 2860 victoris=
499 2807 688 2860 restat
707 2807 774 2859 ut
803 2814 1017 2860 omnes
1052 2816 1239 2859 unum
1270 2799 1487 2871 velint,
1533 2797 1637 2873 qui
1669 2799 1852 2859 mod-0
1883 2797 2109 2859 habent
2141 2797 2250 2858 aii·

176 2878 326 2958 quid
360 2897 482 2942 non
516 2881 715 2941 solum
747 2879 1115 2956 sapientiae,
1158 2883 1273 2941 scd
1322 2880 1500 2941 etiam
1532 2879 1828 2940 sanitatis.
1911 2880 2041 2942 Nisi
2072 2889 2151 2953 te,
2184 2881 2247 2940 C.

171 2965 417 3036 Caesar,
452 2964 625 3025 salvo
658 2970 717 3024 et
747 2961 805 3022 in
832 2961 950 3024 ista
980 2963 1297 3036 sententia,
1333 2979 1454 3038 qua
1484 2979 1668 3038 quum
1704 2971 1882 3024 antea
1909 2972 2035 3025 tum
2063 2964 2249 3024 hodie

175 3050 270 3108 vel
299 3046 563 3109 maxime
593 3063 748 3110 usus
783 3062 871 3118 cs,
902 3053 1183 3107 manente
1219 3047 1377 3108 salvi
1401 3062 1542 3107 esse
1570 3062 1693 3108 non
1726 3063 2077 3122 possumus.
2119 3045 2250 3120 Qua

171 3147 240 3190 re
286 3147 500 3192 omnes
545 3136 633 3205 te,
685 3130 792 3206 qui
837 3129 990 3191 haec
1020 3130 1194 3192 salva
1225 3146 1369 3192 esse
1400 3131 1714 3202 volamus,
1756 3138 1817 3191 et
1845 3132 2157 3194 hortamur
2189 3134 2251 3189 et

167 3213 605 3287 obsecramus,
637 3220 704 3274 ut
732 3211 896 3274 vitae
941 3220 1084 3274 tuae
1114 3219 1176 3273 et
1205 3212 1391 3275 saluti
1408 3216 1733 3286 consulas,
1754 3229 2097 3288 omnesque
2121 3209 2249 3282 tibi,

166 3303 240 3354 ut
279 3311 392 3369 pro
426 3296 560 3358 aliis
592 3296 774 3357 etiam
817 3297 1036 3372 loquar
1085 3297 1252 3372 quod
1297 3296 1376 3357 de
1405 3313 1501 3356 me
1534 3295 1671 3372 ipse
1704 3295 1921 3368 sentio,
1960 3293 2248 3371 quoniam

170 3376 438 3441 subesse
467 3378 699 3456 aliquid
727 3385 905 3456 putas
943 3380 1110 3456 quod
1142 3379 1484 3440 cavendum
1518 3379 1625 3458 sit,
1668 3395 1791 3440 non
1836 3378 2020 3441 modo
2064 3393 2251 3439 excu-
