2459 3817
224 145 311 210 26
795 141 947 204 PRO
990 140 1058 202 P.
1104 137 1358 202 SULLA
1399 131 1706 197 ORATIO.

231 307 419 371 nolite
448 304 631 368 armis
664 304 793 368 suis
820 305 1143 384 spoliatam
1172 312 1360 380 atque
1389 304 1674 366 nudatam
1704 301 1969 364 obiicere
1997 299 2278 376 invidiae,

226 394 461 454 dedere
490 389 833 467 suspitioni.
891 390 1124 452 Munite
1154 403 1538 451 communem
1564 402 1768 447 arcem
1800 387 2132 456 bonorum,
2174 387 2284 446 ob-

228 475 449 536 struite
474 475 754 550 perfugia
781 473 1227 549 improborum:
1261 474 1464 532 valeat
1489 475 1608 532 vita
1635 477 1696 530 et
1722 469 1802 528 ad
1823 485 2088 544 poenam
2119 477 2182 529 et
2202 462 2287 530 ad

230 561 493 620 salutem
526 557 869 632 plurimum,
902 572 1084 633 quam
1109 557 1306 617 solam
1339 553 1557 615 videtis
1588 553 1784 628 ipsam
1815 566 1894 611 ex
1923 567 2039 612 sua
2066 559 2287 612 natura

230 640 515 702 facillime
543 640 831 715 perspici,
863 640 1065 701 subito
1094 639 1264 700 flecti
1294 637 1564 712 fingique
1592 652 1714 697 non
1745 649 1956 710 posse.

397 723 609 784 XXIX.
653 721 753 782 80.
800 723 956 798 Quid
995 722 1190 783 vero?
1232 722 1386 782 haec
1427 719 1758 780 auctoritas
1788 751 1872 762 -
1901 733 2092 793 saepe
2123 717 2288 778 enim

228 815 332 868 cst
357 807 435 866 de
471 823 545 866 ea
574 804 917 878 dicendum,
951 820 1318 882 quamquam
1357 819 1394 862 a
1431 819 1530 862 me
1558 801 1764 862 timide
1803 801 2168 876 modiceque
2198 799 2288 863 di-

231 898 409 950 cetur
432 923 533 960 —,
562 888 728 963 quid,
761 889 1025 964 inquam,
1060 889 1213 948 haec
1241 885 1575 948 auctoritas
1608 892 1838 956 nostra,
1870 885 1974 958 qui
2002 901 2040 944 a
2061 882 2288 946 ceteris

226 973 667 1036 coniurationis
692 973 895 1034 causis
919 972 1340 1045 abstinuimuS,
1367 971 1430 1033 P.
1458 971 1686 1032 Sullam
1707 971 2108 1046 defendimuS,
2136 971 2282 1032 nihil
2361 1044 2372 1050 ‚

226 1059 389 1119 hunc
412 1059 655 1118 tandem
675 1056 949 1119 iuvabit?
990 1057 1187 1116 Grave
1208 1063 1306 1116 est
1324 1055 1442 1116 hoc
1464 1054 1689 1115 dictum
1711 1055 1992 1128 fortasse,
2015 1052 2281 1115 iudices:

226 1156 435 1216 grave,
468 1141 519 1200 si
552 1139 894 1215 appetimus
923 1138 1184 1216 aliquid=
1218 1139 1274 1200 si
1305 1155 1489 1215 quum
1558 1135 1742 1199 ceteri
1769 1137 1848 1198 de
1875 1136 2054 1198 nobis
2084 1135 2278 1208 silent,

226 1240 351 1284 non
381 1223 560 1285 etiam
588 1230 829 1283 nosmet
854 1221 974 1298 ipsi
1000 1230 1306 1295 tacemuS,
1345 1235 1561 1296 grave=
1605 1220 1748 1293 sed',
1783 1219 1836 1280 si
1864 1217 2190 1294 laedimur,
2228 1217 2283 1279 si

223 1321 614 1380 accusamur,
646 1303 790 1366 siin
818 1304 1105 1365 invidiam
1136 1320 1454 1376 vocamur,
1495 1304 1769 1379 profecto
1802 1302 2167 1377 conceditis,
2192 1299 2282 1362 iu·

224 1388 431 1460 diceri,
474 1395 543 1448 ut
568 1387 747 1449 nobis
776 1387 1109 1449 libertatem
1139 1386 1402 1447 retinere
1434 1384 1639 1460 liceat,
1677 1385 1729 1447 si
1760 1385 1958 1446 minus
1987 1385 2164 1445 liceat
2191 1381 2280 1444 di·

224 1469 534 1546 gnitatem.
594 1467 695 1531 81.
740 1470 1029 1531 Accusati
1058 1476 1201 1530 sunt
1227 1485 1350 1530 uno
1381 1468 1624 1529 nomine
1653 1470 2038 1540 consulares,
2069 1475 2136 1528 ut
2160 1465 2282 1527 iam

226 1551 505 1613 videatur
531 1551 782 1614 honoris
806 1551 1162 1627 amplissimi
1191 1567 1411 1613 nomen
1437 1553 1574 1626 plus
1597 1550 1861 1612 invidiae
1885 1565 2064 1627 quam
2087 1547 2282 1624 digni-

227 1635 367 1696 tatis
388 1634 647 1696 adferre.
688 1636 1049 1708 Admorunt,
1078 1633 1292 1711 inquit,
1323 1633 1608 1695 catilinae
1630 1633 1920 1710 illumque
1941 1629 2280 1694 laudarunt.

226 1719 401 1779 Nulla
438 1727 563 1781 tum
604 1719 879 1794 patebat,
922 1719 1084 1778 nulla
1126 1725 1256 1778 erat
1295 1717 1534 1793 cognita
1577 1716 1942 1778 coniuratio=
1994 1714 2280 1776 defende·

226 1801 376 1862 bant
407 1801 695 1874 amicum,
749 1801 1003 1861 aderant
1043 1798 1342 1877 supplici,
1392 1799 1555 1861 vitae
1593 1799 1726 1861 eius
1759 1797 2189 1875 turpitudinem
2217 1794 2280 1856 in

226 1884 481 1945 summis
510 1883 643 1945 eius
674 1881 960 1959 periculis
982 1900 1105 1945 non
1125 1883 1618 1958 insequebantur.
1679 1881 1833 1957 Quin
1857 1883 2036 1943 etiam
2057 1895 2280 1957 parens

225 1975 397 2040 tuus,
435 1965 774 2042 Torquate,
819 1968 1034 2028 consul
1060 1983 1169 2027 reo
1202 1965 1282 2026 de
1311 1965 1586 2042 pecuniis
1612 1965 1965 2042 repetundis
1994 1962 2282 2024 Catilinae

226 2049 341 2110 fnit
368 2050 724 2122 advocatuS,
758 2049 1038 2125 improbo
1067 2048 1316 2123 homini,
1349 2056 1412 2110 at
1442 2047 1721 2124 supplici,
1755 2050 2015 2108 fortasse
2043 2043 2279 2118 audaci,

222 2139 290 2192 at
316 2131 644 2204 aliquando
685 2130 903 2191 amico.
990 2129 1097 2191 Cui
1128 2148 1314 2205 quum
1348 2131 1542 2192 adfuit
1578 2138 1722 2206 post
1750 2132 2008 2191 delatam
2037 2129 2118 2188 a'd
2145 2143 2282 2188 eum

226 2211 484 2290 primam
528 2213 691 2272 illam
732 2212 1242 2287 coniurationem,
1289 2211 1579 2274 indicavit
1623 2229 1692 2274 se
1740 2213 1990 2274 audisse
2031 2209 2279 2285 aliquid,

225 2312 350 2356 non
382 2293 738 2356 credidisse.
768 2329 841 2339 —
871 2297 953 2356 At
980 2294 1139 2355 idem
1169 2311 1292 2355 non
1320 2296 1514 2356 adfuit
1543 2295 1662 2355 alio
1691 2295 1753 2356 in
1785 2295 2042 2369 iudiciO,
2095 2309 2280 2368 quum

226 2379 522 2439 adessent
586 2377 792 2437 ceteri.
812 2409 899 2422 -—
919 2377 983 2438 Si
1007 2385 1224 2452 postea
1245 2370 1538 2453 cognorat
1568 2379 1703 2454 ipse
1737 2378 1986 2454 aliquid,
2024 2376 2192 2452 quod
2221 2374 2280 2434 in

224 2460 551 2521 consulatu
578 2457 950 2534 ignorasset,
992 2458 1434 2534 ignoscendum
1466 2469 1562 2522 est
1594 2461 1699 2533 iis,
1741 2463 1845 2537 qui
1880 2468 2098 2535 postea
2135 2455 2280 2517 nihil

226 2541 581 2604 audieruntz
636 2540 731 2602 siu
773 2541 875 2601 illa
910 2558 1012 2603 res
1053 2542 1249 2617 prima
1291 2543 1510 2618 valuit,
1562 2559 1704 2604 num
1735 2543 2070 2604 inveterata
2101 2555 2282 2616 quam

224 2641 447 2685 recens
486 2622 696 2685 debuit
737 2641 881 2686 esse
920 2626 1202 2701 gravior?
1283 2625 1408 2687 Sed
1452 2625 1508 2686 si
1548 2633 1688 2687 tuus
1731 2642 1957 2701 parens
1999 2625 2178 2686 ctiam
2219 2621 2284 2681 in

225 2706 366 2782 ipsa
394 2705 733 2782 suspitione
777 2707 1030 2783 periculi
1060 2709 1184 2783 sui,
1224 2715 1424 2770 tamen
1453 2705 1821 2770 humanitate
1848 2709 2147 2769 adductus
2174 2703 2279 2764 ad-

225 2788 606 2851 vocationem
630 2789 892 2852 hominis
915 2791 1351 2868 improbissimi
1373 2793 1523 2853 sella
1546 2791 1736 2852 curuli
1759 2799 1943 2867 atque
1965 2803 2284 2851 ornamen-

223 2869 305 2934 tIs
344 2879 405 2933 et
446 2872 577 2934 suis
617 2880 677 2940 et
721 2877 1074 2936 consulatus
1102 2874 1475 2949 honestavit,
1517 2873 1664 2949 quid
1707 2881 1804 2934 est
1831 2889 2012 2950 quam
2042 2873 2122 2933 ob
2153 2885 2282 2932 rem

224 2955 601 3031 consulareS,
625 2954 727 3032 qui
746 2957 1032 3018 Catilinae
1049 2958 1388 3030 adsuerunt,
1402 2957 1964 3032 reprehendantur?
1980 2987 2066 3001 -—
2086 2951 2188 3012 82.
2201 2953 2288 3013 At

225 3036 408 3098 lidem
449 3035 555 3113 iis,
603 3037 709 3114 qui
750 3049 889 3100 ante
929 3040 1093 3101 hunc
1132 3056 1380 3101 causam
1422 3040 1500 3100 de
1532 3039 1949 3101 coniuratione
1980 3037 2286 3107 dixerunt,

224 3136 347 3180 non
362 3120 705 3183 adfuerunt.
724 3153 810 3167 -—
830 3123 1020 3183 Tanto
1037 3122 1271 3182 scelere
1293 3121 1556 3183 astrictis
1578 3121 1923 3182 hominibus
1947 3127 2288 3182 statuerunt

224 3202 373 3264 nihil
403 3219 441 3263 a
474 3220 543 3264 se
579 3203 938 3276 adiumenti,
983 3203 1129 3263 nihil
1169 3203 1340 3280 opis,
1375 3203 1526 3264 nihil
1559 3202 1944 3265 auxilii‘ferri
1978 3209 2286 3278 oportere.

225 3285 430 3359 Atque
457 3294 524 3347 ut
555 3285 635 3346 de
663 3300 873 3345 eorum
904 3285 1244 3346 constantia
1271 3295 1454 3360 atque
1487 3285 1686 3348 animo
1721 3285 1782 3346 in
1815 3302 1943 3346 rem
1976 3282 2287 3360 publicam

223 3363 446 3442 dicam,
468 3383 727 3442 quorum
747 3366 927 3428 tacita
946 3366 1214 3442 gravitas
1237 3376 1298 3429 et
1317 3369 1472 3430 fides
1497 3368 1574 3430 de
1596 3385 1718 3430 uno
1744 3383 1992 3445 quoque
2013 3363 2280 3442 loquitur
