2459 3817
193 101 326 165 232
673 103 752 166 m
792 105 858 164 L.
901 65 1325 166 CATlLlNAM
1370 100 1651 164 onArio
1686 103 1780 164 ιιι.

209 269 446 330 Statilio
468 270 545 329 ad
566 285 739 329 suam
762 276 1007 344 gentem
1031 271 1204 330 datas
1227 285 1369 330 esse
1392 269 1692 340 dixerunt,
1717 275 1907 342 atque
1928 263 2011 326 ita
2034 261 2149 324 sibi
2172 262 2253 323 ab

206 352 300 412 his
327 360 386 412 et
408 368 441 410 a
471 353 536 412 L.
563 351 775 412 Cassio
803 368 944 412 esse
967 352 1411 427 praescriptum
1428 397 1443 426 ,
1480 359 1549 412 ut
1580 350 1912 426 equitatum
1937 348 1996 408 in
2020 345 2251 407 Italiam

210 451 392 508 quam
422 434 683 508 primum
714 434 1046 495 mitterent:
1088 436 1412 510 pedestres
1444 434 1561 495 sibi
1604 435 1818 509 copias
1848 447 1971 493 non
2007 431 2246 489 defutu-

213 533 346 578 ras:
383 518 701 575 Lentulum
733 524 935 577 autem
967 517 1082 577 sibi
1105 518 1506 578 confirmasse
1535 533 1613 576 ex
1636 516 1773 576 fatis
1798 511 2111 590 Sibyllinis
2144 513 2247 571 ha·

210 597 648 673 ruspicumque
675 600 992 674 responsis
1028 615 1098 660 se
1129 616 1274 660 esse
1302 601 1466 660 illum
1496 600 1739 660 tertium
1774 597 2136 666 Cornelium,
2170 594 2249 653 ad

213 696 395 755 quem
428 696 683 756 regnum
721 681 900 742 huius
933 682 1101 742 urbis
1143 690 1330 758 atque
1373 682 1684 758 imperium
1723 677 2047 757 pervenire
2083 683 2252 737 esset

211 779 502 824 necesse:
548 763 795 824 Cinnam
834 775 976 826 ante
1015 781 1085 824 se
1127 773 1186 824 et
1219 766 1447 826 Sullam
1480 765 1700 826 fuisse:
1749 764 2135 834 eundemque
2164 759 2253 818 di·

208 845 380 906 xisse
409 847 652 906 fatalem
682 847 844 907 hunc
877 863 1018 908 esse
1049 863 1272 907 annum
1302 849 1381 906 ad
1417 847 1720 908 interitum
1750 846 1928 906 huius
1959 837 2128 903 u'rbis
2161 850 2250 901 at-

212 945 332 1002 que
363 928 614 1003 imperii,
649 930 751 1003 qui
783 937 950 991 esset
979 947 1176 990 annus
1200 929 1473 990 decimus
1503 937 1649 1005 post
1677 928 1977 1003 virginum
2006 926 2248 987 absolu-

209 1011 472 1080 tionem,
507 1019 652 1086 post
696 1013 972 1088 Capitolii
1015 1021 1220 1073 autem
1264 1013 1682 1073 incensionem
1728 1009 2073 1072 vicesimus.
2151 1009 2247 1066 10.

211 1095 384 1154 Hanc
424 1101 626 1154 autem
671 1097 938 1169 Cethego
982 1111 1119 1157 cum
1160 1095 1380 1156 ceteris
1423 1095 1903 1156 controversiam
1934 1091 2125 1153 ruisse
2158 1089 2246 1150 di-

209 1185 445 1248 xerunt,
493 1179 662 1250 quod
689 1181 947 1239 Lentulo
986 1185 1048 1239 et
1086 1179 1218 1238 aliis
1260 1179 1683 1238 Saturnalibus
1713 1178 1963 1238 caedem
2005 1173 2137 1234 fieri
2165 1181 2250 1232 at·

215 1277 334 1333 que
364 1260 578 1320 urbem
607 1261 850 1322 incendi
878 1263 1182 1336 placeret,
1224 1261 1491 1336 Cethego
1523 1260 1765 1320 nimium
1797 1260 1858 1319 id
1886 1261 2135 1333 longum
2165 1255 2248 1315 vi-

213 1343 479 1402 deretur.
544 1345 619 1402 V.
666 1347 757 1402 Ac
799 1361 878 1403 ne
921 1347 1168 1416 longum
1213 1343 1310 1414 sit,
1357 1343 1636 1418 Quirites,
1688 1342 1945 1403 tabellas
1990 1335 2250 1416 proferri

213 1421 535 1495 iussimuS,
580 1441 739 1499 quae
775 1443 812 1485 a
843 1441 1093 1500 quoque
1121 1424 1481 1485 dicebantur
1511 1429 1710 1486 datae.
1754 1424 1952 1486 Primo
1986 1421 2251 1484 ostendi·

215 1522 348 1566 mus
383 1507 650 1582 Cethego
683 1507 952 1582 signum:
984 1508 1293 1584 cognovit.
1348 1510 1473 1570 Nos
1505 1509 1691 1568 linum
1720 1507 2070 1568 incidimus:
2106 1505 2249 1578 legi·

212 1605 368 1649 mus,
412 1591 559 1651 Erat
586 1590 878 1666 scriptum
903 1591 1097 1666 ipsius
1128 1607 1311 1650 manu
1342 1591 1744 1667 Allobrogum
1774 1591 2013 1652 senatui
2050 1596 2113 1649 et
2140 1604 2251 1663 po·

211 1674 379 1748 pulo,
425 1689 570 1733 sese
602 1689 762 1748 quae
791 1690 1002 1735 eorum
1033 1673 1250 1749 legatis
1282 1674 1709 1735 confirmasset
1742 1675 2038 1735 facturum
2078 1685 2248 1732 esse:

214 1771 393 1815 orare
414 1763 482 1816 ut
507 1756 650 1816 item
671 1756 754 1817 illi
777 1758 1050 1818 facerent
1073 1773 1233 1831 quae
1256 1756 1371 1816 sibi
1403 1757 1586 1832 legati
1611 1774 1823 1818 eorum
1850 1755 2241 1830 recepissent-

204 1838 352 1900 Tum
385 1837 718 1915 Cethegus,
771 1838 877 1914 qui
923 1840 1126 1915 paullo
1162 1847 1303 1900 ante
1336 1838 1569 1914 aliquid
1600 1849 1796 1901 tamen
1838 1840 1915 1900 de
1944 1837 2163 1914 gladiis
2192 1852 2263 1896 ac

205 1921 384 1995 siciS,
437 1937 595 1996 quae
625 1923 793 1997 apud
827 1921 1028 1996 ipsum
1057 1931 1230 1984 erant
1259 1923 1672 1998 deprehensa,
1718 1921 2144 1997 respondisset
2176 1919 2261 1980 di·

205 2004 524 2078 xissetque
587 2021 658 2065 se
711 2021 957 2080 semper
1017 2007 1315 2065 bonorum
1372 2006 1867 2066 ferramentorum
1924 2003 2261 2065 studiosum

206 2085 427 2156 fuisse,
471 2083 736 2146 recitatis
782 2084 995 2147 litteris
1041 2086 1386 2148 debilitatus
1416 2097 1599 2163 atque
1640 2087 1913 2149 abiectus
1944 2086 2261 2148 conscien-

205 2168 287 2230 tia
316 2175 572 2243 repente
606 2166 912 2228 conticuit.
974 2170 1363 2231 Introductus
1400 2179 1495 2232 est
1536 2170 1836 2232 Statilius=
1880 2170 2165 2245 cognovit
2204 2175 2263 2228 et

204 2252 444 2330 signum
477 2259 536 2311 et
565 2266 809 2310 manum
839 2267 1031 2311 suam.
1095 2252 1406 2314 Recitatae
1438 2262 1578 2314 sunt
1611 2254 1869 2315 tabellae
1897 2253 1958 2312 in
1988 2252 2261 2314 eamdem

204 2336 331 2394 fere
361 2331 750 2394 sententiam:
781 2335 1105 2396 confessus
1136 2345 1249 2397 est.
1291 2337 1439 2397 Tum
1464 2335 1704 2398 ostendi
1734 2337 1985 2398 tabellas
2008 2337 2259 2395 Lentulo

203 2424 265 2477 et
304 2414 583 2490 quaesivi
623 2428 1105 2491 cognosceretne
1158 2419 1416 2494 signum.
1486 2419 1735 2480 Adnuit.
1784 2408 1909 2479 'Est
1943 2413 2132 2489 vero',
2172 2417 2257 2476 in-

203 2497 660 2574 quam,‘notum
691 2497 938 2573 quidem
969 2500 1228 2576 signum,
1260 2502 1460 2578 imago
1494 2503 1592 2563 avi
1623 2503 1735 2572 tui,
1780 2500 2100 2562 clarissimi
2130 2499 2253 2571 viri,

205 2582 310 2656 qui
342 2578 566 2641 amavit
609 2579 790 2641 unice
841 2581 1094 2658 patriam
1145 2593 1206 2646 et
1240 2585 1407 2645 cives
1454 2602 1637 2647 suos=
1672 2602 1832 2660 quae
1863 2585 2105 2658 quidem
2138 2591 2192 2643 te
2226 2599 2260 2640 a

200 2670 368 2725 tanto
402 2665 636 2724 scelere
667 2663 846 2725 etiam
878 2675 1043 2727 muta
1071 2683 1366 2728 revocare
1397 2664 1643 2729 debuit?
1698 2667 1793 2730 11.
1828 2669 2135 2742 Leguntur
2162 2682 2261 2725 ea·

202 2748 342 2806 dem
375 2745 609 2806 ratione
639 2748 717 2807 ad
747 2758 1021 2810 senatum
1042 2751 1439 2826 Allobrogum
1474 2753 1888 2826 populumque
1917 2750 2167 2811 litterae.
2198 2746 2263 2808 Si

203 2828 353 2905 quid
384 2830 463 2889 de
497 2828 592 2890 his
622 2831 807 2890 rebus
829 2831 1039 2894 dicere
1069 2834 1280 2906 vellet,
1325 2833 1441 2894 seci
1474 2842 1856 2908 potestatem.
1930 2839 2134 2908 Atque
2164 2831 2264 2891 ille

201 2912 397 2987 primo
433 2912 678 2987 quidem
719 2916 993 2990 negavit=
1025 2926 1172 2992 post
1196 2924 1396 2978 autem
1427 2917 1768 2992 aliquanto,
1803 2924 1927 2977 toto
1960 2916 2079 2976 iam
2108 2913 2260 2974 indi·

200 2993 297 3055 cio
327 2995 612 3070 exposito
626 3005 809 3072 atque
831 2999 1018 3074 edito,
1049 2999 1344 3061 surrexit=
1370 2999 1674 3075 quaesivit
1701 3016 1737 3058 a
1766 2998 1951 3059 Gallis
1978 2998 2125 3074 quid
2148 2995 2261 3058 sibi

198 3087 369 3139 esset
397 3095 531 3141 cum
563 3079 657 3152 iis,
693 3097 877 3156 quam
909 3083 987 3141 ob
1011 3099 1139 3142 rem
1165 3083 1409 3143 domum
1441 3099 1612 3146 suam
1635 3081 1968 3156 venissent,
1998 3085 2263 3155 itemque
2370 3133 2379 3142 .

196 3177 237 3220 a
267 3161 603 3223 Vulturcio.
675 3162 789 3236 Qui
833 3181 1018 3238 quum
1059 3164 1143 3223 illi
1183 3164 1452 3226 breviter
1492 3174 1966 3240 constanterque
2006 3180 2262 3240 respon-

198 3240 466 3316 dissent,
520 3260 631 3320 per
661 3261 842 3319 quem
871 3247 950 3316 ad
980 3262 1116 3306 eum
1151 3246 1561 3323 quotiensque
1591 3247 1934 3320 venissent,
1984 3244 2261 3322 quaesis-

199 3331 461 3399 sentque
493 3326 572 3385 ab
601 3342 713 3398 eo,
760 3325 987 3388 nihilne
1022 3345 1232 3389 secum
1271 3340 1439 3390 esset
1472 3332 1548 3392 de
1581 3331 1719 3392 fatis
1750 3329 2065 3406 Sibyllinis
2093 3330 2259 3388 locu-
