2459 3817
0 116 65 173 ’Ἴ

218 90 347 154 234
714 90 797 155 m
826 95 892 149 L.
924 86 1346 148 CATILINAM
1378 82 1659 147 ORATIO
1687 78 1792 143 ΙΙΙ.

215 252 312 307 est
339 244 401 305 in
427 242 494 303 L.
532 238 847 312 Cassium,
907 236 1011 312 qui
1046 235 1165 299 sibi
1193 233 1682 312 procurationem
1724 233 2146 295 incendendae
2176 252 2277 295 ur-

214 328 310 389 bis
340 328 819 401 depoposcerat,
849 321 910 380 in
938 320 1019 379 M.
1052 318 1442 395 Caeparium,
1493 319 1590 379 cui
1617 318 1698 377 ad
1722 316 2143 378 sollicitandos
2167 334 2274 392 pa-

216 419 415 471 stores
435 405 765 481 Appuliam
788 402 1129 465 attributam
1153 418 1298 463 esse
1324 410 1456 462 erat
1482 400 1826 472 indicatum,
1848 398 1910 459 in
1931 400 1996 459 P.
2011 400 2278 473 Furium,

217 490 324 565 qui
350 498 445 551 est
475 506 553 548 ex
582 488 659 548 iis
686 485 924 547 colonis
940 531 957 560 ,
1000 502 1159 561 quos
1186 486 1482 545 Faesulas
1509 484 1574 545 L.
1607 482 1774 542 Sulla
1801 482 2127 557 deduxit,
2111 501 2172 543 m
2207 486 2274 558 Q.

216 572 479 633 Annium
509 570 851 643 Chilonem,
904 567 1011 643 qui
1054 584 1177 629 una
1220 584 1358 627 cum
1399 567 1518 627 hoc
1549 561 1732 625 Furio
1776 582 2019 641 semper
2053 567 2272 628 eratin

216 657 331 715 hae
356 654 758 727 Allobrogum
790 649 1216 713 sollicitatione
1244 659 1548 723 versatuS,
1577 649 1639 708 in
1665 648 1728 707 P.
1759 649 2162 723 Umbrenum,
2203 650 2272 709 li—

216 736 511 799 bertinum
544 735 882 808 hominem‚
912 751 949 794 a
979 751 1103 809 quo
1136 732 1396 808 primum
1431 732 1640 792 Gallos
1673 731 1754 790 ad
1789 730 2106 793 Gabinium
2139 748 2260 807 per-

216 822 436 882 ductos
476 836 619 880 esse
662 818 999 879 constabat.
1068 819 1274 891 Atque
1311 832 1386 877 ea
1413 814 1659 875 lenitate
1688 823 1938 875 senatus
1970 832 2120 876 usus
2161 825 2274 889 est,

216 902 509 979 Quirites,
552 912 619 963 ut
656 918 735 963 ex
766 910 932 963 tanta
961 898 1380 963 coniuratione
1419 905 1708 973 tantaque
1739 896 1854 958 hac
1894 898 2276 959 multitudine

216 985 693 1048 domesticorum
753 982 1019 1045 hostium
1072 998 1296 1043 novem
1355 980 1666 1052 hominum
1728 980 2274 1055 perditissimorum

220 1086 423 1146 poena
452 1086 521 1129 re
550 1066 797 1143 publica
832 1074 1199 1127 conservata
1223 1065 1600 1139 reliquorum
1627 1072 1864 1124 mentes
1897 1063 2100 1125 sanari
2128 1080 2270 1138 pos

218 1170 287 1215 se
314 1151 723 1213 arbitraretur.
813 1148 910 1211 15.
954 1152 1159 1225 Atque
1186 1147 1368 1209 etiam
1399 1144 1764 1222 supplicatio
1800 1144 1896 1206 dis
1929 1144 2273 1207 immortali-

220 1238 335 1297 bus
378 1252 491 1311 pro
542 1232 833 1309 singulari
882 1248 1095 1294 eorum
1144 1230 1356 1293 merito
1403 1246 1540 1290 meo
1589 1227 1834 1289 nomine
1882 1230 2126 1291 decreta
2159 1238 2270 1299 est,

227 1314 395 1385 quod
418 1312 560 1371 mihi
572 1314 831 1385 primurn
854 1319 998 1385 post
1020 1312 1177 1371 hanc
1201 1312 1410 1371 urbem
1427 1310 1732 1372 conditam
1753 1320 1966 1385 togato
1989 1312 2262 1389 contigit,

226 1392 401 1455 ethis
426 1392 629 1451 verbis
651 1394 902 1452 decreta
935 1400 1049 1463 est,
1080 1409 1233 1461 ouon
1269 1410 1467 1453 nasim
1500 1410 2038 1465 mcnunns,cu.1>ss
2068 1410 2260 1466 οινεε,

227 1478 481 1536 lunum
504 1490 686 1533 anno
711 1490 1105 1535 menanssmn.
1182 1476 1350 1547 Quae
1384 1474 1748 1551 supplicatio
1783 1476 1838 1537 si
1870 1469 2008 1538 cum
2043 1479 2261 1539 ceteris

226 1556 776 1633 supplicationibus
805 1559 1170 1630 conferatur,
1196 1558 1317 1617 hoc
1338 1559 1610 1631 interest,
1646 1560 1814 1633 quod
1840 1567 2082 1621 ceterae
2106 1562 2262 1622 bene

222 1648 417 1717 gesta,
432 1640 584 1700 haec
598 1657 719 1701 una
732 1650 1101 1702 conservata
1117 1658 1182 1700 re
1195 1641 1443 1716 publica
1457 1642 1788 1705 constituta
1803 1650 1914 1705 est.
1965 1646 2173 1718 Atque
2199 1645 2262 1704 il-

222 1725 346 1797 lud,
365 1724 531 1799 quod
546 1724 894 1785 faciundum
905 1724 1165 1801 primum
1180 1724 1307 1796 ruit,
1322 1726 1546 1786 sactum
1560 1732 1748 1801 atque
1759 1733 2134 1787 transactum
2147 1734 2261 1787 est.

220 1808 370 1869 Nam
394 1808 795 1882 P.‚Lentulus,
832 1826 1197 1884 quamquam
1218 1810 1542 1883 patefactis
1571 1807 1828 1879 indiciis,
1865 1810 2260 1871 consessioni-

224 1886 337 1951 ὸιιε
362 1892 511 1961 suiS,
534 1890 759 1952 iudicio
779 1899 1031 1957 senatus
1048 1908 1173 1953 non
1196 1893 1382 1952 modo
1399 1890 1702 1967 praetoris
1715 1891 1831 1963 ius,
1859 1908 2067 1959 verum
2081 1894 2260 1954 etiam

221 1973 373 2033 civis
396 1974 701 2043 amiserat,
722 1983 924 2034 tamen
948 1975 1303 2051 magistratu
1325 1991 1396 2035 se
1417 1974 1739 2047 abdicavit,
1761 1982 1845 2049 ut,
1869 1992 2028 2049 quae
2050 1976 2260 2051 religio

224 2056 285 2115 C.
302 2054 511 2127 Mario,
540 2055 877 2115 clarissimo
905 2058 1057 2130 viro,
1084 2075 1207 2118 non
1229 2059 1443 2129 fuerat,
1472 2074 1596 2132 quo
1624 2056 1824 2118 minus
1853 2058 1914 2120 C.
1931 2060 2260 2131 Glauciam,

221 2138 299 2198 de
325 2154 448 2211 quo
477 2136 621 2197 nihil
645 2138 997 2199 nominatim
1022 2150 1153 2199 erat
1178 2142 1521 2212 decretum,
1559 2149 1906 2216 praetorem
1933 2141 2260 2215 occideret,

219 2235 297 2281 ea
319 2236 434 2280 nos
461 2220 756 2295 religione
778 2220 839 2281 in
871 2222 1109 2295 privato
1132 2222 1195 2281 P.
1223 2224 1481 2284 Lentulo
1505 2223 1818 2299 puniendo
1847 2222 2260 2285 liberaremur.

382 2304 511 2363 VII.
546 2300 643 2364 16.
666 2304 839 2365 Nunc
865 2302 1169 2378 quoniam,
1195 2303 1476 2379 QuiriteS,
1505 2302 2082 2365 consceleratissimi
2111 2304 2267 2379 peri-

217 2383 715 2461 culosissimique
757 2385 904 2446 belli
944 2386 1211 2448 nefarios
1254 2388 1447 2449 duces
1492 2396 1708 2461 captos
1742 2388 1862 2447 iam
1903 2395 1964 2447 et
1995 2402 2268 2460 compre-

214 2467 447 2527 hensos
468 2468 726 2542 tenetis,
782 2467 1132 2529 existimare
1174 2468 1410 2531 debetis
1453 2487 1669 2531 omnes
1707 2468 1994 2531 Catilinae
2033 2467 2262 2541 copias,

216 2566 431 2609 omnes
460 2567 608 2624 spes
650 2560 837 2628 atque
878 2568 1033 2627 opes
1078 2550 1175 2612 his
1222 2551 1500 2627 depulsis
1545 2552 1716 2613 urbis
1748 2552 2036 2628 periculis
2065 2547 2265 2611 conci·

216 2632 405 2693 disse.
437 2632 627 2707 Quem
642 2634 887 2708 quidem
902 2650 1018 2709 ego
1039 2651 1223 2709 quum
1240 2651 1316 2695 ex
1332 2636 1484 2705 urbe
1497 2636 1818 2711 pellebam,
1844 2636 1964 2697 hoc
1985 2632 2264 2709 provide-

215 2714 354 2774 bam
382 2716 611 2792 animo,
646 2716 937 2793 QuiriteS,
976 2728 1209 2779 remoto
1243 2717 1494 2779 Catilina
1523 2735 1645 2779 non
1679 2718 1825 2779 mihi
1857 2736 2000 2779 esse
2024 2718 2086 2777 P.
2116 2718 2266 2777 Len—

215 2796 324 2857 tuli
352 2814 633 2860 somnum
664 2818 777 2862 nec
802 2798 1083 2872 L.Cassii
1110 2802 1327 2878 adipes
1359 2818 1474 2863 nec
1503 2802 1564 2863 C.
1584 2801 1829 2875 Cethegi
1865 2801 2156 2863 furiosam
2183 2808 2268 2859 te-

214 2880 544 2943 meritatem
574 2884 1143 2958 pertimescendam.
1193 2885 1302 2945 Ille
1331 2895 1460 2946 erat
1486 2902 1645 2947 unus
1691 2884 1994 2945 timendus
2027 2901 2105 2943 ex
2135 2880 2268 2941 istis

216 2960 498 3025 omnibus
517 3010 533 3038 ,
586 2967 695 3027 sed
743 2976 863 3027 tam
906 2968 1043 3041 diu,
1106 2968 1250 3029 dum
1304 2968 1473 3029 urbis
1541 2968 1862 3028 moenibus
1919 2965 2267 3028 contineba-

214 3053 326 3105 tur.
378 3044 589 3107 Omnia
629 3060 833 3122 norat,
895 3050 1161 3111 omnium
1188 3048 1390 3112 aditus
1421 3052 1695 3112 tenebat·
1727 3051 2072 3125 appellare,
2121 3057 2268 3109 tem-

212 3138 405 3204 ptare,
438 3130 765 3193 sollicitare
798 3142 1050 3207 poterat,
1082 3134 1377 3194 audebat.
1409 3141 1538 3194 erat
1567 3134 1624 3193 ei
1654 3134 1974 3194 consilium
2009 3132 2090 3192 ad
2124 3131 2266 3191 saci-

212 3225 328 3271 nus
350 3224 576 3289 aptum,
609 3213 868 3275 consilio
894 3226 1095 3277 autem
1118 3232 1322 3290 neque
1339 3216 1546 3291 lingua
1573 3232 1776 3291 neque
1804 3232 2022 3275 manus
2039 3216 2264 3275 deerat.

216 3290 336 3352 Iam
376 3298 455 3357 ad
496 3306 695 3359 certas
738 3314 840 3357 res
886 3298 1302 3358 conficiendas
1345 3306 1548 3358 certos
1580 3296 1860 3357 homines
1889 3298 2164 3358 delectos
2192 3310 2268 3354 ac
