2459 3817
834 205 999 266 cAP.
1036 214 1264 268 8-10.
1309 211 1359 270 s.
1396 214 1461 268 18
1477 211 1655 266 --Ἀ
2209 205 2282 269 51

222 359 509 421 incultum
552 355 869 430 videbant,
917 365 979 418 et
1018 358 1188 432 quod
1228 366 1358 418 erat
1401 373 1477 418 eo
1513 355 1788 429 nomine,
1832 365 1899 418 ut
1937 358 2287 432 ingenerata

223 443 483 503 familiae
514 441 827 516 frugalitas
857 440 1208 514 videretur?
1238 440 1554 515 favebant,
1587 440 1966 514 gaudebant,
2002 448 2062 499 et
2089 442 2168 502 ad
2195 440 2268 500 in-

220 527 557 600 tegritatem
585 525 878 585 maiorum
910 538 1026 598 spe
1052 540 1167 583 sua
1198 523 1504 584 bominem
1552 523 1858 585 vocabant
1904 523 2158 583 materni
2185 540 2288 599 ge-

224 609 389 669 neris
438 608 629 669 obliti.
706 607 807 670 22.
868 605 999 680 Ego
1050 612 1250 668 autem
1294 639 1382 652 -—
1430 621 1575 666 vere
1625 606 1855 678 dicam,
1907 607 2174 679 iudieeS,
2201 639 2289 652 -

220 699 449 753 tantum
469 705 614 751 esse
636 691 695 750 iu
718 690 963 752 homine
986 691 1268 760 seeleriS,
1301 690 1628 760 audaciae,
1659 690 2031 750 crudelitatis
2047 735 2062 761 ‚
2098 706 2285 765 quan·

218 784 342 835 tum
372 775 511 848 ipse
548 789 688 834 eum
724 788 793 832 re
834 771 1079 846 publiea
1110 773 1306 844 sensi,
1355 787 1686 846 numquam
1719 773 1954 846 putavi:
2015 789 2285 848 ‹nequam

218 873 361 918 esse
392 857 694 916 hominem
738 865 799 917 et
840 858 1035 915 levem
1068 862 1130 916 et
1167 857 1324 914 falsa
1365 854 1652 930 opinione
1731 871 1938 918 errore
1976 855 2286 916 hominum

216 941 294 1001 ab
324 939 743 1000 adolescentia
772 937 1262 1000 commendatum
1289 937 1576 999 sciebam.
1635 937 1867 996 Etenim
1891 936 2128 998 animus
2153 940 2286 1000 eius

219 1026 416 1096 vultu,
452 1021 679 1097 flagitia
709 1021 1040 1097 parietibus
1070 1020 1458 1095 tegebantur=
1491 1021 1606 1080 sed
1627 1020 1782 1080 haee
1807 1021 2140 1082 obstructio
2170 1038 2285 1082 nee

218 1109 501 1168 diuturna
543 1113 639 1166 est
681 1119 884 1179 neque
928 1105 1193 1164 obducta
1233 1103 1346 1178 ita,
1390 1111 1458 1165 ut
1487 1104 1747 1165 curiosis
1791 1103 1986 1164 oeulis
2018 1105 2286 1180 perspici

220 1205 345 1250 non
380 1187 597 1262 possit.

386 1271 460 1330 X.
491 1270 871 1332 Videbamus
888 1286 1089 1346 genus
1114 1270 1301 1342 vitae,
1328 1269 1657 1345 desidiam,
1679 1269 1954 1332 inertiam
1970 1294 1991 1326 ε.
2015 1271 2284 1332 inclusas

222 1353 357 1416 eius
386 1351 701 1426 libidineS‚
748 1353 853 1429 qui
886 1355 1089 1429 pauno
1122 1355 1376 1430 propius
1405 1362 1826 1428 accesserant,
1866 1354 2282 1415 intuebanturz

220 1437 485 1512 denique
506 1434 689 1507 etiam
702 1451 905 1498 sermo
918 1439 1097 1500 nobis
1112 1455 1299 1500 ansas
1315 1440 1515 1512 dabat,
1531 1436 2122 1516 quibusreeonditos
2149 1435 2282 1497 eius

218 1535 441 1582 sensus
475 1527 683 1580 tenere
717 1535 1065 1595 possemus.
1142 1519 1246 1580 23.
1287 1520 1603 1582 Laudabat
1627 1521 1810 1582 homo
1843 1522 2061 1582 doetus
2083 1518 2284 1594 :philo-

218 1605 455 1680 sophos
488 1603 700 1664 nescio
731 1616 921 1679 quoe,
957 1618 1159 1678 neque
1188 1619 1398 1664 eorum
1430 1612 1628 1666 tamen
1659 1605 1904 1664 nomina
1935 1609 2169 1678 poterat
2197 1603 2284 1662 di-

218 1703 395 1749 cere:
428 1689 543 1748 sed
576 1699 773 1747 tamen
802 1703 914 1748 eos
945 1686 1233 1748 laudabat
1267 1685 1558 1760 maxime,
1592 1687 1698 1762 qui
1727 1686 2010 1748 dicuntur
2044 1695 2285 1760 praeter

217 1775 469 1832 eeteros
528 1785 672 1830 esse
698 1779 983 1830 auctores
1012 1776 1072 1829 et
1099 1770 1449 1830 laudatores
1480 1769 1838 1844 voluptatis:
1874 1769 2050 1829 euius
2077 1776 2138 1829 et
2160 1784 2282 1843 quo

220 1861 497 1926 tempore
514 1861 578 1912 et
600 1869 722 1928 quo
747 1853 931 1914 modo
960 1869 1083 1915 non
1108 1853 1466 1928 quaerebatz
1501 1853 1752 1913 verbum
1775 1851 1978 1927 ipsum
2002 1849 2283 1912 omnibus

220 1935 491 2008 partibus
526 1934 707 1994 animi
740 1945 801 1996 et
833 1937 1111 2011 eorporis
1142 1936 1480 1997 devorabat
1494 1959 1518 1992 =-
1555 1937 1934 2010 eosdemque
1972 1935 2284 2010 >praeclare

221 2019 431 2078 dicere
460 2015 689 2092 aiebat,
725 2017 1035 2093 sapientes
1064 2018 1271 2080 omnia
1305 2035 1418 2080 sua
1446 2035 1635 2080 eausa
1667 2021 1894 2078 faeerez
1929 2031 2057 2077 rem
2089 2018 2280 2093 publi-

222 2117 356 2162 cam
400 2115 728 2174 capessere
776 2100 1080 2164 hominem
1128 2103 1286 2164 bene
1337 2119 1552 2164 sanum
1599 2119 1719 2163 non
1763 2109 2084 2178 -oporterez
2136 2099 2284 2160 nihil

220 2201 365 2247 esse
390 2182 815 2258 praestabili-us
852 2186 1053 2246 otiosa
1074 2188 1227 2259 vita,
1259 2185 1440 2261 plena
1462 2196 1522 2247 et
1545 2187 1816 2248 eonferta
1841 2184 2281 2260 voluptatibus=

220 2283 335 2328 eos
365 2273 595 2341 autem,
644 2268 747 2342 qui
785 2267 1061 2330 dicerent
1098 2268 1373 2343 dignitati
1413 2285 1555 2330 esse
1585 2269 2008 2342 serviendum,
2047 2267 2138 2326 rei
2173 2284 2282 2343 pu-

219 2351 421 2411 blieae
448 2351 923 2424 consulendum,
954 2351 1143 2412 offleii
1170 2353 1465 2414 rationem
1497 2353 1558 2413 in
1591 2353 1754 2413 omni
1782 2352 1934 2423 vita,
1971 2367 2096 2410 non
2119 2366 2281 2411 eom-
2351 2391 2354 2393 Α

221 2433 389 2494 modi
410 2449 554 2493 esse
581 2435 955 2509 ducendam,
998 2435 1282 2495 adeunda
1318 2452 1428 2510 pro
1465 2437 1659 2511 patria
1688 2435 1989 2512 pericula,
2031 2435 2284 2494 vulnera

220 2515 617 2592 excipienda,
664 2525 917 2579 mortem
947 2519 1386 2594 oppetendam,
1433 2519 1747 2580 vaticinari
1789 2527 1974 2594 atque
2015 2517 2282 2578 insanire

218 2599 478 2660 dicebat.
548 2598 648 2661 24.
690 2602 781 2661 Ex
813 2600 908 2662 his
938 2601 1215 2662 adsiduis
1249 2602 1382 2663 eius
1419 2603 1865 2678 cotidianisque
1898 2601 2280 2662 sermonibus

220 2693 280 2744 et
320 2684 487 2758 quod
536 2683 817 2746 videbam
864 2687 1224 2761 quibuscum
1272 2685 1618 2747 hominibus
1669 2685 1728 2746 in
1775 2685 2060 2746 interiore
2111 2693 2282 2760 parte

219 2766 463 2827 aedium
506 2765 737 2828 viveret
774 2775 835 2828 et
880 2770 1051 2844 quod
1094 2769 1176 2830 ita
1216 2770 1439 2829 domus
1481 2769 1618 2843 ipsa
1655 2769 1950 2842 fumabat,
2001 2775 2068 2828 ut
2097 2770 2284 2828 multa

218 2850 351 2910 eius
381 2849 679 2910 sermonis
709 2850 933 2911 indicia
960 2853 1324 2924 redolerent,
1351 2851 1689 2912 statuebam
1717 2851 1825 2921 sie,
1852 2852 1998 2912 boni
2029 2851 2175 2912 nihil
2204 2853 2282 2910 ab

220 2930 337 2992 illis
378 2931 559 3008 nugis
594 2935 1104 3007 exspectandum,
1152 2934 1295 2994 mali
1325 2933 1569 3008 quidem
1613 2941 1776 2994 certe
1813 2933 1960 2994 nihil
2003 2935 2280 3010 pertime-

222 3017 537 3076 scendum.
606 3015 731 3075 Sed
760 3015 841 3075 ita
869 3025 995 3090 est,
1036 3015 1298 3077 iudices:
1345 3023 1441 3088 ut,
1483 3015 1539 3078 si
1565 3017 1831 3092 giadium
1863 3035 2053 3094 parvo
2085 3035 2280 3093 puero

218 3105 323 3158 aut
350 3099 403 3159 si
431 3097 731 3160 imbecillo
762 3099 897 3160 seni
932 3107 1038 3160 aut
1064 3097 1252 3159 debili
1281 3099 1558 3174 dederis,
1603 3099 1742 3177 ipse
1771 3102 1998 3178 impetu
2027 3117 2140 3162 suo
2177 3117 2280 3160 ne-

218 3180 363 3240 mini
398 3189 643 3243 noceat=
696 3183 790 3243 sin
820 3183 900 3243 ad
934 3184 1160 3244 nudum
1198 3185 1294 3242 vel
1330 3182 1640 3245 fortissimi
1674 3183 1786 3245 viri
1814 3201 2041 3261 eorpus
2069 3198 2388 3256 acces-aa...s

218 3261 399 3338 serit,
446 3266 645 3340 possit
674 3265 807 3327 acie
848 3264 988 3341 ipsa
1022 3275 1081 3326 et
1123 3264 1264 3326 ferri
1307 3266 1535 3329 viribus
1583 3270 1932 3340 vulnerare,
1971 3269 2058 3326 sic
2094 3281 2280 3338 quum
2400 3259 2442 3284 ⁴

217 3346 563 3408 hominibus
593 3349 899 3410 enervatis
928 3357 1111 3425 atque
1141 3350 1558 3426 exsanguibus
1588 3352 1942 3412 consulatus
1974 3357 2310 3423 tamquam.-

216 3428 459 3503 gladius
499 3439 666 3491 esset
711 3433 920 3503 datus„
972 3433 1076 3508 qui
1120 3449 1229 3509 per
1264 3449 1334 3494 se
1364 3449 1633 3508 pungere
1663 3431 1963 3561 ”emfffm
1995 3446 2275 3506 umquam
