<?xml version="1.0" encoding="UTF-8"?>
<!DOCTYPE html PUBLIC "-//W3C//DTD XHTML 1.0 Transitional//EN"
    "http://www.w3.org/TR/xhtml1/DTD/xhtml1-transitional.dtd">
<html xmlns="http://www.w3.org/1999/xhtml" xml:lang="en" lang="en">
 <head>
  <title>
</title>
<meta http-equiv="Content-Type" content="text/html;charset=utf-8" />
  <meta name='ocr-system' content='tesseract 3.04.00' />
  <meta name='ocr-capabilities' content='ocr_page ocr_carea ocr_par ocr_line ocrx_word'/>
</head>
<body>
  <div class='ocr_page' id='page_1' title='image "./mtulliiciceroni00klotgoog_0359.png"; bbox 0 0 2459 3817; ppageno 0'>
   <div class='ocr_carea' id='block_1_1' title="bbox 224 119 1715 191">
    <p class='ocr_par' dir='ltr' id='par_1_1' title="bbox 224 119 1715 191">
     <span class='ocr_line' id='line_1_1' title="bbox 224 119 1715 191; baseline 0.003 -7"><span class='ocrx_word' id='word_1_1' title='bbox 224 121 315 184; x_wconf 73' lang='lat'><strong>64</strong></span> <span class='ocrx_word' id='word_1_2' title='bbox 404 119 412 127; x_wconf 72' lang='grc'><strong>’</strong></span> <span class='ocrx_word' id='word_1_3' title='bbox 833 126 983 191; x_wconf 82' lang='lat' dir='ltr'><strong>PRO</strong></span> <span class='ocrx_word' id='word_1_4' title='bbox 1011 128 1073 188; x_wconf 91' lang='lat' dir='ltr'><strong>P.</strong></span> <span class='ocrx_word' id='word_1_5' title='bbox 1106 127 1372 189; x_wconf 81' lang='lat' dir='ltr'><strong>SESTlo</strong></span> <span class='ocrx_word' id='word_1_6' title='bbox 1409 127 1715 190; x_wconf 83' lang='lat' dir='ltr'><strong>ORATIO.</strong></span> 
     </span>
    </p>
   </div>
   <div class='ocr_carea' id='block_1_2' title="bbox 224 277 2314 3430">
    <p class='ocr_par' dir='ltr' id='par_1_2' title="bbox 224 277 2286 426">
     <span class='ocr_line' id='line_1_2' title="bbox 230 277 2286 356; baseline 0 -14"><span class='ocrx_word' id='word_1_7' title='bbox 230 281 405 356; x_wconf 83' lang='lat' dir='ltr'><strong>Quod</strong></span> <span class='ocrx_word' id='word_1_8' title='bbox 435 281 485 341; x_wconf 91' lang='lat' dir='ltr'><strong>si</strong></span> <span class='ocrx_word' id='word_1_9' title='bbox 514 278 669 342; x_wconf 83' lang='lat' dir='ltr'><strong>meis</strong></span> <span class='ocrx_word' id='word_1_10' title='bbox 699 279 1101 343; x_wconf 78' lang='lat' dir='ltr'><strong>incommodis</strong></span> <span class='ocrx_word' id='word_1_11' title='bbox 1136 279 1540 354; x_wconf 87' lang='lat' dir='ltr'><strong>laetabantur,</strong></span> <span class='ocrx_word' id='word_1_12' title='bbox 1584 277 1753 341; x_wconf 87' lang='lat' dir='ltr'><strong>urbis</strong></span> <span class='ocrx_word' id='word_1_13' title='bbox 1789 287 1986 342; x_wconf 86' lang='lat' dir='ltr'><strong>tamen</strong></span> <span class='ocrx_word' id='word_1_14' title='bbox 2022 279 2286 356; x_wconf 78' lang='lat' dir='ltr'><strong>periculo</strong></span> 
     </span>
     <span class='ocr_line' id='line_1_3' title="bbox 224 374 775 426; baseline -0.005 0"><span class='ocrx_word' id='word_1_15' title='bbox 224 374 775 426; x_wconf 73' lang='lat' dir='ltr'><strong>commoverentur.</strong></span> 
     </span>
    </p>

    <p class='ocr_par' dir='ltr' id='par_1_3' title="bbox 224 444 2294 1752">
     <span class='ocr_line' id='line_1_4' title="bbox 395 444 2290 522; baseline 0.001 -15"><span class='ocrx_word' id='word_1_16' title='bbox 395 448 582 507; x_wconf 87' lang='lat' dir='ltr'>XXV.</span> <span class='ocrx_word' id='word_1_17' title='bbox 616 446 715 508; x_wconf 86' lang='lat'><strong>55.</strong></span> <span class='ocrx_word' id='word_1_18' title='bbox 764 447 889 508; x_wconf 87' lang='lat' dir='ltr'><strong>Sed</strong></span> <span class='ocrx_word' id='word_1_19' title='bbox 927 456 995 508; x_wconf 91' lang='lat' dir='ltr'><strong>ut</strong></span> <span class='ocrx_word' id='word_1_20' title='bbox 1033 463 1072 506; x_wconf 91' lang='lat' dir='ltr'><strong>a</strong></span> <span class='ocrx_word' id='word_1_21' title='bbox 1110 462 1245 508; x_wconf 89' lang='lat' dir='ltr'><strong>mea</strong></span> <span class='ocrx_word' id='word_1_22' title='bbox 1287 463 1474 507; x_wconf 85' lang='lat' dir='ltr'><strong>causa</strong></span> <span class='ocrx_word' id='word_1_23' title='bbox 1507 444 1627 507; x_wconf 90' lang='lat' dir='ltr'><strong>iam</strong></span> <span class='ocrx_word' id='word_1_24' title='bbox 1654 448 1972 520; x_wconf 87' lang='lat' dir='ltr'><strong>recedam,</strong></span> <span class='ocrx_word' id='word_1_25' title='bbox 2023 446 2290 522; x_wconf 83' lang='lat' dir='ltr'><strong>reliquas</strong></span> 
     </span>
     <span class='ocr_line' id='line_1_5' title="bbox 228 527 2290 606; baseline 0 -17"><span class='ocrx_word' id='word_1_26' title='bbox 228 529 391 590; x_wconf 89' lang='lat' dir='ltr'><strong>illius</strong></span> <span class='ocrx_word' id='word_1_27' title='bbox 432 527 571 588; x_wconf 87' lang='lat' dir='ltr'><strong>anni</strong></span> <span class='ocrx_word' id='word_1_28' title='bbox 616 538 825 605; x_wconf 88' lang='lat' dir='ltr'><strong>pestes</strong></span> <span class='ocrx_word' id='word_1_29' title='bbox 865 529 1268 591; x_wconf 83' lang='lat' dir='ltr'>recordamini</span> <span class='ocrx_word' id='word_1_30' title='bbox 1297 563 1376 574; x_wconf 97' lang='lat'><strong>—-</strong></span> <span class='ocrx_word' id='word_1_31' title='bbox 1409 529 1499 590; x_wconf 84' lang='lat' dir='ltr'><strong>sie</strong></span> <span class='ocrx_word' id='word_1_32' title='bbox 1534 528 1693 590; x_wconf 90' lang='lat' dir='ltr'><strong>enim</strong></span> <span class='ocrx_word' id='word_1_33' title='bbox 1731 529 2012 590; x_wconf 77' lang='lat' dir='ltr'><strong>facillime</strong></span> <span class='ocrx_word' id='word_1_34' title='bbox 2056 531 2290 606; x_wconf 82' lang='lat' dir='ltr'><strong>perspi·</strong></span> 
     </span>
     <span class='ocr_line' id='line_1_6' title="bbox 230 612 2292 688; baseline 0.001 -18"><span class='ocrx_word' id='word_1_35' title='bbox 230 613 402 673; x_wconf 88' lang='lat' dir='ltr'><strong>cietis</strong></span> <span class='ocrx_word' id='word_1_36' title='bbox 426 619 709 687; x_wconf 85' lang='lat' dir='ltr'><strong>quantam</strong></span> <span class='ocrx_word' id='word_1_37' title='bbox 741 613 859 673; x_wconf 86' lang='lat' dir='ltr'><strong>vim</strong></span> <span class='ocrx_word' id='word_1_38' title='bbox 892 613 1157 674; x_wconf 87' lang='lat' dir='ltr'><strong>omnium</strong></span> <span class='ocrx_word' id='word_1_39' title='bbox 1186 612 1592 674; x_wconf 79' lang='lat' dir='ltr'><strong>remediorum</strong></span> <span class='ocrx_word' id='word_1_40' title='bbox 1615 629 1653 673; x_wconf 88' lang='lat' dir='ltr'><strong>a</strong></span> <span class='ocrx_word' id='word_1_41' title='bbox 1676 612 2125 688; x_wconf 87' lang='lat' dir='ltr'><strong>magistratibus</strong></span> <span class='ocrx_word' id='word_1_42' title='bbox 2153 629 2292 688; x_wconf 86' lang='lat' dir='ltr'><strong>pro-</strong></span> 
     </span>
     <span class='ocr_line' id='line_1_7' title="bbox 227 694 2293 772; baseline 0.001 -18"><span class='ocrx_word' id='word_1_43' title='bbox 227 694 408 755; x_wconf 85' lang='lat' dir='ltr'><strong>ximis</strong></span> <span class='ocrx_word' id='word_1_44' title='bbox 440 711 543 755; x_wconf 87' lang='lat' dir='ltr'><strong>res</strong></span> <span class='ocrx_word' id='word_1_45' title='bbox 574 695 817 770; x_wconf 85' lang='lat' dir='ltr'><strong>publica</strong></span> <span class='ocrx_word' id='word_1_46' title='bbox 845 696 1207 758; x_wconf 86' lang='lat' dir='ltr'><strong>desiderarit</strong></span> <span class='ocrx_word' id='word_1_47' title='bbox 1230 733 1334 770; x_wconf 91' lang='lat'><strong>—,</strong></span> <span class='ocrx_word' id='word_1_48' title='bbox 1364 698 1564 772; x_wconf 88' lang='lat' dir='ltr'><strong>legum</strong></span> <span class='ocrx_word' id='word_1_49' title='bbox 1599 696 2068 769; x_wconf 74' lang='lat' dir='ltr'><strong>multitudinem,</strong></span> <span class='ocrx_word' id='word_1_50' title='bbox 2107 714 2293 771; x_wconf 89' lang='lat' dir='ltr'><strong>quum</strong></span> 
     </span>
     <span class='ocr_line' id='line_1_8' title="bbox 228 780 2290 856; baseline 0 -18"><span class='ocrx_word' id='word_1_51' title='bbox 228 793 433 838; x_wconf 87' lang='lat' dir='ltr'><strong>earum</strong></span> <span class='ocrx_word' id='word_1_52' title='bbox 451 824 467 852; x_wconf 95' lang='lat'><strong>,</strong></span> <span class='ocrx_word' id='word_1_53' title='bbox 499 795 657 854; x_wconf 89' lang='lat' dir='ltr'><strong>quae</strong></span> <span class='ocrx_word' id='word_1_54' title='bbox 686 780 843 841; x_wconf 82' lang='lat' dir='ltr'><strong>latae</strong></span> <span class='ocrx_word' id='word_1_55' title='bbox 866 789 1035 854; x_wconf 90' lang='lat' dir='ltr'><strong>sunt,</strong></span> <span class='ocrx_word' id='word_1_56' title='bbox 1069 788 1192 841; x_wconf 88' lang='lat' dir='ltr'><strong>tum</strong></span> <span class='ocrx_word' id='word_1_57' title='bbox 1220 795 1370 841; x_wconf 87' lang='lat' dir='ltr'><strong>vero</strong></span> <span class='ocrx_word' id='word_1_58' title='bbox 1396 797 1554 855; x_wconf 86' lang='lat' dir='ltr'><strong>quae</strong></span> <span class='ocrx_word' id='word_1_59' title='bbox 1584 781 2004 856; x_wconf 82' lang='lat' dir='ltr'><strong>promulgatae</strong></span> <span class='ocrx_word' id='word_1_60' title='bbox 2033 781 2290 841; x_wconf 81' lang='lat' dir='ltr'><strong>ruerunt.</strong></span> 
     </span>
     <span class='ocr_line' id='line_1_9' title="bbox 227 862 2292 939; baseline 0.001 -19"><span class='ocrx_word' id='word_1_61' title='bbox 227 862 378 922; x_wconf 88' lang='lat' dir='ltr'><strong>Nam</strong></span> <span class='ocrx_word' id='word_1_62' title='bbox 410 863 568 922; x_wconf 87' lang='lat' dir='ltr'><strong>latae</strong></span> <span class='ocrx_word' id='word_1_63' title='bbox 613 863 859 938; x_wconf 88' lang='lat' dir='ltr'><strong>quidem</strong></span> <span class='ocrx_word' id='word_1_64' title='bbox 906 871 1049 924; x_wconf 88' lang='lat' dir='ltr'><strong>sunt</strong></span> <span class='ocrx_word' id='word_1_65' title='bbox 1089 863 1446 924; x_wconf 88' lang='lat' dir='ltr'><strong>consulibus</strong></span> <span class='ocrx_word' id='word_1_66' title='bbox 1480 863 1628 939; x_wconf 89' lang='lat' dir='ltr'><strong>illis,</strong></span> <span class='ocrx_word' id='word_1_67' title='bbox 1680 862 2018 925; x_wconf 82' lang='lat' dir='ltr'><strong>tacentibus</strong></span> <span class='ocrx_word' id='word_1_68' title='bbox 2051 863 2292 923; x_wconf 64' lang='lat' dir='ltr'><strong>dicam!</strong></span> 
     </span>
     <span class='ocr_line' id='line_1_10' title="bbox 228 944 2290 1022; baseline 0.001 -18"><span class='ocrx_word' id='word_1_69' title='bbox 228 944 411 1006; x_wconf 81' lang='lat' dir='ltr'><strong>immo</strong></span> <span class='ocrx_word' id='word_1_70' title='bbox 444 962 589 1007; x_wconf 88' lang='lat' dir='ltr'><strong>vero</strong></span> <span class='ocrx_word' id='word_1_71' title='bbox 620 947 799 1008; x_wconf 88' lang='lat' dir='ltr'><strong>etiam</strong></span> <span class='ocrx_word' id='word_1_72' title='bbox 828 945 1332 1022; x_wconf 81' lang='lat' dir='ltr'><strong>approbantibus,</strong></span> <span class='ocrx_word' id='word_1_73' title='bbox 1369 955 1437 1008; x_wconf 89' lang='lat' dir='ltr'><strong>ut</strong></span> <span class='ocrx_word' id='word_1_74' title='bbox 1465 945 1749 1008; x_wconf 88' lang='lat' dir='ltr'><strong>censoria</strong></span> <span class='ocrx_word' id='word_1_75' title='bbox 1778 948 1942 1007; x_wconf 87' lang='lat' dir='ltr'><strong>notio</strong></span> <span class='ocrx_word' id='word_1_76' title='bbox 1973 955 2032 1006; x_wconf 90' lang='lat' dir='ltr'><strong>et</strong></span> <span class='ocrx_word' id='word_1_77' title='bbox 2060 947 2290 1022; x_wconf 86' lang='lat' dir='ltr'><strong>gravis-</strong></span> 
     </span>
     <span class='ocr_line' id='line_1_11' title="bbox 226 1027 2291 1110; baseline 0 -22"><span class='ocrx_word' id='word_1_78' title='bbox 226 1028 446 1089; x_wconf 88' lang='lat' dir='ltr'><strong>simum</strong></span> <span class='ocrx_word' id='word_1_79' title='bbox 476 1027 765 1090; x_wconf 88' lang='lat' dir='ltr'><strong>iudicium</strong></span> <span class='ocrx_word' id='word_1_80' title='bbox 795 1028 1166 1092; x_wconf 80' lang='lat' dir='ltr'><strong>sanctissimi</strong></span> <span class='ocrx_word' id='word_1_81' title='bbox 1204 1029 1590 1110; x_wconf 73' lang='lat' dir='ltr'><strong>magistratus</strong></span> <span class='ocrx_word' id='word_1_82' title='bbox 1625 1029 1704 1089; x_wconf 86' lang='lat' dir='ltr'><strong>de</strong></span> <span class='ocrx_word' id='word_1_83' title='bbox 1741 1045 1808 1089; x_wconf 90' lang='lat' dir='ltr'><strong>re</strong></span> <span class='ocrx_word' id='word_1_84' title='bbox 1843 1029 2089 1104; x_wconf 86' lang='lat' dir='ltr'><strong>publica</strong></span> <span class='ocrx_word' id='word_1_85' title='bbox 2120 1031 2291 1090; x_wconf 87' lang='lat' dir='ltr'><strong>tolle-</strong></span> 
     </span>
     <span class='ocr_line' id='line_1_12' title="bbox 228 1112 2290 1188; baseline 0 -17"><span class='ocrx_word' id='word_1_86' title='bbox 228 1121 424 1186; x_wconf 82' lang='lat' dir='ltr'><strong>retur,</strong></span> <span class='ocrx_word' id='word_1_87' title='bbox 467 1121 534 1173; x_wconf 85' lang='lat' dir='ltr'><strong>nt</strong></span> <span class='ocrx_word' id='word_1_88' title='bbox 575 1112 833 1188; x_wconf 86' lang='lat' dir='ltr'><strong>collegia</strong></span> <span class='ocrx_word' id='word_1_89' title='bbox 864 1130 987 1174; x_wconf 91' lang='lat' dir='ltr'><strong>non</strong></span> <span class='ocrx_word' id='word_1_90' title='bbox 1025 1114 1214 1174; x_wconf 90' lang='lat' dir='ltr'><strong>modo</strong></span> <span class='ocrx_word' id='word_1_91' title='bbox 1253 1113 1355 1174; x_wconf 89' lang='lat' dir='ltr'><strong>illa</strong></span> <span class='ocrx_word' id='word_1_92' title='bbox 1390 1121 1596 1174; x_wconf 84' lang='lat' dir='ltr'><strong>vetera</strong></span> <span class='ocrx_word' id='word_1_93' title='bbox 1625 1120 1836 1172; x_wconf 85' lang='lat' dir='ltr'><strong>contra</strong></span> <span class='ocrx_word' id='word_1_94' title='bbox 1867 1120 2113 1173; x_wconf 87' lang='lat' dir='ltr'><strong>senatus</strong></span> <span class='ocrx_word' id='word_1_95' title='bbox 2143 1128 2290 1174; x_wconf 84' lang='lat' dir='ltr'><strong>con·</strong></span> 
     </span>
     <span class='ocr_line' id='line_1_13' title="bbox 226 1194 2289 1271; baseline 0 -15"><span class='ocrx_word' id='word_1_96' title='bbox 226 1197 449 1256; x_wconf 88' lang='lat' dir='ltr'><strong>sultum</strong></span> <span class='ocrx_word' id='word_1_97' title='bbox 490 1194 979 1269; x_wconf 82' lang='lat' dir='ltr'><strong>restituerentur,</strong></span> <span class='ocrx_word' id='word_1_98' title='bbox 1032 1198 1146 1258; x_wconf 91' lang='lat' dir='ltr'><strong>sed</strong></span> <span class='ocrx_word' id='word_1_99' title='bbox 1180 1197 1258 1257; x_wconf 88' lang='lat' dir='ltr'><strong>ab</strong></span> <span class='ocrx_word' id='word_1_100' title='bbox 1303 1211 1422 1256; x_wconf 90' lang='lat' dir='ltr'><strong>uno</strong></span> <span class='ocrx_word' id='word_1_101' title='bbox 1465 1194 1799 1271; x_wconf 81' lang='lat' dir='ltr'><strong>gladiatore</strong></span> <span class='ocrx_word' id='word_1_102' title='bbox 1832 1194 2289 1257; x_wconf 84' lang='lat' dir='ltr'><strong>innumerabilia</strong></span> 
     </span>
     <span class='ocr_line' id='line_1_14' title="bbox 226 1277 2288 1352; baseline 0.001 -16"><span class='ocrx_word' id='word_1_103' title='bbox 226 1278 347 1336; x_wconf 88' lang='lat' dir='ltr'><strong>alia</strong></span> <span class='ocrx_word' id='word_1_104' title='bbox 396 1293 556 1338; x_wconf 86' lang='lat' dir='ltr'><strong>nova</strong></span> <span class='ocrx_word' id='word_1_105' title='bbox 606 1279 1167 1352; x_wconf 86' lang='lat' dir='ltr'><strong>conscriberentur,</strong></span> <span class='ocrx_word' id='word_1_106' title='bbox 1220 1287 1290 1342; x_wconf 84' lang='lat' dir='ltr'><strong>ut</strong></span> <span class='ocrx_word' id='word_1_107' title='bbox 1337 1277 1612 1340; x_wconf 85' lang='lat' dir='ltr'><strong>remissis</strong></span> <span class='ocrx_word' id='word_1_108' title='bbox 1663 1278 1833 1339; x_wconf 91' lang='lat' dir='ltr'><strong>senis</strong></span> <span class='ocrx_word' id='word_1_109' title='bbox 1873 1286 1934 1339; x_wconf 91' lang='lat' dir='ltr'><strong>et</strong></span> <span class='ocrx_word' id='word_1_110' title='bbox 1971 1278 2288 1339; x_wconf 84' lang='lat' dir='ltr'><strong>trientibus</strong></span> 
     </span>
     <span class='ocr_line' id='line_1_15' title="bbox 228 1357 2293 1438; baseline 0.001 -21"><span class='ocrx_word' id='word_1_111' title='bbox 228 1357 665 1434; x_wconf 86' lang='lat' dir='ltr'><strong>quinta&#39;prope</strong></span> <span class='ocrx_word' id='word_1_112' title='bbox 693 1377 838 1436; x_wconf 87' lang='lat' dir='ltr'><strong>pars</strong></span> <span class='ocrx_word' id='word_1_113' title='bbox 873 1360 1256 1436; x_wconf 87' lang='lat' dir='ltr'><strong>vectigalium</strong></span> <span class='ocrx_word' id='word_1_114' title='bbox 1285 1363 1622 1435; x_wconf 88' lang='lat' dir='ltr'><strong>tolleretur,</strong></span> <span class='ocrx_word' id='word_1_115' title='bbox 1670 1370 1736 1423; x_wconf 90' lang='lat' dir='ltr'><strong>ut</strong></span> <span class='ocrx_word' id='word_1_116' title='bbox 1765 1361 2018 1422; x_wconf 88' lang='lat' dir='ltr'><strong>Gabinio</strong></span> <span class='ocrx_word' id='word_1_117' title='bbox 2051 1377 2158 1438; x_wconf 86' lang='lat' dir='ltr'><strong>pro</strong></span> <span class='ocrx_word' id='word_1_118' title='bbox 2188 1361 2293 1420; x_wconf 89' lang='lat' dir='ltr'><strong>illa</strong></span> 
     </span>
     <span class='ocr_line' id='line_1_16' title="bbox 226 1440 2291 1521; baseline 0 -18"><span class='ocrx_word' id='word_1_119' title='bbox 226 1458 341 1503; x_wconf 87' lang='lat' dir='ltr'><strong>sua</strong></span> <span class='ocrx_word' id='word_1_120' title='bbox 371 1440 606 1516; x_wconf 88' lang='lat' dir='ltr'><strong>Cilicia,</strong></span> <span class='ocrx_word' id='word_1_121' title='bbox 652 1459 835 1518; x_wconf 90' lang='lat' dir='ltr'><strong>quam</strong></span> <span class='ocrx_word' id='word_1_122' title='bbox 864 1442 1011 1517; x_wconf 87' lang='lat' dir='ltr'><strong>sibi,</strong></span> <span class='ocrx_word' id='word_1_123' title='bbox 1048 1443 1100 1503; x_wconf 89' lang='lat' dir='ltr'><strong>si</strong></span> <span class='ocrx_word' id='word_1_124' title='bbox 1130 1461 1256 1503; x_wconf 90' lang='lat' dir='ltr'><strong>rem</strong></span> <span class='ocrx_word' id='word_1_125' title='bbox 1295 1444 1595 1519; x_wconf 88' lang='lat' dir='ltr'><strong>publicam</strong></span> <span class='ocrx_word' id='word_1_126' title='bbox 1627 1444 2032 1521; x_wconf 87' lang='lat' dir='ltr'><strong>prodidisset,</strong></span> <span class='ocrx_word' id='word_1_127' title='bbox 2075 1453 2291 1520; x_wconf 85' lang='lat' dir='ltr'><strong>pactus</strong></span> 
     </span>
     <span class='ocr_line' id='line_1_17' title="bbox 224 1523 2291 1606; baseline 0.001 -20"><span class='ocrx_word' id='word_1_128' title='bbox 224 1534 384 1598; x_wconf 87' lang='lat' dir='ltr'><strong>erat,</strong></span> <span class='ocrx_word' id='word_1_129' title='bbox 431 1523 629 1606; x_wconf 17' lang='lat' dir='ltr'><strong>Syria,</strong></span> <span class='ocrx_word' id='word_1_130' title='bbox 653 1526 1033 1602; x_wconf 40' lang='lat' dir='ltr'><strong>daretur„et</strong></span> <span class='ocrx_word' id='word_1_131' title='bbox 1060 1525 1165 1588; x_wconf 88' lang='lat' dir='ltr'><strong>uni</strong></span> <span class='ocrx_word' id='word_1_132' title='bbox 1184 1527 1452 1593; x_wconf 84' lang='lat' dir='ltr'><strong>helluoni</strong></span> <span class='ocrx_word' id='word_1_133' title='bbox 1479 1527 1576 1588; x_wconf 88' lang='lat' dir='ltr'><strong>bis</strong></span> <span class='ocrx_word' id='word_1_134' title='bbox 1611 1528 1688 1587; x_wconf 91' lang='lat' dir='ltr'><strong>de</strong></span> <span class='ocrx_word' id='word_1_135' title='bbox 1725 1529 1936 1588; x_wconf 87' lang='lat' dir='ltr'><strong>eadem</strong></span> <span class='ocrx_word' id='word_1_136' title='bbox 1968 1543 2035 1588; x_wconf 84' lang='lat' dir='ltr'><strong>re</strong></span> <span class='ocrx_word' id='word_1_137' title='bbox 2063 1527 2291 1588; x_wconf 81' lang='lat' dir='ltr'><strong>delibe-</strong></span> 
     </span>
     <span class='ocr_line' id='line_1_18' title="bbox 230 1604 2294 1682; baseline -0.001 -16"><span class='ocrx_word' id='word_1_138' title='bbox 230 1604 407 1666; x_wconf 86' lang='lat' dir='ltr'><strong>randi</strong></span> <span class='ocrx_word' id='word_1_139' title='bbox 458 1613 522 1665; x_wconf 87' lang='lat' dir='ltr'><strong>et</strong></span> <span class='ocrx_word' id='word_1_140' title='bbox 572 1611 787 1680; x_wconf 71' lang='lat' dir='ltr'><strong>rogata</strong></span> <span class='ocrx_word' id='word_1_141' title='bbox 842 1606 981 1680; x_wconf 84' lang='lat' dir='ltr'><strong>lege</strong></span> <span class='ocrx_word' id='word_1_142' title='bbox 1037 1611 1314 1680; x_wconf 82' lang='lat' dir='ltr'><strong>potestas</strong></span> <span class='ocrx_word' id='word_1_143' title='bbox 1369 1606 1546 1666; x_wconf 83' lang='lat' dir='ltr'><strong>fieret</strong></span> <span class='ocrx_word' id='word_1_144' title='bbox 1601 1607 1956 1682; x_wconf 84' lang='lat' dir='ltr'><strong>provinciae</strong></span> <span class='ocrx_word' id='word_1_145' title='bbox 2023 1621 2294 1670; x_wconf 85' lang='lat' dir='ltr'><strong>commu-</strong></span> 
     </span>
     <span class='ocr_line' id='line_1_19' title="bbox 228 1692 471 1752; baseline -0.021 0"><span class='ocrx_word' id='word_1_146' title='bbox 228 1692 471 1752; x_wconf 77' lang='lat' dir='ltr'><strong>tandae.</strong></span> 
     </span>
    </p>

    <p class='ocr_par' dir='ltr' id='par_1_4' title="bbox 224 1769 2314 3430">
     <span class='ocr_line' id='line_1_20' title="bbox 390 1769 2288 1850; baseline -0.003 -14"><span class='ocrx_word' id='word_1_147' title='bbox 390 1775 601 1836; x_wconf 78' lang='lat' dir='ltr'><strong>xxvt.</strong></span> <span class='ocrx_word' id='word_1_148' title='bbox 624 1774 727 1836; x_wconf 83' lang='lat'><strong>56.</strong></span> <span class='ocrx_word' id='word_1_149' title='bbox 756 1774 923 1838; x_wconf 88' lang='lat' dir='ltr'><strong>Mitto</strong></span> <span class='ocrx_word' id='word_1_150' title='bbox 949 1790 1083 1835; x_wconf 88' lang='lat' dir='ltr'><strong>eam</strong></span> <span class='ocrx_word' id='word_1_151' title='bbox 1106 1775 1321 1850; x_wconf 88' lang='lat' dir='ltr'><strong>legem,</strong></span> <span class='ocrx_word' id='word_1_152' title='bbox 1353 1788 1508 1847; x_wconf 88' lang='lat' dir='ltr'><strong>quae</strong></span> <span class='ocrx_word' id='word_1_153' title='bbox 1531 1771 1735 1834; x_wconf 84' lang='lat' dir='ltr'><strong>omnia</strong></span> <span class='ocrx_word' id='word_1_154' title='bbox 1755 1771 1882 1833; x_wconf 88' lang='lat' dir='ltr'><strong>iura</strong></span> <span class='ocrx_word' id='word_1_155' title='bbox 1909 1769 2288 1846; x_wconf 81' lang='lat' dir='ltr'><strong>religionum,</strong></span> 
     </span>
     <span class='ocr_line' id='line_1_21' title="bbox 225 1853 2293 1935; baseline -0.003 -15"><span class='ocrx_word' id='word_1_156' title='bbox 225 1857 671 1935; x_wconf 81' lang='lat' dir='ltr'><strong>auspiciorum,</strong></span> <span class='ocrx_word' id='word_1_157' title='bbox 717 1866 1116 1934; x_wconf 87' lang='lat' dir='ltr'><strong>potestatum,</strong></span> <span class='ocrx_word' id='word_1_158' title='bbox 1165 1873 1377 1920; x_wconf 87' lang='lat' dir='ltr'><strong>omnes</strong></span> <span class='ocrx_word' id='word_1_159' title='bbox 1418 1858 1619 1930; x_wconf 86' lang='lat' dir='ltr'><strong>leges,</strong></span> <span class='ocrx_word' id='word_1_160' title='bbox 1667 1871 1826 1931; x_wconf 89' lang='lat' dir='ltr'><strong>quae</strong></span> <span class='ocrx_word' id='word_1_161' title='bbox 1869 1863 2010 1918; x_wconf 87' lang='lat' dir='ltr'><strong>sunt</strong></span> <span class='ocrx_word' id='word_1_162' title='bbox 2049 1856 2128 1915; x_wconf 92' lang='lat' dir='ltr'><strong>de</strong></span> <span class='ocrx_word' id='word_1_163' title='bbox 2160 1853 2293 1916; x_wconf 89' lang='lat' dir='ltr'><strong>iure</strong></span> 
     </span>
     <span class='ocr_line' id='line_1_22' title="bbox 226 1937 2288 2017; baseline -0.004 -15"><span class='ocrx_word' id='word_1_164' title='bbox 226 1951 289 2002; x_wconf 88' lang='lat' dir='ltr'><strong>et</strong></span> <span class='ocrx_word' id='word_1_165' title='bbox 330 1943 409 2002; x_wconf 86' lang='lat' dir='ltr'><strong>de</strong></span> <span class='ocrx_word' id='word_1_166' title='bbox 451 1949 724 2017; x_wconf 83' lang='lat' dir='ltr'><strong>tempore</strong></span> <span class='ocrx_word' id='word_1_167' title='bbox 768 1943 971 2017; x_wconf 86' lang='lat' dir='ltr'><strong>legum</strong></span> <span class='ocrx_word' id='word_1_168' title='bbox 1010 1942 1449 2017; x_wconf 84' lang='lat' dir='ltr'><strong>rogandarum,</strong></span> <span class='ocrx_word' id='word_1_169' title='bbox 1501 1956 1624 2000; x_wconf 90' lang='lat' dir='ltr'><strong>una</strong></span> <span class='ocrx_word' id='word_1_170' title='bbox 1671 1937 1989 2012; x_wconf 87' lang='lat' dir='ltr'><strong>rogatione</strong></span> <span class='ocrx_word' id='word_1_171' title='bbox 2037 1937 2288 1998; x_wconf 72' lang='lat' dir='ltr'><strong>delevitz</strong></span> 
     </span>
     <span class='ocr_line' id='line_1_23' title="bbox 227 2019 2292 2085; baseline -0.001 -1"><span class='ocrx_word' id='word_1_172' title='bbox 227 2023 395 2085; x_wconf 89' lang='lat' dir='ltr'><strong>mitto</strong></span> <span class='ocrx_word' id='word_1_173' title='bbox 422 2039 663 2084; x_wconf 90' lang='lat' dir='ltr'><strong>omnem</strong></span> <span class='ocrx_word' id='word_1_174' title='bbox 687 2024 1081 2085; x_wconf 85' lang='lat' dir='ltr'><strong>domesticam</strong></span> <span class='ocrx_word' id='word_1_175' title='bbox 1107 2025 1331 2084; x_wconf 81' lang='lat' dir='ltr'><strong>labem:</strong></span> <span class='ocrx_word' id='word_1_176' title='bbox 1362 2022 1539 2084; x_wconf 86' lang='lat' dir='ltr'><strong>etiam</strong></span> <span class='ocrx_word' id='word_1_177' title='bbox 1565 2031 1804 2083; x_wconf 87' lang='lat' dir='ltr'><strong>exteras</strong></span> <span class='ocrx_word' id='word_1_178' title='bbox 1827 2019 2105 2083; x_wconf 88' lang='lat' dir='ltr'><strong>nati&#39;ones</strong></span> <span class='ocrx_word' id='word_1_179' title='bbox 2131 2020 2292 2082; x_wconf 89' lang='lat' dir='ltr'><strong>illius</strong></span> 
     </span>
     <span class='ocr_line' id='line_1_24' title="bbox 224 2102 2294 2186; baseline 0.001 -21"><span class='ocrx_word' id='word_1_180' title='bbox 224 2105 365 2186; x_wconf 83' lang='lat' dir='ltr'><strong>anni</strong></span> <span class='ocrx_word' id='word_1_181' title='bbox 398 2106 601 2168; x_wconf 77' lang='lat' dir='ltr'><strong>furore</strong></span> <span class='ocrx_word' id='word_1_182' title='bbox 632 2116 1080 2180; x_wconf 86' lang='lat' dir='ltr'><strong>conquassatas</strong></span> <span class='ocrx_word' id='word_1_183' title='bbox 1106 2107 1486 2168; x_wconf 89' lang='lat' dir='ltr'><strong>videbamus.</strong></span> <span class='ocrx_word' id='word_1_184' title='bbox 1545 2106 1707 2182; x_wconf 84' lang='lat' dir='ltr'><strong>Lege</strong></span> <span class='ocrx_word' id='word_1_185' title='bbox 1733 2102 2052 2166; x_wconf 85' lang='lat' dir='ltr'><strong>tribunicia</strong></span> <span class='ocrx_word' id='word_1_186' title='bbox 2079 2104 2294 2167; x_wconf 83' lang='lat' dir='ltr'><strong>Matris</strong></span> 
     </span>
     <span class='ocr_line' id='line_1_25' title="bbox 228 2188 2290 2265; baseline -0.001 -15"><span class='ocrx_word' id='word_1_187' title='bbox 228 2205 485 2265; x_wconf 85' lang='lat' dir='ltr'><strong>magnae</strong></span> <span class='ocrx_word' id='word_1_188' title='bbox 514 2188 935 2250; x_wconf 88' lang='lat' dir='ltr'><strong>Pessinuntius</strong></span> <span class='ocrx_word' id='word_1_189' title='bbox 977 2189 1075 2250; x_wconf 89' lang='lat' dir='ltr'><strong>ille</strong></span> <span class='ocrx_word' id='word_1_190' title='bbox 1118 2191 1414 2252; x_wconf 88' lang='lat' dir='ltr'><strong>sacerdos</strong></span> <span class='ocrx_word' id='word_1_191' title='bbox 1449 2192 1747 2264; x_wconf 82' lang='lat' dir='ltr'><strong>expulsus</strong></span> <span class='ocrx_word' id='word_1_192' title='bbox 1775 2197 1836 2250; x_wconf 87' lang='lat' dir='ltr'><strong>et</strong></span> <span class='ocrx_word' id='word_1_193' title='bbox 1864 2188 2160 2264; x_wconf 85' lang='lat' dir='ltr'><strong>spoliatus</strong></span> <span class='ocrx_word' id='word_1_194' title='bbox 2193 2204 2290 2248; x_wconf 88' lang='lat' dir='ltr'><strong>sa-</strong></span> 
     </span>
     <span class='ocr_line' id='line_1_26' title="bbox 228 2270 2292 2348; baseline -0.001 -15"><span class='ocrx_word' id='word_1_195' title='bbox 228 2273 499 2344; x_wconf 84' lang='lat' dir='ltr'><strong>cerdotio</strong></span> <span class='ocrx_word' id='word_1_196' title='bbox 524 2280 620 2333; x_wconf 90' lang='lat' dir='ltr'><strong>est</strong></span> <span class='ocrx_word' id='word_1_197' title='bbox 642 2272 971 2348; x_wconf 75' lang='lat' dir='ltr'><strong>fanumque</strong></span> <span class='ocrx_word' id='word_1_198' title='bbox 990 2273 1505 2334; x_wconf 87' lang='lat' dir='ltr'><strong>sanctissimarum</strong></span> <span class='ocrx_word' id='word_1_199' title='bbox 1525 2283 1710 2348; x_wconf 88' lang='lat' dir='ltr'><strong>atque</strong></span> <span class='ocrx_word' id='word_1_200' title='bbox 1732 2270 2292 2346; x_wconf 81' lang='lat' dir='ltr'><strong>antiquissimarum</strong></span> 
     </span>
     <span class='ocr_line' id='line_1_27' title="bbox 227 2354 2293 2432; baseline -0 -17"><span class='ocrx_word' id='word_1_201' title='bbox 227 2354 587 2430; x_wconf 86' lang='lat' dir='ltr'><strong>religionum</strong></span> <span class='ocrx_word' id='word_1_202' title='bbox 620 2356 927 2417; x_wconf 90' lang='lat' dir='ltr'><strong>venditum</strong></span> <span class='ocrx_word' id='word_1_203' title='bbox 961 2355 1222 2432; x_wconf 84' lang='lat' dir='ltr'><strong>pecunia</strong></span> <span class='ocrx_word' id='word_1_204' title='bbox 1261 2355 1474 2431; x_wconf 82' lang='lat' dir='ltr'><strong>grandi</strong></span> <span class='ocrx_word' id='word_1_205' title='bbox 1503 2356 1851 2430; x_wconf 88' lang='lat' dir='ltr'><strong>Brogitaro,</strong></span> <span class='ocrx_word' id='word_1_206' title='bbox 1903 2355 2143 2432; x_wconf 88' lang='lat' dir='ltr'><strong>impuro</strong></span> <span class='ocrx_word' id='word_1_207' title='bbox 2182 2355 2293 2414; x_wconf 84' lang='lat' dir='ltr'><strong>ho·</strong></span> 
     </span>
     <span class='ocr_line' id='line_1_28' title="bbox 228 2436 2293 2516; baseline -0 -19"><span class='ocrx_word' id='word_1_208' title='bbox 228 2437 374 2498; x_wconf 89' lang='lat' dir='ltr'><strong>mini</strong></span> <span class='ocrx_word' id='word_1_209' title='bbox 406 2446 590 2512; x_wconf 87' lang='lat' dir='ltr'><strong>atque</strong></span> <span class='ocrx_word' id='word_1_210' title='bbox 631 2439 879 2512; x_wconf 89' lang='lat' dir='ltr'><strong>indigno</strong></span> <span class='ocrx_word' id='word_1_211' title='bbox 914 2438 1013 2500; x_wconf 89' lang='lat' dir='ltr'><strong>illa</strong></span> <span class='ocrx_word' id='word_1_212' title='bbox 1053 2438 1378 2514; x_wconf 84' lang='lat' dir='ltr'><strong>religione,</strong></span> <span class='ocrx_word' id='word_1_213' title='bbox 1435 2437 1786 2514; x_wconf 87' lang='lat' dir='ltr'><strong>praesertim</strong></span> <span class='ocrx_word' id='word_1_214' title='bbox 1831 2456 2016 2516; x_wconf 88' lang='lat' dir='ltr'><strong>quum</strong></span> <span class='ocrx_word' id='word_1_215' title='bbox 2057 2454 2131 2498; x_wconf 89' lang='lat' dir='ltr'><strong>ea</strong></span> <span class='ocrx_word' id='word_1_216' title='bbox 2173 2436 2293 2497; x_wconf 90' lang='lat' dir='ltr'><strong>sibi</strong></span> 
     </span>
     <span class='ocr_line' id='line_1_29' title="bbox 230 2518 2296 2599; baseline 0 -18"><span class='ocrx_word' id='word_1_217' title='bbox 230 2520 331 2582; x_wconf 90' lang='lat' dir='ltr'><strong>ille</strong></span> <span class='ocrx_word' id='word_1_218' title='bbox 379 2536 502 2581; x_wconf 93' lang='lat' dir='ltr'><strong>non</strong></span> <span class='ocrx_word' id='word_1_219' title='bbox 546 2521 813 2594; x_wconf 87' lang='lat' dir='ltr'><strong>colendi,</strong></span> <span class='ocrx_word' id='word_1_220' title='bbox 871 2521 983 2581; x_wconf 88' lang='lat' dir='ltr'><strong>sed</strong></span> <span class='ocrx_word' id='word_1_221' title='bbox 1031 2520 1302 2582; x_wconf 86' lang='lat' dir='ltr'><strong>violandi</strong></span> <span class='ocrx_word' id='word_1_222' title='bbox 1344 2537 1530 2583; x_wconf 89' lang='lat' dir='ltr'><strong>causa</strong></span> <span class='ocrx_word' id='word_1_223' title='bbox 1577 2521 1944 2599; x_wconf 61' lang='lat' dir='ltr'><strong>appetissem</strong></span> <span class='ocrx_word' id='word_1_224' title='bbox 1999 2518 2296 2597; x_wconf 82' lang='lat' dir='ltr'><strong>appellati</strong></span> 
     </span>
     <span class='ocr_line' id='line_1_30' title="bbox 228 2603 2295 2682; baseline -0 -18"><span class='ocrx_word' id='word_1_225' title='bbox 228 2621 407 2680; x_wconf 88' lang='lat' dir='ltr'><strong>reges</strong></span> <span class='ocrx_word' id='word_1_226' title='bbox 436 2621 473 2664; x_wconf 90' lang='lat' dir='ltr'><strong>a</strong></span> <span class='ocrx_word' id='word_1_227' title='bbox 505 2607 764 2680; x_wconf 86' lang='lat' dir='ltr'><strong>populo,</strong></span> <span class='ocrx_word' id='word_1_228' title='bbox 800 2603 903 2680; x_wconf 89' lang='lat' dir='ltr'><strong>qui</strong></span> <span class='ocrx_word' id='word_1_229' title='bbox 934 2605 993 2665; x_wconf 90' lang='lat' dir='ltr'><strong>id</strong></span> <span class='ocrx_word' id='word_1_230' title='bbox 1023 2622 1353 2679; x_wconf 83' lang='lat' dir='ltr'><strong>numquam</strong></span> <span class='ocrx_word' id='word_1_231' title='bbox 1383 2621 1458 2666; x_wconf 88' lang='lat' dir='ltr'><strong>ne</strong></span> <span class='ocrx_word' id='word_1_232' title='bbox 1488 2622 1525 2665; x_wconf 88' lang='lat' dir='ltr'><strong>a</strong></span> <span class='ocrx_word' id='word_1_233' title='bbox 1555 2616 1771 2668; x_wconf 88' lang='lat' dir='ltr'><strong>senatu</strong></span> <span class='ocrx_word' id='word_1_234' title='bbox 1802 2606 2046 2682; x_wconf 90' lang='lat' dir='ltr'><strong>quidem</strong></span> <span class='ocrx_word' id='word_1_235' title='bbox 2077 2612 2295 2680; x_wconf 86' lang='lat' dir='ltr'><strong>postu·</strong></span> 
     </span>
     <span class='ocr_line' id='line_1_31' title="bbox 230 2686 2298 2766; baseline -0 -19"><span class='ocrx_word' id='word_1_236' title='bbox 230 2689 487 2748; x_wconf 87' lang='lat' dir='ltr'><strong>lassent=</strong></span> <span class='ocrx_word' id='word_1_237' title='bbox 539 2686 775 2753; x_wconf 87' lang='lat' dir='ltr'><strong>reducti</strong></span> <span class='ocrx_word' id='word_1_238' title='bbox 806 2688 1054 2748; x_wconf 83' lang='lat' dir='ltr'><strong>exsules</strong></span> <span class='ocrx_word' id='word_1_239' title='bbox 1081 2688 1440 2766; x_wconf 81' lang='lat' dir='ltr'><strong>Byzantium</strong></span> <span class='ocrx_word' id='word_1_240' title='bbox 1482 2689 1864 2750; x_wconf 89' lang='lat' dir='ltr'><strong>condemnati</strong></span> <span class='ocrx_word' id='word_1_241' title='bbox 1898 2699 2049 2760; x_wconf 90' lang='lat' dir='ltr'><strong>tum,</strong></span> <span class='ocrx_word' id='word_1_242' title='bbox 2102 2703 2298 2762; x_wconf 91' lang='lat' dir='ltr'><strong>quum</strong></span> 
     </span>
     <span class='ocr_line' id='line_1_32' title="bbox 228 2769 2298 2841; baseline -0 -11"><span class='ocrx_word' id='word_1_243' title='bbox 228 2769 557 2832; x_wconf 87' lang='lat' dir='ltr'><strong>indemnati</strong></span> <span class='ocrx_word' id='word_1_244' title='bbox 586 2771 755 2833; x_wconf 83' lang='lat' dir='ltr'><strong>cives</strong></span> <span class='ocrx_word' id='word_1_245' title='bbox 787 2788 824 2833; x_wconf 90' lang='lat' dir='ltr'><strong>e</strong></span> <span class='ocrx_word' id='word_1_246' title='bbox 858 2771 1098 2834; x_wconf 84' lang='lat' dir='ltr'><strong>civitate</strong></span> <span class='ocrx_word' id='word_1_247' title='bbox 1126 2771 1547 2833; x_wconf 79' lang='lat' dir='ltr'><strong>eiiciebantur=</strong></span> <span class='ocrx_word' id='word_1_248' title='bbox 1607 2769 1706 2834; x_wconf 84' lang='lat'><strong>57.</strong></span> <span class='ocrx_word' id='word_1_249' title='bbox 1749 2789 1858 2833; x_wconf 90' lang='lat' dir='ltr'><strong>rex</strong></span> <span class='ocrx_word' id='word_1_250' title='bbox 1885 2771 2298 2841; x_wconf 87' lang='lat' dir='ltr'><strong>Ptolemaeus,</strong></span> 
     </span>
     <span class='ocr_line' id='line_1_33' title="bbox 230 2851 2300 2932; baseline -0.001 -18"><span class='ocrx_word' id='word_1_251' title='bbox 230 2851 337 2927; x_wconf 89' lang='lat' dir='ltr'><strong>qui</strong></span> <span class='ocrx_word' id='word_1_252' title='bbox 360 2853 413 2913; x_wconf 91' lang='lat' dir='ltr'><strong>si</strong></span> <span class='ocrx_word' id='word_1_253' title='bbox 437 2856 705 2915; x_wconf 88' lang='lat' dir='ltr'><strong>nondum</strong></span> <span class='ocrx_word' id='word_1_254' title='bbox 730 2864 859 2916; x_wconf 84' lang='lat' dir='ltr'><strong>erat</strong></span> <span class='ocrx_word' id='word_1_255' title='bbox 879 2856 1013 2932; x_wconf 86' lang='lat' dir='ltr'><strong>ipse</strong></span> <span class='ocrx_word' id='word_1_256' title='bbox 1035 2872 1071 2916; x_wconf 89' lang='lat' dir='ltr'><strong>a</strong></span> <span class='ocrx_word' id='word_1_257' title='bbox 1090 2865 1306 2916; x_wconf 88' lang='lat' dir='ltr'><strong>senatu</strong></span> <span class='ocrx_word' id='word_1_258' title='bbox 1323 2855 1530 2916; x_wconf 91' lang='lat' dir='ltr'><strong>socius</strong></span> <span class='ocrx_word' id='word_1_259' title='bbox 1554 2858 1916 2930; x_wconf 83' lang='lat' dir='ltr'><strong>appellatus,</strong></span> <span class='ocrx_word' id='word_1_260' title='bbox 1939 2863 2066 2916; x_wconf 86' lang='lat' dir='ltr'><strong>erat</strong></span> <span class='ocrx_word' id='word_1_261' title='bbox 2088 2861 2300 2917; x_wconf 83' lang='lat' dir='ltr'><strong>tamen</strong></span> 
     </span>
     <span class='ocr_line' id='line_1_34' title="bbox 232 2936 2304 3015; baseline 0.001 -19"><span class='ocrx_word' id='word_1_262' title='bbox 232 2937 415 2996; x_wconf 74' lang='lat' dir='ltr'><strong>irater</strong></span> <span class='ocrx_word' id='word_1_263' title='bbox 444 2936 576 2998; x_wconf 91' lang='lat' dir='ltr'><strong>eius</strong></span> <span class='ocrx_word' id='word_1_264' title='bbox 612 2937 805 3012; x_wconf 78' lang='lat' dir='ltr'><strong>regiS,</strong></span> <span class='ocrx_word' id='word_1_265' title='bbox 855 2939 960 3014; x_wconf 89' lang='lat' dir='ltr'><strong>qui</strong></span> <span class='ocrx_word' id='word_1_266' title='bbox 991 2957 1175 3015; x_wconf 88' lang='lat' dir='ltr'><strong>quum</strong></span> <span class='ocrx_word' id='word_1_267' title='bbox 1207 2947 1374 3000; x_wconf 86' lang='lat' dir='ltr'><strong>esset</strong></span> <span class='ocrx_word' id='word_1_268' title='bbox 1405 2938 1464 2998; x_wconf 91' lang='lat' dir='ltr'><strong>in</strong></span> <span class='ocrx_word' id='word_1_269' title='bbox 1499 2939 1711 3000; x_wconf 84' lang='lat' dir='ltr'><strong>eadem</strong></span> <span class='ocrx_word' id='word_1_270' title='bbox 1746 2955 1962 3010; x_wconf 88' lang='lat' dir='ltr'><strong>causa,</strong></span> <span class='ocrx_word' id='word_1_271' title='bbox 2011 2936 2130 2996; x_wconf 88' lang='lat' dir='ltr'><strong>iam</strong></span> <span class='ocrx_word' id='word_1_272' title='bbox 2162 2943 2304 2998; x_wconf 80' lang='lat' dir='ltr'><strong>erat</strong></span> 
     </span>
     <span class='ocr_line' id='line_1_35' title="bbox 228 3018 2299 3096; baseline -0 -16"><span class='ocrx_word' id='word_1_273' title='bbox 228 3038 268 3080; x_wconf 92' lang='lat' dir='ltr'><strong>a</strong></span> <span class='ocrx_word' id='word_1_274' title='bbox 296 3028 510 3080; x_wconf 87' lang='lat' dir='ltr'><strong>senatu</strong></span> <span class='ocrx_word' id='word_1_275' title='bbox 538 3019 833 3083; x_wconf 89' lang='lat' dir='ltr'><strong>honorem</strong></span> <span class='ocrx_word' id='word_1_276' title='bbox 863 3021 1045 3083; x_wconf 88' lang='lat' dir='ltr'><strong>istum</strong></span> <span class='ocrx_word' id='word_1_277' title='bbox 1076 3031 1474 3083; x_wconf 82' lang='lat' dir='ltr'><strong>consecutus=</strong></span> <span class='ocrx_word' id='word_1_278' title='bbox 1524 3031 1655 3082; x_wconf 86' lang='lat' dir='ltr'><strong>erat</strong></span> <span class='ocrx_word' id='word_1_279' title='bbox 1686 3023 1902 3082; x_wconf 91' lang='lat' dir='ltr'><strong>eodem</strong></span> <span class='ocrx_word' id='word_1_280' title='bbox 1933 3037 2158 3096; x_wconf 88' lang='lat' dir='ltr'><strong>genere</strong></span> <span class='ocrx_word' id='word_1_281' title='bbox 2189 3018 2299 3079; x_wconf 82' lang='lat' dir='ltr'><strong>iis-</strong></span> 
     </span>
     <span class='ocr_line' id='line_1_36' title="bbox 224 3103 2307 3178; baseline 0.001 -14"><span class='ocrx_word' id='word_1_282' title='bbox 224 3104 495 3178; x_wconf 89' lang='lat' dir='ltr'><strong>demque</strong></span> <span class='ocrx_word' id='word_1_283' title='bbox 523 3103 886 3177; x_wconf 86' lang='lat' dir='ltr'><strong>maioribus,</strong></span> <span class='ocrx_word' id='word_1_284' title='bbox 921 3107 1135 3166; x_wconf 85' lang='lat' dir='ltr'><strong>eadem</strong></span> <span class='ocrx_word' id='word_1_285' title='bbox 1167 3111 1466 3166; x_wconf 83' lang='lat' dir='ltr'><strong>vetustate</strong></span> <span class='ocrx_word' id='word_1_286' title='bbox 1496 3103 1834 3166; x_wconf 77' lang='lat' dir='ltr'><strong>societatis:</strong></span> <span class='ocrx_word' id='word_1_287' title='bbox 1872 3103 2136 3178; x_wconf 87' lang='lat' dir='ltr'><strong>denique</strong></span> <span class='ocrx_word' id='word_1_288' title='bbox 2159 3113 2307 3166; x_wconf 81' lang='lat' dir='ltr'><strong>era-t</strong></span> 
     </span>
     <span class='ocr_line' id='line_1_37' title="bbox 226 3185 2308 3264; baseline -0 -18"><span class='ocrx_word' id='word_1_289' title='bbox 226 3203 356 3259; x_wconf 73' lang='lat' dir='ltr'><strong>reX,</strong></span> <span class='ocrx_word' id='word_1_290' title='bbox 386 3185 438 3247; x_wconf 88' lang='lat' dir='ltr'><strong>si</strong></span> <span class='ocrx_word' id='word_1_291' title='bbox 462 3188 728 3248; x_wconf 85' lang='lat' dir='ltr'><strong>nondum</strong></span> <span class='ocrx_word' id='word_1_292' title='bbox 756 3187 984 3262; x_wconf 91' lang='lat' dir='ltr'><strong>socius,</strong></span> <span class='ocrx_word' id='word_1_293' title='bbox 1014 3197 1075 3248; x_wconf 90' lang='lat' dir='ltr'><strong>at</strong></span> <span class='ocrx_word' id='word_1_294' title='bbox 1096 3205 1219 3248; x_wconf 88' lang='lat' dir='ltr'><strong>non</strong></span> <span class='ocrx_word' id='word_1_295' title='bbox 1242 3189 1468 3249; x_wconf 76' lang='lat' dir='ltr'><strong>hostis=</strong></span> <span class='ocrx_word' id='word_1_296' title='bbox 1506 3197 1780 3264; x_wconf 81' lang='lat' dir='ltr'><strong>pacatuS,</strong></span> <span class='ocrx_word' id='word_1_297' title='bbox 1806 3186 2065 3263; x_wconf 77' lang='lat' dir='ltr'><strong>quietuS,</strong></span> <span class='ocrx_word' id='word_1_298' title='bbox 2099 3187 2308 3246; x_wconf 77' lang='lat' dir='ltr'><strong>fretus</strong></span> 
     </span>
     <span class='ocr_line' id='line_1_38' title="bbox 228 3267 2312 3346; baseline 0 -18"><span class='ocrx_word' id='word_1_299' title='bbox 228 3267 482 3342; x_wconf 87' lang='lat' dir='ltr'><strong>imperio</strong></span> <span class='ocrx_word' id='word_1_300' title='bbox 514 3270 724 3346; x_wconf 85' lang='lat' dir='ltr'><strong>populi</strong></span> <span class='ocrx_word' id='word_1_301' title='bbox 748 3269 1003 3332; x_wconf 87' lang='lat' dir='ltr'><strong>Romani</strong></span> <span class='ocrx_word' id='word_1_302' title='bbox 1024 3287 1213 3346; x_wconf 86' lang='lat' dir='ltr'><strong>regno</strong></span> <span class='ocrx_word' id='word_1_303' title='bbox 1238 3281 1488 3346; x_wconf 87' lang='lat' dir='ltr'><strong>paterno</strong></span> <span class='ocrx_word' id='word_1_304' title='bbox 1519 3279 1705 3345; x_wconf 87' lang='lat' dir='ltr'><strong>atque</strong></span> <span class='ocrx_word' id='word_1_305' title='bbox 1734 3271 1894 3332; x_wconf 87' lang='lat' dir='ltr'><strong>avito</strong></span> <span class='ocrx_word' id='word_1_306' title='bbox 1925 3268 2116 3344; x_wconf 83' lang='lat' dir='ltr'><strong>regali</strong></span> <span class='ocrx_word' id='word_1_307' title='bbox 2171 3271 2312 3330; x_wconf 86' lang='lat' dir='ltr'><strong>otio</strong></span> 
     </span>
     <span class='ocr_line' id='line_1_39' title="bbox 228 3351 2314 3430; baseline 0.001 -22"><span class='ocrx_word' id='word_1_308' title='bbox 228 3353 677 3421; x_wconf 67' lang='lat' dir='ltr'><strong>pern-uebaturz</strong></span> <span class='ocrx_word' id='word_1_309' title='bbox 714 3355 791 3414; x_wconf 92' lang='lat' dir='ltr'><strong>de</strong></span> <span class='ocrx_word' id='word_1_310' title='bbox 814 3354 932 3414; x_wconf 86' lang='lat' dir='ltr'><strong>hoe</strong></span> <span class='ocrx_word' id='word_1_311' title='bbox 957 3351 1103 3413; x_wconf 91' lang='lat' dir='ltr'><strong>nihil</strong></span> <span class='ocrx_word' id='word_1_312' title='bbox 1125 3352 1444 3430; x_wconf 76' lang='lat' dir='ltr'><strong>cogitante,</strong></span> <span class='ocrx_word' id='word_1_313' title='bbox 1474 3352 1619 3415; x_wconf 88' lang='lat' dir='ltr'><strong>nihil</strong></span> <span class='ocrx_word' id='word_1_314' title='bbox 1650 3351 2023 3430; x_wconf 87' lang='lat' dir='ltr'><strong>suspicante,</strong></span> <span class='ocrx_word' id='word_1_315' title='bbox 2053 3351 2314 3412; x_wconf 88' lang='lat' dir='ltr'><strong>eisdem</strong></span> 
     </span>
    </p>
   </div>
  </div>
 </body>
</html>
