2459 3817
238 172 367 241 236
522 182 603 245 IN
627 182 707 246 M.
738 179 1140 244 ANTONIUM
1168 177 1452 243 ORATIO
1482 177 1905 243 PHILIPPICA
1928 176 2002 241 11.

242 334 466 410 disset,
502 333 567 397 in
606 329 985 398 matrimonio
1020 330 1220 393 stabili
1249 340 1311 392 et
1349 338 1517 393 certo
1548 329 1891 393 collocavit.
1953 326 2078 405 Ab.
2107 328 2342 395 Nemo

240 434 531 497 umquam
573 431 727 493 puer
753 422 993 491 emptus
1020 412 1289 474 libidinis
1330 428 1520 475 causa
1551 423 1673 475 tam
1703 412 1815 481 ruit
1839 414 1902 479 in
1929 408 2174 477 domini
2205 429 2322 489 po-

238 510 461 567 testate
500 514 683 575 quam
723 506 789 558 ιιι
830 494 895 557 in
938 495 1239 559 curionis.
1324 494 1616 577 Quotiens
1654 503 1715 557 te
1743 502 1918 575 pater
1949 494 2083 557 eius
2113 496 2328 559 domu

239 600 355 649 sua
374 582 593 645 eiecitr
619 577 901 657 quotiens
923 579 1217 643 custodes
1239 578 1466 656 posuit,
1493 594 1575 641 ne
1593 576 1774 639 limen
1792 578 2096 641 intrares?
2115 594 2328 653 quum

238 677 305 731 tu
326 674 561 737 tamen,
595 670 775 725 nocte
803 660 1007 734 socia,
1042 660 1322 725 hortante
1363 659 1641 732 libidine,
1695 670 1955 738 cogente
1997 662 2332 734 mercede,

240 763 353 824 per
384 748 621 821 tegulas
646 745 1046 807 demitterere.
1078 743 1247 819 Quae
1261 742 1490 818 flagitia
1511 746 1730 805 domus
1758 743 1862 804 illa
1891 742 2120 807 diutius
2151 744 2326 805 terre

238 847 363 892 non
410 828 624 905 potuit.
722 826 941 889 Scisne
985 844 1082 889 me
1128 828 1207 889 de
1246 828 1432 887 rebus
1471 824 1618 888 mihi
1661 824 1998 889 notissimis
2051 825 2336 887 dicere?

236 914 590 977 Recordare
628 923 869 989 tempus
897 911 1074 982 illud,
1120 926 1307 985 quum
1343 907 1723 985 pater‘Curio
1754 924 2036 970 maerens
2061 909 2324 971 iacebat

238 996 302 1060 in
332 999 519 1059 lectoz
558 995 722 1059 iilius
758 1010 833 1055 se
866 993 949 1055 ad
989 994 1183 1069 pedes
1212 1007 1386 1055 meos
1417 998 1842 1067 prosternens,
1863 992 2218 1065 lacrimans,
2251 1002 2332 1053 te·

236 1078 385 1143 mihi
413 1077 903 1141 commendabat=
935 1075 1167 1149 orabat,
1200 1083 1268 1137 ιιι
1292 1084 1353 1135 te
1382 1082 1594 1137 contra
1623 1092 1804 1137 suum
1833 1082 2088 1151 patrem,
2127 1074 2190 1137 si
2210 1092 2314 1137 se-

238 1160 514 1227 stertium
548 1159 876 1237 sexagiens
901 1166 1150 1235 peteret,
1184 1155 1608 1219 defenderem
1637 1165 1866 1219 tantum
1895 1156 2056 1219 enim
2085 1174 2165 1219 se
2193 1173 2317 1233 pro

236 1254 300 1307 te
338 1244 766 1307 intercessisse
807 1242 1066 1304 dicebat.
1150 1242 1296 1316 Ipse
1335 1249 1536 1302 autem
1574 1256 1782 1303 amore
1822 1241 2049 1303 ardens
2080 1241 2316 1303 confir-

238 1328 471 1399 mabat,
518 1327 688 1403 quod
718 1324 1085 1387 desiderium
1128 1324 1215 1386 tui
1261 1322 1502 1385 discidii
1524 1324 1682 1387 ferre
1709 1338 1832 1385 non
1863 1333 2113 1404 posset,
2143 1338 2214 1385 se
2249 1324 2325 1383 in:

238 1408 523 1471 exsilium
560 1408 800 1471 iturum.
884 1407 986 1469 46.
1018 1406 1151 1480 Quo
1178 1415 1455 1482 tempore
1484 1422 1600 1481 ego
1630 1415 1858 1481 quanta
1888 1408 2050 1468 mala
2075 1405 2310 1468 floren-

239 1489 511 1553 tissImae
542 1488 806 1550 familiae
832 1488 1046 1550 sedavi
1073 1490 1177 1549 vel
1204 1486 1413 1565 potius
1439 1488 1875 1553 sustulitPatri
1903 1490 2211 1567 persuasi,
2241 1500 2320 1552 ut.

240 1589 355 1637 aes
380 1572 642 1635 alienum
664 1568 772 1633 filii
795 1570 1189 1633 dissolvet-‘etz
1220 1570 1546 1633 redimeret
1566 1573 2040 1645 adolescentem,
2065 1589 2312 1633 summa·

240 1671 359 1733 spe
390 1664 452 1719 et
478 1654 662 1716 animi
692 1662 755 1715 et
778 1652 1005 1729 ingenii
1039 1654 1401 1730 praeditum,
1432 1654 1525 1717 rei
1557 1653 1868 1717 familiaris
1899 1655 2298 1718 facultatibus

240 1754 505 1817 eumque
522 1754 650 1801 non
678 1736 867 1799 modo
891 1743 998 1799 tua
1023 1736 1459 1811 familiaritate,
1495 1739 1610 1799 sed
1650 1738 1831 1800 etiam
1859 1737 2310 1815 congressione

239 1822 436 1899 patrio
478 1822 611 1884 iure
649 1828 711 1883 et
748 1827 1049 1897 potestate
1094 1820 1458 1897 prohiberet.
1545 1820 1710 1883 Haec
1752 1830 1818 1882 tu
1849 1838 2038 1897 quum
2067 1836 2181 1899 per
2205 1838 2309 1881 me
2424 1818 2425 1845 ¹

238 1914 375 1967 acta
402 1902 819 1975 meminisses,
852 1902 971 1965 nisi
997 1902 1137 1977 illis,
1170 1918 1331 1979 quos
1361 1904 1658 1978 videmus,
1686 1902 1904 1978 gladiis
1935 1902 2302 1976 confideres

240 1987 579 2051 maledictis
630 2002 728 2048 me
780 2001 1124 2063 provocare
1162 2002 1356 2049 ausus
1395 1993 1619 2049 esses?
1672 1984 1826 2047 XIX.
1870 1980 1972 2049 47.
2015 1982 2142 2047 Sed
2179 1986 2302 2047 iam
2422 2024 2423 2049 t

240 2077 450 2147 stupra
482 2078 545 2133 et
563 2068 792 2145 flagitia
818 2068 1181 2144 omittamuS,
1212 2077 1356 2131 sunt
1374 2070 1692 2145 quaedam,
1722 2085 1881 2144 quae
1899 2070 2158 2131 honeste
2179 2086 2308 2131 non
2421 2050 2423 2154 1

240 2169 497 2231 possum
524 2152 759 2215 dicere=
789 2160 856 2215 tu
884 2160 1087 2215 autem
1114 2168 1191 2213 eo
1220 2152 1484 2226 liberior,
1517 2154 1687 2229 quod
1705 2168 1780 2213 ea
1807 2153 1868 2212 in
1899 2162 1958 2215 te
1978 2151 2300 2221 admisisti,

240 2251 401 2313 quae
427 2252 469 2297 a
496 2235 841 2298 verecundo
868 2234 1119 2297 inimico
1134 2234 1349 2296 audire
1374 2250 1500 2296 non
1533 2250 1774 2310 posses.
1839 2234 1966 2297 Sed
1997 2232 2308 2311 reliquum

244 2319 399 2382 vitae
427 2333 672 2382 cursum
708 2316 937 2381 videte:
968 2332 1149 2395 quem
1172 2314 1420 2395 quidem
1444 2317 1721 2379 celeriter
1748 2319 2169 2397 perstringam.
2203 2318 2306 2379 Ao
2419 2358 2421 2426 A

236 2398 394 2463 haec
426 2398 624 2471 enim,
660 2399 907 2474 quaein
940 2400 1101 2463 civili
1130 2400 1322 2473 bello,
1367 2400 1430 2463 in
1459 2400 1739 2464 maximis
1763 2400 1855 2483 rei
1882 2396 2165 2479 publicae
2193 2400 2303 2463 mi·

238 2481 419 2545 seriis
442 2480 602 2553 tecit,
630 2482 795 2567 etad
814 2497 907 2555 ea,
940 2498 1099 2558 quae
1118 2480 1342 2545 cotidie
1376 2483 1538 2555 facit,
1561 2485 1807 2547 festinat
1827 2482 2089 2547 animus.
2136 2482 2312 2557 Quae

235 2573 401 2640 peto,
438 2572 518 2639 ut,
549 2579 916 2641 quamquam
950 2566 1136 2627 multo
1167 2566 1408 2629 notiora
1430 2566 1607 2628 vobis
1643 2583 1825 2644 quam
1853 2562 2000 2629 mihi
2028 2575 2188 2635 sunt,
2216 2576 2299 2627 ta·

237 2662 395 2723 men,
417 2656 487 2711 ut
514 2647 730 2722 facitis,
757 2653 984 2711 attente
1010 2647 1293 2733 audiatIs.
1347 2648 1542 2713 Debet
1571 2648 1732 2713 enim
1763 2648 1988 2712 talibus
2023 2648 2092 2711 in
2117 2649 2310 2710 rebus
2418 2664 2419 2698 ÷

236 2733 503 2794 excitare
531 2731 770 2794 animos
802 2748 923 2793 non
954 2729 1219 2807 cognitio
1251 2732 1449 2795 solum
1476 2748 1707 2807 rerum,
1749 2732 1864 2793 sed
1891 2732 2070 2793 etiam
2097 2746 2300 2792 recor·

236 2813 421 2876 datio:
480 2812 599 2874 etsi
651 2812 994 2876 incidamus
1049 2818 1303 2891 oportet
1353 2808 1591 2885 media,
1645 2826 1727 2873 ne
1779 2811 1958 2873 nimis
2013 2828 2158 2873 sero
2221 2813 2304 2874 ad
2416 2868 2417 2895 ζ

235 2901 509 2956 extrema
536 2895 874 2959 veniamus.
2415 2898 2417 2957 l

348 2976 451 3039 48.
486 2976 738 3037 Intimus
770 2986 902 3043 erat
930 2976 994 3039 in
1024 2977 1329 3043 tribunatu
1357 2978 1592 3055 clodio,
1618 2978 1725 3057 qui
1755 2998 1870 3047 sua
1903 2994 2050 3061 erga
2075 2995 2173 3043 me
2187 2980 2292 3041 be·

234 3058 456 3120 neiicia
503 3069 964 3123 commemorat=
998 3060 1133 3123 eius
1175 3061 1443 3124 omnium
1488 3062 1908 3126 incendiorum
1949 3064 2084 3135 tax,
2127 3063 2304 3123 cuius

234 3140 416 3201 etiam
452 3141 617 3204 domi
645 3142 761 3201 iam
788 3149 913 3207 tum
946 3142 1236 3219 quiddam
1264 3143 1508 3207 molitus
1541 3154 1655 3211 est.
1742 3144 1900 3219 Quid
1929 3146 2128 3211 dicam
2162 3143 2302 3220 ipse
2413 3172 2415 3242 ἢ

235 3223 466 3296 optime
499 3223 796 3299 intelligit.
866 3224 1019 3289 Inde
1047 3224 1163 3287 iter
1181 3226 1631 3290 Alexandream
1660 3237 1876 3293 contra
1908 3236 2162 3293 senatus
2194 3243 2289 3287 au·

233 3302 601 3375 ctoritatem,
647 3312 858 3367 contra
898 3321 1027 3366 rem
1073 3306 1380 3383 publicam
1409 3316 1469 3370 et
1495 3310 1854 3387 religionesz
1897 3310 2012 3373 sed
2038 3308 2298 3371 habebat
2411 3302 2413 3355 ἓ

232 3380 457 3443 ducem
483 3384 831 3459 Gabinium,
874 3386 1122 3463 quicum
1164 3390 1410 3465 quidvis
1448 3391 1790 3455 rectissime
1816 3392 2021 3469 tacere
2061 3400 2291 3468 posset.
2411 3356 2414 3512 Ι

2401 3606 2412 3761 l
