2459 3817
780 228 943 287 CAP.
986 237 1246 289 23—25.
1290 235 1341 293 s.
1385 240 1538 289 50-
1561 236 1646 291 56.
2152 230 2234 295 83

186 394 541 453 numquam,
572 378 807 437 occulte
842 378 1224 450 auferebant,
1279 388 1339 439 et
1365 377 1407 438 ii
1433 387 1631 439 tamen
1657 377 2232 438 condemnabantur.

184 460 287 531 Et,
324 460 379 518 si
410 457 733 533 quaeritis,
773 468 838 519 ut
859 458 997 533 ipse
1024 461 1105 519 de
1134 475 1232 520 me
1262 460 1604 533 detraham,
1637 459 1778 520 illos
1821 476 1938 535 ego
1979 475 2230 519 accusa-

185 550 351 601 tores
377 547 524 616 puto
556 538 779 613 misse,
826 540 931 615 qui
985 539 1119 602 eius
1166 540 1334 602 modi
1372 540 1679 602 hominum
1712 542 1868 602 furta
1895 543 2088 602 odore
2127 550 2232 601 aut

185 620 389 696 aliquo
438 620 653 682 leviter
699 636 918 696 presso
975 622 1232 697 vestigio
1286 624 1828 698 persequebantur.
1909 624 2060 683 Nam
2113 640 2230 685 nes

188 703 429 777 quidem
460 702 607 779 quid
636 704 889 763 facimus
921 703 982 763 in
1010 705 1238 778 Verre,
1293 722 1472 781 quem
1519 708 1581 765 in
1623 706 1748 767 luto
1779 707 2106 767 volutatum
2137 714 2212 765 to

185 784 305 845 tius
336 786 613 861 corporis
658 784 934 861 vestigiis
975 786 1362 847 invenimus?
1413 787 1809 861 Permagnam
1849 794 1946 847 est
1982 787 2042 847 in
2089 804 2223 847 eum

186 868 387 927 dicere
418 864 679 941 aliquid,
717 866 821 941 qui
858 867 1265 943 praeteriens,
1304 868 1520 929 lectica
1559 868 1890 943 paullisper
1930 868 2231 943 deposita,

186 964 307 1009 non
342 964 454 1023 per
476 947 875 1025 praestigias,
924 950 1035 1009 sed
1064 953 1263 1024 palam
1299 965 1412 1024 per
1441 956 1832 1025 potestatem,
1877 966 1997 1009 uno
2042 950 2230 1023 impe-

182 1030 307 1105 rio,
354 1030 615 1091 ostiatim
661 1038 846 1089 totum
884 1030 1181 1105 oppidum
1220 1031 1680 1107 compilaverit?
1743 1032 1838 1091 Ac
1885 1039 2111 1103 tamen,
2167 1039 2232 1091 ut

183 1120 401 1188 posset
438 1112 641 1171 dicere
672 1128 743 1171 se
776 1113 1032 1185 emisse,
1084 1114 1472 1187 Archagatho
1513 1113 1800 1187 imperat,
1851 1122 1917 1173 ut
1957 1112 2078 1172 illis
2123 1112 2232 1171 ali-

186 1194 336 1268 quid
349 1238 365 1265 ,
396 1208 653 1266 quorum
687 1198 1001 1265 argentum
1040 1196 1264 1267 ruerat,
1297 1197 1680 1255 numulorum
1721 1194 1875 1253 dicis
1909 1210 2097 1255 causa
2123 1195 2230 1253 da-

180 1282 297 1333 ret.
365 1272 603 1331 Invenit
645 1273 1069 1347 Archagathus
1122 1291 1358 1349 paucos
1397 1275 1502 1351 qui
1541 1276 1764 1335 vellent
1801 1275 2112 1351 accipere=
2153 1276 2229 1336 iis

185 1354 374 1415 dedit.
432 1353 558 1413 Eos
588 1368 808 1414 numos
845 1364 1039 1415 tamen
1067 1356 1185 1416 iste
1210 1357 1594 1432 Archagatho
1629 1371 1753 1416 non
1779 1358 2060 1419 reddidit.
2105 1358 2202 1418 Vo

181 1436 293 1497 ruit
315 1438 549 1496 Romae
579 1444 861 1511 repetere
892 1436 1347 1513 Archagathus:
1391 1439 1495 1499 cn.
1521 1440 1812 1500 Lentulus
1838 1440 2227 1501 Marcellinus

183 1516 505 1591 dissuasit,
549 1518 707 1578 sicut
737 1518 940 1592 ipsum
968 1518 1171 1581 dicere
1195 1520 1468 1582 audistis.
1522 1522 1734 1583 Recita
1759 1522 2129 1598 Archagathi
2167 1528 2232 1582 et

180 1600 414 1660 Lentuli
444 1599 867 1663 testimonium.

349 1681 449 1742 54.
507 1683 609 1756 Et,
634 1698 713 1742 ne
742 1684 894 1745 forte
920 1683 1226 1744 hominem
1255 1684 1612 1745 existimetis
1654 1685 1812 1745 hanc
1839 1694 2063 1745 tantam
2103 1684 2226 1743 vim

183 1764 599 1824 emblematum
630 1764 764 1825 sine
792 1780 979 1825 causa
1018 1782 1384 1833 coacervare
1426 1765 1729 1838 voluisse,
1775 1764 1977 1825 videte
2021 1764 2229 1839 quanti

182 1862 329 1917 vos,
377 1845 583 1920 quanti
611 1845 1116 1907 existimationem
1147 1847 1359 1920 populi
1391 1843 1678 1914 Romani,
1717 1845 1926 1919 quanti
1966 1846 2134 1920 leges
2168 1855 2229 1906 et

181 1926 405 1988 iudicia
428 1972 443 1999 ‚
508 1926 715 2002 quanti
769 1936 957 1987 testes
1004 1926 1276 2005 SiculoS,
1309 1929 1716 2002 negotiatores
1795 1926 2020 1989 fecerit.
2114 1928 2228 1988 Po·

184 2014 315 2069 stea
344 2008 527 2085 quam
558 2016 784 2069 tantam
829 2008 1264 2069 multitudinem
1310 2009 1636 2083 collegerat
1674 2010 2092 2071 emblematum
2108 2056 2123 2083 ‚
2162 2020 2229 2071 ut

183 2108 261 2150 ne
286 2107 471 2151 unum
500 2090 748 2166 quidem
782 2090 1066 2165 cuiquam
1086 2089 1468 2165 reliquisset,
1502 2090 1757 2153 instituit
1781 2092 2086 2153 officinam
2110 2091 2225 2170 Sy-

182 2172 420 2233 racusis
448 2171 511 2232 in
532 2172 704 2247 regia
726 2172 1067 2233 max-imam.
1128 2172 1329 2232 Palam
1371 2172 1636 2233 artifices
1679 2190 1892 2239 omnes
1907 2219 1923 2248 ‚
1965 2175 2226 2235 caelato·

179 2270 282 2314 res
316 2270 389 2315 ac
417 2254 824 2327 vascularioS,
856 2254 1185 2316 convocari
1210 2254 1404 2328 iubet,
1433 2264 1495 2315 et
1525 2254 1662 2329 ipse
1694 2270 1844 2317 suos
1879 2256 2224 2331 complures

181 2336 461 2396 habebat.
536 2336 662 2397 Eos
703 2336 1040 2411 concludit,
1086 2352 1366 2416 magnam
1413 2336 1725 2398 hominum
1767 2334 2224 2397 multitudinem.
2281 2342 2290 2350 ·

179 2418 429 2479 Menses
463 2426 603 2479 octo
646 2417 968 2479 continuos
1000 2418 1097 2478 his
1131 2436 1292 2494 opus
1315 2432 1438 2479 non
1465 2420 1685 2493 defuit,
1729 2436 1918 2494 quum
1947 2433 2062 2477 vas
2092 2420 2224 2478 nul-

181 2502 303 2560 lum
354 2500 528 2561 fieret
571 2499 692 2561 nisi
738 2516 1006 2561 aureum.
1064 2500 1215 2561 Tum
1255 2499 1385 2574 illa,
1434 2516 1514 2562 ex
1565 2500 1806 2577 patellis
1847 2507 1908 2561 et
1945 2498 2224 2561 turibulis

184 2599 342 2657 quae
369 2583 686 2656 evelleret,
726 2582 810 2643 ita
850 2583 1004 2642 scite
1032 2582 1093 2641 in
1125 2584 1328 2643 aureis
1355 2582 1595 2659 poculis
1628 2582 1924 2657 illigabat,
1968 2581 2052 2643 ita
2083 2591 2226 2657 apte

180 2665 241 2725 in
289 2663 561 2740 scaphiis
600 2663 803 2725 aureis
841 2663 1220 2737 includebat,
1249 2672 1318 2725 ut
1350 2680 1424 2723 ea
1451 2666 1531 2724 ad
1559 2664 1720 2724 illam
1749 2680 1876 2724 rem
1908 2674 2049 2725 nata
2077 2680 2222 2724 esse

180 2747 450 2807 diceres=
485 2745 622 2821 ipse
652 2754 850 2807 tamen
884 2753 1144 2821 praetor,
1190 2745 1296 2820 qui
1330 2763 1442 2807 sua
1469 2745 1781 2821 vigilantia
1809 2761 2022 2822 pacem
2051 2744 2112 2805 in
2129 2745 2221 2805 Si·

179 2828 317 2889 cilia
363 2826 509 2888 dicit
548 2827 772 2901 fuisse,
812 2827 872 2888 in
906 2829 1021 2888 hac
1050 2827 1298 2888 officina
1331 2826 1622 2889 maiorem
1650 2830 1880 2903 partem
1922 2827 2042 2887 diei
2085 2843 2222 2888 cum

177 2909 382 2971 tunica
413 2911 579 2986 pulla
612 2910 829 2970 sedere
858 2910 1095 2971 solebat
1132 2918 1193 2970 et
1218 2907 1424 2985 pallio.
1485 2910 1670 2970 XXV.
1725 2908 1825 2971 55.
1875 2910 2040 2970 Haec
2087 2926 2221 2983 ego,

175 2992 413 3053 iudices
431 3037 449 3066 ,
477 3007 601 3052 non
630 2992 915 3052 auderem
945 2993 1246 3067 proferre,
1277 2990 1344 3050 ni
1367 3007 1616 3052 vererer
1641 3008 1720 3053 ne
1749 2993 1904 3053 forte
1934 2992 2110 3067 plura
2143 2992 2222 3051 de

176 3074 295 3135 isto
323 3074 403 3133 ab
434 3071 568 3132 aliis
595 3072 655 3131 in
685 3087 970 3132 sermone
1007 3090 1189 3146 quam
1216 3088 1255 3131 a
1290 3089 1388 3133 me
1415 3075 1475 3133 in
1516 3073 1740 3136 iudicio
1773 3092 1888 3137 vos
1917 3072 2222 3137 audivisse

175 3154 483 3217 diceretis.
546 3153 691 3229 Quis
718 3153 885 3215 enim
916 3160 1012 3215 est
1050 3155 1157 3230 qui
1190 3154 1270 3214 de
1307 3152 1425 3215 hac
1466 3152 1741 3228 officina,
1785 3153 1892 3231 qui
1938 3154 2016 3214 de
2053 3153 2222 3211 vasis

175 3238 380 3298 aureis
395 3282 412 3311 ,
448 3236 553 3313 qui
587 3236 665 3297 de
693 3234 872 3298 istius
901 3234 1086 3311 pallio
1114 3236 1284 3311 pullo
1325 3252 1449 3296 non
1479 3234 1778 3297 audierit?
1835 3237 2025 3311 Quem
2045 3234 2221 3294 voles

176 3338 210 3379 e
239 3328 547 3381 conventu
562 3318 968 3397 Gyracusano
1001 3316 1194 3379 virum
1224 3318 1454 3379 bonum
1486 3316 1823 3377 nominato=
1857 3316 2220 3391 producamz

176 3420 355 3463 nemo
388 3402 499 3463 erit
530 3400 672 3477 quin
701 3402 821 3461 hoc
852 3417 921 3460 se
951 3399 1200 3460 audisse
1227 3408 1332 3459 aut
1355 3398 1586 3458 vidisse
1610 3397 1941 3534 dicag.*56.
1997 3396 2045 3455 0
2073 3404 2226 3456 tem·-
