<?xml version="1.0" encoding="UTF-8"?>
<!DOCTYPE html PUBLIC "-//W3C//DTD XHTML 1.0 Transitional//EN"
    "http://www.w3.org/TR/xhtml1/DTD/xhtml1-transitional.dtd">
<html xmlns="http://www.w3.org/1999/xhtml" xml:lang="en" lang="en">
 <head>
  <title>
</title>
<meta http-equiv="Content-Type" content="text/html;charset=utf-8" />
  <meta name='ocr-system' content='tesseract 3.04.00' />
  <meta name='ocr-capabilities' content='ocr_page ocr_carea ocr_par ocr_line ocrx_word'/>
</head>
<body>
  <div class='ocr_page' id='page_1' title='image "./mtulliiciceroni00klotgoog_0227.png"; bbox 0 0 2459 3817; ppageno 0'>
   <div class='ocr_carea' id='block_1_1' title="bbox 181 60 1752 133">
    <p class='ocr_par' dir='ltr' id='par_1_1' title="bbox 181 60 1752 133">
     <span class='ocr_line' id='line_1_1' title="bbox 181 60 1752 133; baseline -0.006 -1"><span class='ocrx_word' id='word_1_1' title='bbox 181 68 308 133; x_wconf 85' lang='lat'>216</span> <span class='ocrx_word' id='word_1_2' title='bbox 672 68 748 127; x_wconf 79' lang='lat' dir='ltr'>IN</span> <span class='ocrx_word' id='word_1_3' title='bbox 789 68 859 127; x_wconf 92' lang='lat' dir='ltr'>L.</span> <span class='ocrx_word' id='word_1_4' title='bbox 905 63 1332 129; x_wconf 87' lang='lat' dir='ltr'><strong>CATILINAM</strong></span> <span class='ocrx_word' id='word_1_5' title='bbox 1381 60 1666 125; x_wconf 89' lang='lat' dir='ltr'><strong>ORATIO</strong></span> <span class='ocrx_word' id='word_1_6' title='bbox 1705 64 1752 123; x_wconf 90' lang='lat'>1.</span> 
     </span>
    </p>
   </div>
   <div class='ocr_carea' id='block_1_2' title="bbox 176 226 2254 3386">
    <p class='ocr_par' dir='ltr' id='par_1_2' title="bbox 183 226 2252 807">
     <span class='ocr_line' id='line_1_2' title="bbox 183 226 2252 306; baseline -0.001 -13"><span class='ocrx_word' id='word_1_7' title='bbox 183 232 367 295; x_wconf 87' lang='lat' dir='ltr'>etiam</span> <span class='ocrx_word' id='word_1_8' title='bbox 396 232 577 294; x_wconf 90' lang='lat' dir='ltr'>bonis</span> <span class='ocrx_word' id='word_1_9' title='bbox 610 232 972 293; x_wconf 89' lang='lat' dir='ltr'>otiosorum.</span> <span class='ocrx_word' id='word_1_10' title='bbox 1016 231 1227 291; x_wconf 88' lang='lat' dir='ltr'>Habes</span> <span class='ocrx_word' id='word_1_11' title='bbox 1261 226 1366 289; x_wconf 88' lang='lat' dir='ltr'>ubi</span> <span class='ocrx_word' id='word_1_12' title='bbox 1393 234 1672 290; x_wconf 88' lang='lat' dir='ltr'>ostentes</span> <span class='ocrx_word' id='word_1_13' title='bbox 1696 228 1860 290; x_wconf 87' lang='lat' dir='ltr'>illam</span> <span class='ocrx_word' id='word_1_14' title='bbox 1882 236 2050 291; x_wconf 87' lang='lat' dir='ltr'>tuam</span> <span class='ocrx_word' id='word_1_15' title='bbox 2073 246 2252 306; x_wconf 87' lang='lat' dir='ltr'>prae-</span> 
     </span>
     <span class='ocr_line' id='line_1_3' title="bbox 185 311 2250 393; baseline -0.001 -16"><span class='ocrx_word' id='word_1_16' title='bbox 185 319 415 377; x_wconf 89' lang='lat' dir='ltr'>claram</span> <span class='ocrx_word' id='word_1_17' title='bbox 448 314 802 393; x_wconf 88' lang='lat' dir='ltr'>patientiam</span> <span class='ocrx_word' id='word_1_18' title='bbox 848 312 1060 387; x_wconf 82' lang='lat' dir='ltr'>famis,</span> <span class='ocrx_word' id='word_1_19' title='bbox 1102 312 1374 389; x_wconf 79' lang='lat' dir='ltr'>frigoriS,</span> <span class='ocrx_word' id='word_1_20' title='bbox 1417 311 1666 388; x_wconf 84' lang='lat' dir='ltr'>inopiae</span> <span class='ocrx_word' id='word_1_21' title='bbox 1705 329 1912 373; x_wconf 90' lang='lat' dir='ltr'>rerum</span> <span class='ocrx_word' id='word_1_22' title='bbox 1957 313 2250 387; x_wconf 88' lang='lat' dir='ltr'>omnium,</span> 
     </span>
     <span class='ocr_line' id='line_1_4' title="bbox 186 396 2248 477; baseline 0.001 -16"><span class='ocrx_word' id='word_1_23' title='bbox 186 400 411 477; x_wconf 89' lang='lat' dir='ltr'>quibus</span> <span class='ocrx_word' id='word_1_24' title='bbox 441 407 505 460; x_wconf 92' lang='lat' dir='ltr'>te</span> <span class='ocrx_word' id='word_1_25' title='bbox 533 397 710 460; x_wconf 85' lang='lat' dir='ltr'>brevi</span> <span class='ocrx_word' id='word_1_26' title='bbox 746 405 1032 473; x_wconf 88' lang='lat' dir='ltr'>tempore</span> <span class='ocrx_word' id='word_1_27' title='bbox 1074 399 1425 457; x_wconf 77' lang='lat' dir='ltr'>consectum</span> <span class='ocrx_word' id='word_1_28' title='bbox 1455 412 1600 457; x_wconf 90' lang='lat' dir='ltr'>esse</span> <span class='ocrx_word' id='word_1_29' title='bbox 1642 396 1896 457; x_wconf 86' lang='lat' dir='ltr'>senties.</span> <span class='ocrx_word' id='word_1_30' title='bbox 1955 396 2057 458; x_wconf 85' lang='lat'>27.</span> <span class='ocrx_word' id='word_1_31' title='bbox 2093 400 2248 463; x_wconf 79' lang='lat' dir='ltr'>Tan·</span> 
     </span>
     <span class='ocr_line' id='line_1_5' title="bbox 184 479 2250 559; baseline -0 -15"><span class='ocrx_word' id='word_1_32' title='bbox 184 490 311 544; x_wconf 91' lang='lat' dir='ltr'>tum</span> <span class='ocrx_word' id='word_1_33' title='bbox 344 482 611 559; x_wconf 80' lang='lat' dir='ltr'>profeci,</span> <span class='ocrx_word' id='word_1_34' title='bbox 650 497 835 557; x_wconf 90' lang='lat' dir='ltr'>quum</span> <span class='ocrx_word' id='word_1_35' title='bbox 877 488 941 541; x_wconf 90' lang='lat' dir='ltr'>te</span> <span class='ocrx_word' id='word_1_36' title='bbox 981 497 1019 541; x_wconf 89' lang='lat' dir='ltr'>a</span> <span class='ocrx_word' id='word_1_37' title='bbox 1049 482 1376 541; x_wconf 80' lang='lat' dir='ltr'><strong>consulatu</strong></span> <span class='ocrx_word' id='word_1_38' title='bbox 1404 479 1676 555; x_wconf 83' lang='lat' dir='ltr'>reppuli,</span> <span class='ocrx_word' id='word_1_39' title='bbox 1719 486 1788 541; x_wconf 92' lang='lat' dir='ltr'>ut</span> <span class='ocrx_word' id='word_1_40' title='bbox 1828 482 2006 541; x_wconf 85' lang='lat' dir='ltr'>exsul</span> <span class='ocrx_word' id='word_1_41' title='bbox 2040 480 2250 557; x_wconf 82' lang='lat' dir='ltr'>potius</span> 
     </span>
     <span class='ocr_line' id='line_1_6' title="bbox 186 563 2250 643; baseline -0.001 -16"><span class='ocrx_word' id='word_1_42' title='bbox 186 574 487 643; x_wconf 85' lang='lat' dir='ltr'>temptare</span> <span class='ocrx_word' id='word_1_43' title='bbox 518 583 699 640; x_wconf 88' lang='lat' dir='ltr'>quam</span> <span class='ocrx_word' id='word_1_44' title='bbox 735 566 953 627; x_wconf 85' lang='lat' dir='ltr'>consul</span> <span class='ocrx_word' id='word_1_45' title='bbox 982 580 1217 624; x_wconf 87' lang='lat' dir='ltr'>vexare</span> <span class='ocrx_word' id='word_1_46' title='bbox 1256 579 1390 623; x_wconf 88' lang='lat' dir='ltr'>rem</span> <span class='ocrx_word' id='word_1_47' title='bbox 1416 563 1726 639; x_wconf 84' lang='lat' dir='ltr'>publicam</span> <span class='ocrx_word' id='word_1_48' title='bbox 1753 580 2015 639; x_wconf 87' lang='lat' dir='ltr'>posses,</span> <span class='ocrx_word' id='word_1_49' title='bbox 2060 572 2250 641; x_wconf 89' lang='lat' dir='ltr'>atque</span> 
     </span>
     <span class='ocr_line' id='line_1_7' title="bbox 185 645 2249 727; baseline -0.001 -17"><span class='ocrx_word' id='word_1_50' title='bbox 185 660 253 711; x_wconf 91' lang='lat' dir='ltr'>ut</span> <span class='ocrx_word' id='word_1_51' title='bbox 280 649 370 723; x_wconf 90' lang='lat' dir='ltr'>id,</span> <span class='ocrx_word' id='word_1_52' title='bbox 404 651 570 723; x_wconf 91' lang='lat' dir='ltr'>quod</span> <span class='ocrx_word' id='word_1_53' title='bbox 606 656 702 711; x_wconf 89' lang='lat' dir='ltr'>est</span> <span class='ocrx_word' id='word_1_54' title='bbox 734 648 845 709; x_wconf 90' lang='lat' dir='ltr'>abs</span> <span class='ocrx_word' id='word_1_55' title='bbox 875 655 937 709; x_wconf 91' lang='lat' dir='ltr'>te</span> <span class='ocrx_word' id='word_1_56' title='bbox 969 650 1272 708; x_wconf 89' lang='lat' dir='ltr'>scelerate</span> <span class='ocrx_word' id='word_1_57' title='bbox 1303 655 1693 726; x_wconf 89' lang='lat' dir='ltr'>susceptum,</span> <span class='ocrx_word' id='word_1_58' title='bbox 1729 645 2112 709; x_wconf 83' lang='lat' dir='ltr'>latrocinium</span> <span class='ocrx_word' id='word_1_59' title='bbox 2140 665 2249 727; x_wconf 85' lang='lat' dir='ltr'>po-</span> 
     </span>
     <span class='ocr_line' id='line_1_8' title="bbox 183 730 2223 807; baseline -0.005 -11"><span class='ocrx_word' id='word_1_60' title='bbox 183 735 305 796; x_wconf 82' lang='lat' dir='ltr'>tius</span> <span class='ocrx_word' id='word_1_61' title='bbox 339 749 521 807; x_wconf 89' lang='lat' dir='ltr'>quam</span> <span class='ocrx_word' id='word_1_62' title='bbox 550 734 779 794; x_wconf 83' lang='lat' dir='ltr'>bellum</span> <span class='ocrx_word' id='word_1_63' title='bbox 810 730 1246 793; x_wconf 81' lang='lat' dir='ltr'>nominaretur.</span> <span class='ocrx_word' id='word_1_64' title='bbox 2212 755 2223 779; x_wconf 75' lang='grc' dir='ltr'><strong>ι</strong></span> 
     </span>
    </p>

    <p class='ocr_par' dir='ltr' id='par_1_3' title="bbox 176 812 2254 3386">
     <span class='ocr_line' id='line_1_9' title="bbox 348 812 2248 893; baseline -0.001 -14"><span class='ocrx_word' id='word_1_65' title='bbox 348 818 451 879; x_wconf 86' lang='lat' dir='ltr'>XI.</span> <span class='ocrx_word' id='word_1_66' title='bbox 495 816 697 890; x_wconf 91' lang='lat' dir='ltr'>Nunc,</span> <span class='ocrx_word' id='word_1_67' title='bbox 726 822 796 875; x_wconf 90' lang='lat' dir='ltr'>ut</span> <span class='ocrx_word' id='word_1_68' title='bbox 825 831 863 875; x_wconf 93' lang='lat' dir='ltr'>a</span> <span class='ocrx_word' id='word_1_69' title='bbox 895 832 1021 888; x_wconf 91' lang='lat' dir='ltr'>me,</span> <span class='ocrx_word' id='word_1_70' title='bbox 1051 822 1264 891; x_wconf 88' lang='lat' dir='ltr'>patres</span> <span class='ocrx_word' id='word_1_71' title='bbox 1295 812 1648 890; x_wconf 86' lang='lat' dir='ltr'>conscripti,</span> <span class='ocrx_word' id='word_1_72' title='bbox 1691 816 2018 889; x_wconf 89' lang='lat' dir='ltr'>quamdam</span> <span class='ocrx_word' id='word_1_73' title='bbox 2049 832 2248 893; x_wconf 89' lang='lat' dir='ltr'>prope</span> 
     </span>
     <span class='ocr_line' id='line_1_10' title="bbox 180 895 2249 981; baseline -0 -20"><span class='ocrx_word' id='word_1_74' title='bbox 180 900 405 962; x_wconf 89' lang='lat' dir='ltr'>iustam</span> <span class='ocrx_word' id='word_1_75' title='bbox 434 901 672 976; x_wconf 82' lang='lat' dir='ltr'>patriae</span> <span class='ocrx_word' id='word_1_76' title='bbox 701 898 1146 975; x_wconf 87' lang='lat' dir='ltr'>querimoniam</span> <span class='ocrx_word' id='word_1_77' title='bbox 1172 900 1452 960; x_wconf 86' lang='lat' dir='ltr'>detester</span> <span class='ocrx_word' id='word_1_78' title='bbox 1473 913 1546 957; x_wconf 90' lang='lat' dir='ltr'>ac</span> <span class='ocrx_word' id='word_1_79' title='bbox 1577 899 1896 973; x_wconf 86' lang='lat' dir='ltr'>deprecer,</span> <span class='ocrx_word' id='word_1_80' title='bbox 1925 895 2249 981; x_wconf 73' lang='lat' dir='ltr'>percipite,</span> 
     </span>
     <span class='ocr_line' id='line_1_11' title="bbox 184 980 2248 1061; baseline -0.001 -16"><span class='ocrx_word' id='word_1_81' title='bbox 184 1001 421 1061; x_wconf 83' lang='lat' dir='ltr'>quaeso</span> <span class='ocrx_word' id='word_1_82' title='bbox 440 1031 455 1059; x_wconf 91' lang='lat'>,</span> <span class='ocrx_word' id='word_1_83' title='bbox 500 985 823 1060; x_wconf 86' lang='lat' dir='ltr'>diligenter</span> <span class='ocrx_word' id='word_1_84' title='bbox 854 999 1014 1058; x_wconf 89' lang='lat' dir='ltr'>quae</span> <span class='ocrx_word' id='word_1_85' title='bbox 1045 982 1245 1043; x_wconf 88' lang='lat' dir='ltr'>dicam</span> <span class='ocrx_word' id='word_1_86' title='bbox 1286 989 1348 1043; x_wconf 91' lang='lat' dir='ltr'>et</span> <span class='ocrx_word' id='word_1_87' title='bbox 1379 998 1452 1042; x_wconf 85' lang='lat' dir='ltr'>ea</span> <span class='ocrx_word' id='word_1_88' title='bbox 1482 980 1730 1056; x_wconf 89' lang='lat' dir='ltr'>penitus</span> <span class='ocrx_word' id='word_1_89' title='bbox 1773 982 1988 1043; x_wconf 87' lang='lat' dir='ltr'>animis</span> <span class='ocrx_word' id='word_1_90' title='bbox 2021 983 2248 1044; x_wconf 85' lang='lat' dir='ltr'>vestris</span> 
     </span>
     <span class='ocr_line' id='line_1_12' title="bbox 183 1064 2250 1143; baseline -0.001 -13"><span class='ocrx_word' id='word_1_91' title='bbox 183 1069 615 1143; x_wconf 88' lang='lat' dir='ltr'>mentibusque</span> <span class='ocrx_word' id='word_1_92' title='bbox 640 1067 950 1129; x_wconf 86' lang='lat' dir='ltr'>mandate.</span> <span class='ocrx_word' id='word_1_93' title='bbox 1025 1064 1263 1127; x_wconf 89' lang='lat' dir='ltr'>Etenim</span> <span class='ocrx_word' id='word_1_94' title='bbox 1299 1065 1354 1125; x_wconf 90' lang='lat' dir='ltr'>si</span> <span class='ocrx_word' id='word_1_95' title='bbox 1386 1080 1624 1125; x_wconf 91' lang='lat' dir='ltr'>mecum</span> <span class='ocrx_word' id='word_1_96' title='bbox 1647 1064 1880 1140; x_wconf 88' lang='lat' dir='ltr'>patria,</span> <span class='ocrx_word' id='word_1_97' title='bbox 1923 1082 2084 1142; x_wconf 90' lang='lat' dir='ltr'>quae</span> <span class='ocrx_word' id='word_1_98' title='bbox 2106 1064 2250 1127; x_wconf 86' lang='lat' dir='ltr'>mihi</span> 
     </span>
     <span class='ocr_line' id='line_1_13' title="bbox 180 1148 2250 1226; baseline -0 -14"><span class='ocrx_word' id='word_1_99' title='bbox 180 1151 310 1213; x_wconf 85' lang='lat' dir='ltr'>vita</span> <span class='ocrx_word' id='word_1_100' title='bbox 343 1168 482 1214; x_wconf 90' lang='lat' dir='ltr'>mea</span> <span class='ocrx_word' id='word_1_101' title='bbox 511 1153 701 1213; x_wconf 89' lang='lat' dir='ltr'>multo</span> <span class='ocrx_word' id='word_1_102' title='bbox 736 1157 836 1211; x_wconf 90' lang='lat' dir='ltr'>est</span> <span class='ocrx_word' id='word_1_103' title='bbox 868 1150 1101 1222; x_wconf 87' lang='lat' dir='ltr'>carior,</span> <span class='ocrx_word' id='word_1_104' title='bbox 1130 1148 1184 1210; x_wconf 84' lang='lat' dir='ltr'>si</span> <span class='ocrx_word' id='word_1_105' title='bbox 1216 1156 1440 1211; x_wconf 90' lang='lat' dir='ltr'>cuncta</span> <span class='ocrx_word' id='word_1_106' title='bbox 1468 1148 1658 1221; x_wconf 88' lang='lat' dir='ltr'>Italia,</span> <span class='ocrx_word' id='word_1_107' title='bbox 1691 1148 1746 1210; x_wconf 89' lang='lat' dir='ltr'>si</span> <span class='ocrx_word' id='word_1_108' title='bbox 1778 1149 1976 1211; x_wconf 82' lang='lat' dir='ltr'>omnis</span> <span class='ocrx_word' id='word_1_109' title='bbox 2006 1166 2109 1211; x_wconf 89' lang='lat' dir='ltr'>res</span> <span class='ocrx_word' id='word_1_110' title='bbox 2140 1166 2250 1226; x_wconf 88' lang='lat' dir='ltr'>pu-</span> 
     </span>
     <span class='ocr_line' id='line_1_14' title="bbox 182 1230 2254 1312; baseline -0.001 -15"><span class='ocrx_word' id='word_1_111' title='bbox 182 1236 340 1297; x_wconf 90' lang='lat' dir='ltr'>blica</span> <span class='ocrx_word' id='word_1_112' title='bbox 361 1236 498 1311; x_wconf 88' lang='lat' dir='ltr'>[sic]</span> <span class='ocrx_word' id='word_1_113' title='bbox 512 1239 834 1312; x_wconf 89' lang='lat' dir='ltr'>loquatur:</span> <span class='ocrx_word' id='word_1_114' title='bbox 860 1235 969 1294; x_wconf 61' lang='grc' dir='ltr'>(Μ.</span> <span class='ocrx_word' id='word_1_115' title='bbox 986 1232 1160 1304; x_wconf 83' lang='lat' dir='ltr'>Tulli,</span> <span class='ocrx_word' id='word_1_116' title='bbox 1181 1233 1328 1309; x_wconf 88' lang='lat' dir='ltr'>quid</span> <span class='ocrx_word' id='word_1_117' title='bbox 1343 1230 1474 1307; x_wconf 88' lang='lat' dir='ltr'>agis</span> <span class='ocrx_word' id='word_1_118' title='bbox 1489 1232 1520 1292; x_wconf 64' lang='lat' dir='ltr'>f</span> <span class='ocrx_word' id='word_1_119' title='bbox 1543 1233 1718 1293; x_wconf 87' lang='lat' dir='ltr'>Tune</span> <span class='ocrx_word' id='word_1_120' title='bbox 1735 1248 1893 1306; x_wconf 90' lang='lat' dir='ltr'>eum,</span> <span class='ocrx_word' id='word_1_121' title='bbox 1912 1249 2094 1308; x_wconf 89' lang='lat' dir='ltr'>quem</span> <span class='ocrx_word' id='word_1_122' title='bbox 2109 1249 2254 1295; x_wconf 87' lang='lat' dir='ltr'>esse</span> 
     </span>
     <span class='ocr_line' id='line_1_15' title="bbox 182 1316 2244 1394; baseline -0.001 -16"><span class='ocrx_word' id='word_1_123' title='bbox 182 1321 421 1378; x_wconf 85' lang='lat' dir='ltr'>hostem</span> <span class='ocrx_word' id='word_1_124' title='bbox 456 1318 837 1394; x_wconf 86' lang='lat' dir='ltr'>comperisti,</span> <span class='ocrx_word' id='word_1_125' title='bbox 882 1334 1062 1392; x_wconf 91' lang='lat' dir='ltr'>quem</span> <span class='ocrx_word' id='word_1_126' title='bbox 1092 1319 1308 1377; x_wconf 89' lang='lat' dir='ltr'>ducem</span> <span class='ocrx_word' id='word_1_127' title='bbox 1338 1318 1480 1379; x_wconf 89' lang='lat' dir='ltr'>belli</span> <span class='ocrx_word' id='word_1_128' title='bbox 1521 1318 1784 1379; x_wconf 80' lang='lat' dir='ltr'>futurum</span> <span class='ocrx_word' id='word_1_129' title='bbox 1813 1316 2020 1389; x_wconf 88' lang='lat' dir='ltr'>vides,</span> <span class='ocrx_word' id='word_1_130' title='bbox 2063 1332 2244 1392; x_wconf 89' lang='lat' dir='ltr'>quem</span> 
     </span>
     <span class='ocr_line' id='line_1_16' title="bbox 188 1398 2244 1475; baseline -0.001 -14"><span class='ocrx_word' id='word_1_131' title='bbox 188 1401 533 1474; x_wconf 86' lang='lat' dir='ltr'>exspectari</span> <span class='ocrx_word' id='word_1_132' title='bbox 574 1399 1000 1473; x_wconf 88' lang='lat' dir='ltr'>imperatorem</span> <span class='ocrx_word' id='word_1_133' title='bbox 1032 1398 1094 1458; x_wconf 91' lang='lat' dir='ltr'>in</span> <span class='ocrx_word' id='word_1_134' title='bbox 1136 1399 1354 1461; x_wconf 87' lang='lat' dir='ltr'>castris</span> <span class='ocrx_word' id='word_1_135' title='bbox 1385 1399 1648 1461; x_wconf 90' lang='lat' dir='ltr'>hostium</span> <span class='ocrx_word' id='word_1_136' title='bbox 1685 1400 1906 1475; x_wconf 80' lang='lat' dir='ltr'>sentiS,</span> <span class='ocrx_word' id='word_1_137' title='bbox 1935 1408 2244 1461; x_wconf 85' lang='lat' dir='ltr'>auctorem</span> 
     </span>
     <span class='ocr_line' id='line_1_17' title="bbox 186 1480 2248 1557; baseline 0 -15"><span class='ocrx_word' id='word_1_138' title='bbox 186 1480 473 1555; x_wconf 88' lang='lat' dir='ltr'>sceleris,</span> <span class='ocrx_word' id='word_1_139' title='bbox 524 1480 861 1557; x_wconf 88' lang='lat' dir='ltr'>principem</span> <span class='ocrx_word' id='word_1_140' title='bbox 892 1481 1358 1557; x_wconf 86' lang='lat' dir='ltr'>coniurationis,</span> <span class='ocrx_word' id='word_1_141' title='bbox 1412 1493 1800 1545; x_wconf 85' lang='lat' dir='ltr'>evocatorem</span> <span class='ocrx_word' id='word_1_142' title='bbox 1840 1499 2158 1545; x_wconf 87' lang='lat' dir='ltr'>servorum</span> <span class='ocrx_word' id='word_1_143' title='bbox 2189 1490 2248 1543; x_wconf 89' lang='lat' dir='ltr'>et</span> 
     </span>
     <span class='ocr_line' id='line_1_18' title="bbox 185 1562 2248 1640; baseline 0 -17"><span class='ocrx_word' id='word_1_144' title='bbox 185 1562 407 1624; x_wconf 87' lang='lat' dir='ltr'>civium</span> <span class='ocrx_word' id='word_1_145' title='bbox 438 1564 843 1639; x_wconf 87' lang='lat' dir='ltr'>perditorum,</span> <span class='ocrx_word' id='word_1_146' title='bbox 876 1562 1045 1625; x_wconf 76' lang='lat' dir='ltr'>exire</span> <span class='ocrx_word' id='word_1_147' title='bbox 1079 1564 1312 1640; x_wconf 89' lang='lat' dir='ltr'>patiere</span> <span class='ocrx_word' id='word_1_148' title='bbox 1331 1611 1348 1639; x_wconf 94' lang='lat'>,</span> <span class='ocrx_word' id='word_1_149' title='bbox 1379 1574 1448 1627; x_wconf 93' lang='lat' dir='ltr'>ut</span> <span class='ocrx_word' id='word_1_150' title='bbox 1485 1567 1596 1627; x_wconf 88' lang='lat' dir='ltr'>abs</span> <span class='ocrx_word' id='word_1_151' title='bbox 1627 1576 1687 1629; x_wconf 91' lang='lat' dir='ltr'>te</span> <span class='ocrx_word' id='word_1_152' title='bbox 1717 1584 1841 1629; x_wconf 91' lang='lat' dir='ltr'>non</span> <span class='ocrx_word' id='word_1_153' title='bbox 1873 1566 2138 1627; x_wconf 91' lang='lat' dir='ltr'>emissus</span> <span class='ocrx_word' id='word_1_154' title='bbox 2167 1581 2248 1625; x_wconf 75' lang='lat' dir='ltr'>ex</span> 
     </span>
     <span class='ocr_line' id='line_1_19' title="bbox 184 1645 2246 1720; baseline 0 -13"><span class='ocrx_word' id='word_1_155' title='bbox 184 1646 354 1720; x_wconf 85' lang='lat' dir='ltr'>urbe,</span> <span class='ocrx_word' id='word_1_156' title='bbox 388 1648 500 1708; x_wconf 89' lang='lat' dir='ltr'>sed</span> <span class='ocrx_word' id='word_1_157' title='bbox 542 1646 852 1709; x_wconf 89' lang='lat' dir='ltr'>immissus</span> <span class='ocrx_word' id='word_1_158' title='bbox 893 1645 955 1706; x_wconf 93' lang='lat' dir='ltr'>in</span> <span class='ocrx_word' id='word_1_159' title='bbox 999 1648 1213 1709; x_wconf 90' lang='lat' dir='ltr'>urbem</span> <span class='ocrx_word' id='word_1_160' title='bbox 1248 1665 1390 1709; x_wconf 91' lang='lat' dir='ltr'>esse</span> <span class='ocrx_word' id='word_1_161' title='bbox 1409 1648 1730 1709; x_wconf 79' lang='lat' dir='ltr'>videatur?</span> <span class='ocrx_word' id='word_1_162' title='bbox 1759 1650 1974 1709; x_wconf 89' lang='lat' dir='ltr'>Nonne</span> <span class='ocrx_word' id='word_1_163' title='bbox 1995 1650 2158 1709; x_wconf 91' lang='lat' dir='ltr'>hunc</span> <span class='ocrx_word' id='word_1_164' title='bbox 2185 1645 2246 1708; x_wconf 89' lang='lat' dir='ltr'>in</span> 
     </span>
     <span class='ocr_line' id='line_1_20' title="bbox 194 1729 2246 1808; baseline 0.001 -19"><span class='ocrx_word' id='word_1_165' title='bbox 194 1729 431 1791; x_wconf 69' lang='lat' dir='ltr'>vincula</span> <span class='ocrx_word' id='word_1_166' title='bbox 460 1730 620 1805; x_wconf 86' lang='lat' dir='ltr'>duci,</span> <span class='ocrx_word' id='word_1_167' title='bbox 651 1748 773 1792; x_wconf 90' lang='lat' dir='ltr'>non</span> <span class='ocrx_word' id='word_1_168' title='bbox 804 1732 884 1792; x_wconf 89' lang='lat' dir='ltr'>ad</span> <span class='ocrx_word' id='word_1_169' title='bbox 907 1740 1159 1793; x_wconf 87' lang='lat' dir='ltr'>mortem</span> <span class='ocrx_word' id='word_1_170' title='bbox 1190 1730 1344 1808; x_wconf 90' lang='lat' dir='ltr'>rapi,</span> <span class='ocrx_word' id='word_1_171' title='bbox 1373 1748 1494 1792; x_wconf 90' lang='lat' dir='ltr'>non</span> <span class='ocrx_word' id='word_1_172' title='bbox 1523 1747 1761 1792; x_wconf 88' lang='lat' dir='ltr'>summo</span> <span class='ocrx_word' id='word_1_173' title='bbox 1785 1730 2092 1807; x_wconf 88' lang='lat' dir='ltr'>supplicio</span> <span class='ocrx_word' id='word_1_174' title='bbox 2123 1748 2246 1792; x_wconf 85' lang='lat' dir='ltr'>ma·</span> 
     </span>
     <span class='ocr_line' id='line_1_21' title="bbox 184 1813 2246 1890; baseline 0 -17"><span class='ocrx_word' id='word_1_175' title='bbox 184 1814 332 1874; x_wconf 89' lang='lat' dir='ltr'>ctari</span> <span class='ocrx_word' id='word_1_176' title='bbox 365 1813 739 1890; x_wconf 69' lang='lat' dir='ltr'>imperabis?</span> <span class='ocrx_word' id='word_1_177' title='bbox 798 1814 900 1877; x_wconf 80' lang='lat'>28.</span> <span class='ocrx_word' id='word_1_178' title='bbox 936 1814 1091 1889; x_wconf 84' lang='lat' dir='ltr'>Quid</span> <span class='ocrx_word' id='word_1_179' title='bbox 1122 1816 1366 1875; x_wconf 89' lang='lat' dir='ltr'>tandem</span> <span class='ocrx_word' id='word_1_180' title='bbox 1396 1824 1455 1876; x_wconf 90' lang='lat' dir='ltr'>te</span> <span class='ocrx_word' id='word_1_181' title='bbox 1485 1814 1777 1890; x_wconf 69' lang='lat' dir='ltr'>impedit?</span> <span class='ocrx_word' id='word_1_182' title='bbox 1813 1816 2032 1875; x_wconf 90' lang='lat' dir='ltr'>Mosne</span> <span class='ocrx_word' id='word_1_183' title='bbox 2058 1814 2246 1875; x_wconf 87' lang='lat' dir='ltr'>maio-</span> 
     </span>
     <span class='ocr_line' id='line_1_22' title="bbox 182 1896 2248 1975; baseline 0 -18"><span class='ocrx_word' id='word_1_184' title='bbox 182 1904 359 1957; x_wconf 73' lang='lat' dir='ltr'>rum?</span> <span class='ocrx_word' id='word_1_185' title='bbox 416 1897 499 1957; x_wconf 90' lang='lat' dir='ltr'>At</span> <span class='ocrx_word' id='word_1_186' title='bbox 523 1914 830 1973; x_wconf 87' lang='lat' dir='ltr'>persaepe</span> <span class='ocrx_word' id='word_1_187' title='bbox 860 1897 1037 1959; x_wconf 90' lang='lat' dir='ltr'>etiam</span> <span class='ocrx_word' id='word_1_188' title='bbox 1066 1898 1288 1974; x_wconf 87' lang='lat' dir='ltr'>privati</span> <span class='ocrx_word' id='word_1_189' title='bbox 1318 1898 1377 1959; x_wconf 90' lang='lat' dir='ltr'>in</span> <span class='ocrx_word' id='word_1_190' title='bbox 1413 1900 1529 1959; x_wconf 91' lang='lat' dir='ltr'>hac</span> <span class='ocrx_word' id='word_1_191' title='bbox 1567 1914 1637 1959; x_wconf 87' lang='lat' dir='ltr'>re</span> <span class='ocrx_word' id='word_1_192' title='bbox 1670 1897 1917 1975; x_wconf 91' lang='lat' dir='ltr'>publica</span> <span class='ocrx_word' id='word_1_193' title='bbox 1943 1896 2248 1973; x_wconf 90' lang='lat' dir='ltr'>pernicio-</span> 
     </span>
     <span class='ocr_line' id='line_1_23' title="bbox 186 1976 2246 2059; baseline 0 -20"><span class='ocrx_word' id='word_1_194' title='bbox 186 1995 293 2039; x_wconf 90' lang='lat' dir='ltr'>sos</span> <span class='ocrx_word' id='word_1_195' title='bbox 328 1976 497 2039; x_wconf 87' lang='lat' dir='ltr'>cives</span> <span class='ocrx_word' id='word_1_196' title='bbox 530 1992 730 2043; x_wconf 85' lang='lat' dir='ltr'>morte</span> <span class='ocrx_word' id='word_1_197' title='bbox 774 1985 1207 2046; x_wconf 88' lang='lat' dir='ltr'>multaverunt.</span> <span class='ocrx_word' id='word_1_198' title='bbox 1307 1984 1406 2041; x_wconf 90' lang='lat' dir='ltr'>An</span> <span class='ocrx_word' id='word_1_199' title='bbox 1449 1983 1650 2057; x_wconf 83' lang='lat' dir='ltr'>leges,</span> <span class='ocrx_word' id='word_1_200' title='bbox 1699 1998 1858 2059; x_wconf 88' lang='lat' dir='ltr'>quae</span> <span class='ocrx_word' id='word_1_201' title='bbox 1901 1982 1980 2041; x_wconf 89' lang='lat' dir='ltr'>de</span> <span class='ocrx_word' id='word_1_202' title='bbox 2025 1979 2246 2042; x_wconf 86' lang='lat' dir='ltr'>civium</span> 
     </span>
     <span class='ocr_line' id='line_1_24' title="bbox 183 2060 2248 2140; baseline 0 -18"><span class='ocrx_word' id='word_1_203' title='bbox 183 2060 596 2122; x_wconf 86' lang='lat' dir='ltr'>Romanorum</span> <span class='ocrx_word' id='word_1_204' title='bbox 638 2061 939 2136; x_wconf 88' lang='lat' dir='ltr'>supplicio</span> <span class='ocrx_word' id='word_1_205' title='bbox 981 2074 1233 2138; x_wconf 88' lang='lat' dir='ltr'>rogatae</span> <span class='ocrx_word' id='word_1_206' title='bbox 1276 2072 1460 2126; x_wconf 68' lang='lat' dir='ltr'>sunt?</span> <span class='ocrx_word' id='word_1_207' title='bbox 1541 2067 1622 2126; x_wconf 89' lang='lat' dir='ltr'>At</span> <span class='ocrx_word' id='word_1_208' title='bbox 1667 2080 1996 2140; x_wconf 86' lang='lat' dir='ltr'>numquam</span> <span class='ocrx_word' id='word_1_209' title='bbox 2038 2064 2099 2124; x_wconf 92' lang='lat' dir='ltr'>in</span> <span class='ocrx_word' id='word_1_210' title='bbox 2130 2064 2248 2123; x_wconf 86' lang='lat' dir='ltr'>hac</span> 
     </span>
     <span class='ocr_line' id='line_1_25' title="bbox 182 2143 2246 2221; baseline 0 -16"><span class='ocrx_word' id='word_1_211' title='bbox 182 2144 332 2205; x_wconf 88' lang='lat' dir='ltr'>urbe</span> <span class='ocrx_word' id='word_1_212' title='bbox 367 2143 471 2221; x_wconf 90' lang='lat' dir='ltr'>qui</span> <span class='ocrx_word' id='word_1_213' title='bbox 500 2162 538 2205; x_wconf 90' lang='lat' dir='ltr'>a</span> <span class='ocrx_word' id='word_1_214' title='bbox 564 2160 631 2205; x_wconf 86' lang='lat' dir='ltr'>re</span> <span class='ocrx_word' id='word_1_215' title='bbox 662 2144 909 2220; x_wconf 91' lang='lat' dir='ltr'>publica</span> <span class='ocrx_word' id='word_1_216' title='bbox 942 2147 1298 2207; x_wconf 82' lang='lat' dir='ltr'>defecerunt</span> <span class='ocrx_word' id='word_1_217' title='bbox 1328 2146 1550 2207; x_wconf 87' lang='lat' dir='ltr'>civium</span> <span class='ocrx_word' id='word_1_218' title='bbox 1579 2148 1709 2208; x_wconf 90' lang='lat' dir='ltr'>iura</span> <span class='ocrx_word' id='word_1_219' title='bbox 1747 2156 2087 2209; x_wconf 87' lang='lat' dir='ltr'>tenuerunt.</span> <span class='ocrx_word' id='word_1_220' title='bbox 2149 2150 2246 2207; x_wconf 87' lang='lat' dir='ltr'>An</span> 
     </span>
     <span class='ocr_line' id='line_1_26' title="bbox 182 2226 2246 2307; baseline 0.001 -20"><span class='ocrx_word' id='word_1_221' title='bbox 182 2226 473 2288; x_wconf 88' lang='lat' dir='ltr'>invidiam</span> <span class='ocrx_word' id='word_1_222' title='bbox 516 2226 888 2305; x_wconf 82' lang='lat' dir='ltr'>posteritatis</span> <span class='ocrx_word' id='word_1_223' title='bbox 938 2226 1159 2289; x_wconf 68' lang='lat' dir='ltr'>times?</span> <span class='ocrx_word' id='word_1_224' title='bbox 1243 2230 1621 2291; x_wconf 85' lang='lat' dir='ltr'>Praeclaram</span> <span class='ocrx_word' id='word_1_225' title='bbox 1672 2248 1819 2292; x_wconf 85' lang='lat' dir='ltr'>vero</span> <span class='ocrx_word' id='word_1_226' title='bbox 1862 2234 2095 2307; x_wconf 89' lang='lat' dir='ltr'>populo</span> <span class='ocrx_word' id='word_1_227' title='bbox 2124 2232 2246 2291; x_wconf 89' lang='lat' dir='ltr'>Ro-</span> 
     </span>
     <span class='ocr_line' id='line_1_27' title="bbox 183 2310 2248 2390; baseline 0.001 -20"><span class='ocrx_word' id='word_1_228' title='bbox 183 2328 362 2371; x_wconf 88' lang='lat' dir='ltr'>mano</span> <span class='ocrx_word' id='word_1_229' title='bbox 395 2313 589 2373; x_wconf 75' lang='lat' dir='ltr'>refers</span> <span class='ocrx_word' id='word_1_230' title='bbox 621 2310 906 2387; x_wconf 85' lang='lat' dir='ltr'>gratiam,</span> <span class='ocrx_word' id='word_1_231' title='bbox 940 2310 1044 2387; x_wconf 91' lang='lat' dir='ltr'>qui</span> <span class='ocrx_word' id='word_1_232' title='bbox 1078 2320 1131 2373; x_wconf 90' lang='lat' dir='ltr'>te</span> <span class='ocrx_word' id='word_1_233' title='bbox 1159 2311 1464 2373; x_wconf 89' lang='lat' dir='ltr'>hominem</span> <span class='ocrx_word' id='word_1_234' title='bbox 1491 2330 1605 2390; x_wconf 83' lang='lat' dir='ltr'>per</span> <span class='ocrx_word' id='word_1_235' title='bbox 1631 2322 1691 2375; x_wconf 89' lang='lat' dir='ltr'>te</span> <span class='ocrx_word' id='word_1_236' title='bbox 1724 2314 2052 2390; x_wconf 87' lang='lat' dir='ltr'>cognitum,</span> <span class='ocrx_word' id='word_1_237' title='bbox 2081 2313 2248 2375; x_wconf 89' lang='lat' dir='ltr'>nulla</span> 
     </span>
     <span class='ocr_line' id='line_1_28' title="bbox 185 2394 2246 2473; baseline 0.002 -20"><span class='ocrx_word' id='word_1_238' title='bbox 185 2394 711 2455; x_wconf 87' lang='lat' dir='ltr'>commendatione</span> <span class='ocrx_word' id='word_1_239' title='bbox 740 2394 1063 2469; x_wconf 88' lang='lat' dir='ltr'>maiorum,</span> <span class='ocrx_word' id='word_1_240' title='bbox 1104 2404 1224 2456; x_wconf 87' lang='lat' dir='ltr'>tam</span> <span class='ocrx_word' id='word_1_241' title='bbox 1247 2403 1480 2457; x_wconf 87' lang='lat' dir='ltr'>mature</span> <span class='ocrx_word' id='word_1_242' title='bbox 1503 2398 1579 2458; x_wconf 87' lang='lat' dir='ltr'>ad</span> <span class='ocrx_word' id='word_1_243' title='bbox 1605 2414 1915 2458; x_wconf 87' lang='lat' dir='ltr'>summum·</span> <span class='ocrx_word' id='word_1_244' title='bbox 1929 2397 2246 2473; x_wconf 88' lang='lat' dir='ltr'>imperium</span> 
     </span>
     <span class='ocr_line' id='line_1_29' title="bbox 183 2479 2246 2556; baseline 0.002 -19"><span class='ocrx_word' id='word_1_245' title='bbox 183 2493 297 2551; x_wconf 90' lang='lat' dir='ltr'>per</span> <span class='ocrx_word' id='word_1_246' title='bbox 327 2493 541 2539; x_wconf 91' lang='lat' dir='ltr'>omnes</span> <span class='ocrx_word' id='word_1_247' title='bbox 570 2479 869 2538; x_wconf 89' lang='lat' dir='ltr'>honorum</span> <span class='ocrx_word' id='word_1_248' title='bbox 899 2479 1129 2554; x_wconf 89' lang='lat' dir='ltr'>gradus</span> <span class='ocrx_word' id='word_1_249' title='bbox 1158 2479 1402 2555; x_wconf 87' lang='lat' dir='ltr'>extulit,</span> <span class='ocrx_word' id='word_1_250' title='bbox 1444 2480 1498 2540; x_wconf 91' lang='lat' dir='ltr'>si</span> <span class='ocrx_word' id='word_1_251' title='bbox 1537 2490 1787 2556; x_wconf 89' lang='lat' dir='ltr'>propter</span> <span class='ocrx_word' id='word_1_252' title='bbox 1825 2481 2114 2541; x_wconf 87' lang='lat' dir='ltr'>invidiam</span> <span class='ocrx_word' id='word_1_253' title='bbox 2144 2488 2246 2541; x_wconf 87' lang='lat' dir='ltr'>aut</span> 
     </span>
     <span class='ocr_line' id='line_1_30' title="bbox 180 2558 2245 2640; baseline 0.001 -21"><span class='ocrx_word' id='word_1_254' title='bbox 180 2558 439 2619; x_wconf 88' lang='lat' dir='ltr'>alicuius</span> <span class='ocrx_word' id='word_1_255' title='bbox 474 2559 730 2635; x_wconf 88' lang='lat' dir='ltr'>periculi</span> <span class='ocrx_word' id='word_1_256' title='bbox 760 2569 981 2622; x_wconf 89' lang='lat' dir='ltr'>metum</span> <span class='ocrx_word' id='word_1_257' title='bbox 1014 2564 1271 2623; x_wconf 89' lang='lat' dir='ltr'>salutem</span> <span class='ocrx_word' id='word_1_258' title='bbox 1301 2562 1523 2624; x_wconf 80' lang='lat' dir='ltr'>civium</span> <span class='ocrx_word' id='word_1_259' title='bbox 1553 2571 1794 2625; x_wconf 90' lang='lat' dir='ltr'>tuorum</span> <span class='ocrx_word' id='word_1_260' title='bbox 1824 2564 2102 2640; x_wconf 82' lang='lat' dir='ltr'>negligis.</span> <span class='ocrx_word' id='word_1_261' title='bbox 2143 2563 2245 2625; x_wconf 78' lang='lat'>29.</span> 
     </span>
     <span class='ocr_line' id='line_1_31' title="bbox 182 2642 2245 2722; baseline 0.001 -19"><span class='ocrx_word' id='word_1_262' title='bbox 182 2642 307 2704; x_wconf 90' lang='lat' dir='ltr'>Sed</span> <span class='ocrx_word' id='word_1_263' title='bbox 336 2642 388 2703; x_wconf 89' lang='lat' dir='ltr'>si</span> <span class='ocrx_word' id='word_1_264' title='bbox 420 2642 559 2719; x_wconf 89' lang='lat' dir='ltr'>quis</span> <span class='ocrx_word' id='word_1_265' title='bbox 589 2652 685 2705; x_wconf 89' lang='lat' dir='ltr'>est</span> <span class='ocrx_word' id='word_1_266' title='bbox 717 2642 982 2706; x_wconf 88' lang='lat' dir='ltr'>invidiae</span> <span class='ocrx_word' id='word_1_267' title='bbox 1016 2654 1235 2722; x_wconf 79' lang='lat' dir='ltr'>metuS,</span> <span class='ocrx_word' id='word_1_268' title='bbox 1286 2664 1414 2711; x_wconf 90' lang='lat' dir='ltr'>non</span> <span class='ocrx_word' id='word_1_269' title='bbox 1448 2655 1542 2708; x_wconf 91' lang='lat' dir='ltr'>est</span> <span class='ocrx_word' id='word_1_270' title='bbox 1563 2646 1985 2709; x_wconf 85' lang='lat' dir='ltr'>vehementius</span> <span class='ocrx_word' id='word_1_271' title='bbox 2015 2644 2245 2708; x_wconf 88' lang='lat' dir='ltr'>severi·</span> 
     </span>
     <span class='ocr_line' id='line_1_32' title="bbox 180 2722 2243 2806; baseline 0.001 -19"><span class='ocrx_word' id='word_1_272' title='bbox 180 2724 321 2787; x_wconf 85' lang='lat' dir='ltr'>tatis</span> <span class='ocrx_word' id='word_1_273' title='bbox 350 2741 423 2785; x_wconf 90' lang='lat' dir='ltr'>ac</span> <span class='ocrx_word' id='word_1_274' title='bbox 454 2725 824 2789; x_wconf 84' lang='lat' dir='ltr'>fortitudinis</span> <span class='ocrx_word' id='word_1_275' title='bbox 858 2727 1089 2790; x_wconf 89' lang='lat' dir='ltr'>invidia</span> <span class='ocrx_word' id='word_1_276' title='bbox 1120 2747 1302 2806; x_wconf 91' lang='lat' dir='ltr'>quam</span> <span class='ocrx_word' id='word_1_277' title='bbox 1335 2729 1589 2792; x_wconf 89' lang='lat' dir='ltr'>inertiae</span> <span class='ocrx_word' id='word_1_278' title='bbox 1621 2746 1695 2790; x_wconf 92' lang='lat' dir='ltr'>ac</span> <span class='ocrx_word' id='word_1_279' title='bbox 1724 2722 2032 2805; x_wconf 78' lang='lat' dir='ltr'>nequitiae</span> <span class='ocrx_word' id='word_1_280' title='bbox 2064 2728 2243 2805; x_wconf 81' lang='lat' dir='ltr'>perti-</span> 
     </span>
     <span class='ocr_line' id='line_1_33' title="bbox 178 2811 2246 2888; baseline 0.002 -21"><span class='ocrx_word' id='word_1_281' title='bbox 178 2811 531 2869; x_wconf 89' lang='lat' dir='ltr'>mescenda.</span> <span class='ocrx_word' id='word_1_282' title='bbox 605 2813 699 2871; x_wconf 90' lang='lat' dir='ltr'>An</span> <span class='ocrx_word' id='word_1_283' title='bbox 734 2829 917 2888; x_wconf 88' lang='lat' dir='ltr'>quum</span> <span class='ocrx_word' id='word_1_284' title='bbox 947 2813 1109 2874; x_wconf 89' lang='lat' dir='ltr'>bello</span> <span class='ocrx_word' id='word_1_285' title='bbox 1144 2815 1479 2875; x_wconf 83' lang='lat' dir='ltr'>vastabitur</span> <span class='ocrx_word' id='word_1_286' title='bbox 1505 2813 1704 2886; x_wconf 86' lang='lat' dir='ltr'>Italia,</span> <span class='ocrx_word' id='word_1_287' title='bbox 1735 2815 2122 2875; x_wconf 87' lang='lat' dir='ltr'>vexabuntur</span> <span class='ocrx_word' id='word_1_288' title='bbox 2147 2829 2246 2872; x_wconf 91' lang='lat' dir='ltr'>ur·</span> 
     </span>
     <span class='ocr_line' id='line_1_34' title="bbox 179 2891 2246 2968; baseline 0.003 -17"><span class='ocrx_word' id='word_1_289' title='bbox 179 2891 324 2963; x_wconf 93' lang='lat' dir='ltr'>bes,</span> <span class='ocrx_word' id='word_1_290' title='bbox 353 2898 512 2954; x_wconf 85' lang='lat' dir='ltr'>tecta</span> <span class='ocrx_word' id='word_1_291' title='bbox 540 2895 864 2968; x_wconf 90' lang='lat' dir='ltr'>ardebunt,</span> <span class='ocrx_word' id='word_1_292' title='bbox 898 2905 1025 2958; x_wconf 90' lang='lat' dir='ltr'>tum</span> <span class='ocrx_word' id='word_1_293' title='bbox 1052 2906 1113 2957; x_wconf 89' lang='lat' dir='ltr'>te</span> <span class='ocrx_word' id='word_1_294' title='bbox 1140 2915 1264 2959; x_wconf 92' lang='lat' dir='ltr'>non</span> <span class='ocrx_word' id='word_1_295' title='bbox 1297 2899 1612 2959; x_wconf 86' lang='lat' dir='ltr'>existimas</span> <span class='ocrx_word' id='word_1_296' title='bbox 1647 2894 1914 2957; x_wconf 87' lang='lat' dir='ltr'>invidiae</span> <span class='ocrx_word' id='word_1_297' title='bbox 1959 2895 2246 2958; x_wconf 89' lang='lat' dir='ltr'>incendio</span> 
     </span>
     <span class='ocr_line' id='line_1_35' title="bbox 180 2973 2249 3056; baseline 0.002 -22"><span class='ocrx_word' id='word_1_298' title='bbox 180 2973 694 3049; x_wconf 85' lang='lat' dir='ltr'>conflagraturum</span> <span class='ocrx_word' id='word_1_299' title='bbox 706 2984 758 3037; x_wconf 72' lang='lat' dir='ltr'>‘e’</span> <span class='ocrx_word' id='word_1_300' title='bbox 791 2980 919 3038; x_wconf 89' lang='lat' dir='ltr'><strong>XII.</strong></span> <span class='ocrx_word' id='word_1_301' title='bbox 962 2979 1073 3041; x_wconf 91' lang='lat' dir='ltr'>His</span> <span class='ocrx_word' id='word_1_302' title='bbox 1106 2997 1222 3055; x_wconf 90' lang='lat' dir='ltr'>ego</span> <span class='ocrx_word' id='word_1_303' title='bbox 1256 2979 1660 3043; x_wconf 86' lang='lat' dir='ltr'>sanctissimis</span> <span class='ocrx_word' id='word_1_304' title='bbox 1689 2978 1778 3040; x_wconf 89' lang='lat' dir='ltr'>rei</span> <span class='ocrx_word' id='word_1_305' title='bbox 1825 2978 2107 3056; x_wconf 89' lang='lat' dir='ltr'>publicae</span> <span class='ocrx_word' id='word_1_306' title='bbox 2134 2996 2249 3039; x_wconf 89' lang='lat' dir='ltr'>vo-</span> 
     </span>
     <span class='ocr_line' id='line_1_36' title="bbox 180 3055 2248 3138; baseline 0.002 -20"><span class='ocrx_word' id='word_1_307' title='bbox 180 3055 355 3118; x_wconf 88' lang='lat' dir='ltr'>cibus</span> <span class='ocrx_word' id='word_1_308' title='bbox 389 3066 689 3119; x_wconf 87' lang='lat' dir='ltr'>eteorum</span> <span class='ocrx_word' id='word_1_309' title='bbox 720 3060 1065 3138; x_wconf 89' lang='lat' dir='ltr'>hominum,</span> <span class='ocrx_word' id='word_1_310' title='bbox 1114 3062 1219 3138; x_wconf 92' lang='lat' dir='ltr'>qui</span> <span class='ocrx_word' id='word_1_311' title='bbox 1248 3062 1366 3123; x_wconf 90' lang='lat' dir='ltr'>hoc</span> <span class='ocrx_word' id='word_1_312' title='bbox 1395 3063 1557 3124; x_wconf 90' lang='lat' dir='ltr'>idem</span> <span class='ocrx_word' id='word_1_313' title='bbox 1599 3061 1898 3137; x_wconf 89' lang='lat' dir='ltr'>sentiunt,</span> <span class='ocrx_word' id='word_1_314' title='bbox 1939 3061 2248 3124; x_wconf 88' lang='lat' dir='ltr'>mentibus</span> 
     </span>
     <span class='ocr_line' id='line_1_37' title="bbox 180 3143 2246 3221; baseline 0.002 -20"><span class='ocrx_word' id='word_1_315' title='bbox 180 3157 379 3216; x_wconf 88' lang='lat' dir='ltr'>pauca</span> <span class='ocrx_word' id='word_1_316' title='bbox 406 3143 819 3220; x_wconf 88' lang='lat' dir='ltr'>respondebo.</span> <span class='ocrx_word' id='word_1_317' title='bbox 904 3146 1068 3221; x_wconf 89' lang='lat' dir='ltr'>Ego,</span> <span class='ocrx_word' id='word_1_318' title='bbox 1111 3145 1165 3205; x_wconf 89' lang='lat' dir='ltr'>si</span> <span class='ocrx_word' id='word_1_319' title='bbox 1205 3146 1325 3206; x_wconf 91' lang='lat' dir='ltr'>hoc</span> <span class='ocrx_word' id='word_1_320' title='bbox 1369 3146 1661 3221; x_wconf 88' lang='lat' dir='ltr'>optimum</span> <span class='ocrx_word' id='word_1_321' title='bbox 1689 3149 1856 3208; x_wconf 84' lang='lat' dir='ltr'>factu</span> <span class='ocrx_word' id='word_1_322' title='bbox 1879 3145 2246 3220; x_wconf 86' lang='lat' dir='ltr'>iudicarem,</span> 
     </span>
     <span class='ocr_line' id='line_1_38' title="bbox 180 3225 2246 3304; baseline 0.001 -19"><span class='ocrx_word' id='word_1_323' title='bbox 180 3232 383 3299; x_wconf 89' lang='lat' dir='ltr'>patres</span> <span class='ocrx_word' id='word_1_324' title='bbox 412 3225 775 3302; x_wconf 89' lang='lat' dir='ltr'>conscripti,</span> <span class='ocrx_word' id='word_1_325' title='bbox 820 3227 1133 3289; x_wconf 81' lang='lat' dir='ltr'>Catilinam</span> <span class='ocrx_word' id='word_1_326' title='bbox 1182 3234 1384 3289; x_wconf 90' lang='lat' dir='ltr'>morte</span> <span class='ocrx_word' id='word_1_327' title='bbox 1426 3226 1699 3304; x_wconf 90' lang='lat' dir='ltr'>multari,</span> <span class='ocrx_word' id='word_1_328' title='bbox 1771 3228 1956 3296; x_wconf 85' lang='lat' dir='ltr'>unius</span> <span class='ocrx_word' id='word_1_329' title='bbox 1994 3244 2246 3289; x_wconf 86' lang='lat' dir='ltr'>usuram</span> 
     </span>
     <span class='ocr_line' id='line_1_39' title="bbox 176 3306 2245 3386; baseline 0.001 -19"><span class='ocrx_word' id='word_1_330' title='bbox 176 3306 368 3369; x_wconf 84' lang='lat' dir='ltr'>horae</span> <span class='ocrx_word' id='word_1_331' title='bbox 396 3310 720 3386; x_wconf 83' lang='lat' dir='ltr'>gladiatori</span> <span class='ocrx_word' id='word_1_332' title='bbox 746 3308 851 3372; x_wconf 85' lang='lat' dir='ltr'>isti</span> <span class='ocrx_word' id='word_1_333' title='bbox 876 3310 955 3373; x_wconf 87' lang='lat' dir='ltr'>ad</span> <span class='ocrx_word' id='word_1_334' title='bbox 984 3308 1314 3372; x_wconf 90' lang='lat' dir='ltr'>vivendum</span> <span class='ocrx_word' id='word_1_335' title='bbox 1355 3329 1476 3374; x_wconf 88' lang='lat' dir='ltr'>non</span> <span class='ocrx_word' id='word_1_336' title='bbox 1507 3313 1837 3374; x_wconf 89' lang='lat' dir='ltr'>dedissem.</span> <span class='ocrx_word' id='word_1_337' title='bbox 1924 3312 2162 3373; x_wconf 89' lang='lat' dir='ltr'>Etenim</span> <span class='ocrx_word' id='word_1_338' title='bbox 2193 3309 2245 3370; x_wconf 89' lang='lat' dir='ltr'>si</span> 
     </span>
    </p>
   </div>
  </div>
 </body>
</html>
