2459 3817
764 139 929 199 ΟΑΡ.
962 146 1220 203 17—19.
1266 144 1317 205 ς.
1344 147 1413 200 45
1432 174 1498 183 —
1520 148 1605 200 52.
2096 142 2217 207 157

165 290 352 366 igitur
394 304 472 349 ne
502 287 748 350 Clodius
779 288 1022 363 quidem
1051 290 1132 350 de
1157 286 1399 349 insidiis
1430 286 1746 363 cogitavit,
1789 290 2077 364 quoniam
2110 292 2220 354 ruit

162 373 228 435 in
255 372 494 433 Albano
523 387 866 432 mansurus,
951 370 1018 431 Si
1048 369 1293 447 quidem
1322 369 1595 431 exiturus
1628 372 1709 431 ad
1732 372 1979 431 caedem
2012 388 2051 433 e
2080 374 2219 434 villa

164 471 291 515 non
333 453 568 515 fuisset.
654 452 854 513 Video
898 454 1060 515 enim
1089 453 1287 525 illum,
1336 452 1441 526 qui
1480 452 1713 515 dicatur
1752 455 1831 513 de
1860 453 2003 532 Cyri
2027 464 2219 518 morte

163 535 512 607 nuntiasse,
573 552 692 596 non
734 535 796 597 id
842 536 1185 609 nuntiasse,
1231 536 1341 595 sed
1380 535 1664 597 Milonem
1704 536 2220 613 appropinquare.

161 621 314 681 Nam
355 618 500 695 quid
541 620 618 680 de
661 618 821 697 Cyro
865 618 1193 689 nuntiaret,
1237 634 1419 693 quem
1454 617 1701 679 Clodius
1742 620 1939 679 Roma
1978 622 2221 696 profici-

163 718 348 765 scens
369 703 698 778 reliquerat
716 701 1064 764 morientem
1076 708 1107 760 ἰ
1124 700 1262 761 Una
1285 700 1387 772 rui,
1404 706 1702 761 testamen
1710 708 1831 761 tum
1840 702 2030 779 [Cyri]
2042 705 2220 766 simul

163 783 486 860 obsignavi
543 800 680 845 cum
726 783 936 847 Olodio
952 807 968 840 ε
1031 791 1453 847 testamentum
1508 791 1711 843 autem
1748 785 1951 859 palam
1992 786 2229 850 fecerat·

165 880 228 933 et
254 870 418 932 illum
447 868 732 931 heredem
769 877 830 930 et
855 884 952 929 me
982 868 1330 942 scripserat.
1420 866 1609 940 Quem
1642 866 1835 941 pridie
1862 866 2013 929 hora
2046 869 2221 931 tertia

165 952 422 1015 animam
466 951 775 1012 efflantem
803 951 1184 1025 reliquisset,
1227 964 1367 1010 eum
1408 956 1711 1010 mortuum
1737 950 2034 1024 postridie
2066 952 2220 1012 hora

164 1034 402 1097 decima
429 1033 696 1107 denique
729 1034 788 1093 ei
815 1032 1241 1095 nuntiabatur?
1277 1033 1429 1092 XIX.
1451 1029 1554 1093 49.
1576 1033 1729 1106 Age,
1758 1032 1837 1092 sit
1854 1030 1937 1093 ita
1964 1035 2185 1095 factum
2202 1057 2219 1092 ε

156 1134 326 1193 ‘quae
354 1132 542 1177 causa
575 1132 686 1176 cur
709 1118 966 1177 Romam
997 1120 1395 1191 properaret?
1440 1113 1635 1175 curin
1665 1121 1905 1174 noctem
1928 1132 1999 1177 se
2032 1117 2218 1177 eonii·

164 1205 371 1261 cerei?
398 1195 552 1272 Quid
579 1198 894 1259 adferebat
914 1213 1160 1259 causam
1183 1194 1629 1259 festinationis?
1648 1195 1823 1270 Quod
1846 1196 2027 1258 heres
2054 1206 2221 1261 erat?

115 1282 120 1296 '
163 1281 422 1342 Primum
453 1288 582 1341 erat
611 1279 757 1340 nihil
786 1296 894 1342 cur
926 1288 1254 1356 properato
1288 1296 1445 1355 opus
1477 1287 1673 1339 essetz
1713 1278 1936 1341 deinde
1973 1280 2027 1341 si
2071 1282 2220 1356 quid

164 1371 348 1437 esset,
379 1362 530 1439 quid
551 1363 794 1423 tandem
813 1371 944 1425 erat
965 1364 1133 1438 quod
1159 1378 1237 1423 ea
1267 1370 1447 1423 nocte
1468 1360 1765 1437 consequi
1787 1372 2019 1438 posset,
2051 1364 2219 1425 amit-

163 1454 316 1507 teret
353 1454 586 1519 autem,
629 1444 683 1505 si
723 1445 1022 1522 postridie
1050 1446 1306 1507 Romam
1346 1459 1524 1505 mane
1564 1444 1879 1506 venisset?
1913 1448 2118 1522 Atque
2158 1456 2220 1507 ut

163 1527 250 1589 illi
279 1537 613 1591 nocturnus
641 1529 722 1588 ad
752 1529 963 1591 urbem
1001 1530 1305 1590 adventus
1343 1526 1629 1589 vitandus
1659 1527 1866 1602 potius
1897 1546 2078 1602 quam
2110 1545 2214 1589 ex-

165 1611 464 1685 petendus
493 1610 633 1684 fuit,
677 1610 766 1671 sic
791 1611 1036 1685 Miloni,
1070 1628 1256 1686 quum
1285 1609 1605 1671 insidiator
1628 1618 1827 1683 esset,
1858 1610 1913 1670 si
1945 1610 2110 1672 illum
2140 1612 2215 1671 ad

164 1694 374 1755 urbem
399 1699 578 1754 nocte
611 1708 1004 1755 accessurum
1031 1692 1281 1764 sciebat,
1310 1692 1750 1753 subsidendum
1782 1699 1967 1765 atque
1996 1708 2216 1768 exspe-

165 1774 448 1835 ctandum
479 1775 608 1834 ruit.
667 1772 767 1835 50.
794 1776 1010 1849 Noctu,
1033 1774 1332 1835 insidioso
1356 1782 1418 1833 et
1444 1774 1627 1847 pleno
1656 1774 1954 1833 latronum
1986 1773 2049 1833 in
2079 1774 2216 1835 loco

166 1854 497 1918 occidisset
517 1876 534 1911 a
563 1872 742 1917 nemo
767 1856 825 1916 ei
853 1856 1096 1930 neganti
1123 1872 1245 1915 non
1278 1854 1668 1927 credidisset,
1712 1870 1891 1929 quem
1920 1872 2063 1917 esse
2092 1871 2216 1916 om·
2316 1848 2321 1853 ’

167 1954 278 1999 nes
307 1938 540 1998 salvum
571 1937 748 1999 etiam
786 1938 1168 1999 confitentem
1210 1938 1439 1999 volunt.
1525 1935 1929 1999 Sustinuisset
1956 1938 2077 1999 hoe
2106 1937 2216 1997 cri-

173 2036 308 2081 men
341 2020 599 2095 primum
631 2019 770 2095 ipse
797 2019 900 2081 ille
929 2021 1226 2082 latronum
1263 2021 1599 2082 occultator
1624 2025 1687 2079 et
1712 2028 1994 2095 receptor
2020 2022 2214 2093 locus,

171 2113 296 2164 tum
323 2118 524 2176 neque
553 2111 717 2162 muta
739 2101 1007 2163 solitudo
1041 2102 1376 2164 indicasset
1411 2117 1614 2177 neque
1643 2116 1831 2162 caeca
1858 2118 1985 2167 nox
2012 2110 2218 2163 osten·

177 2189 370 2249 disset
396 2188 715 2251 Milonem:
749 2190 972 2251 deinde
1004 2189 1088 2251 ibi
1120 2192 1291 2250 multi
1317 2189 1396 2249 ab
1422 2189 1524 2248 illo
1554 2184 1781 2256 violati,
1814 2182 2079 2259 spoliati,
2107 2179 2215 2239 bo·

175 2271 270 2332 nis
299 2271 571 2346 expulsi,
611 2274 781 2334 multi
809 2274 962 2334 haec
994 2273 1173 2333 etiam
1201 2273 1486 2333 timentes
1520 2270 1581 2329 in
1610 2266 2013 2343 suspitionem
2036 2262 2215 2322 cade-

175 2360 327 2424 rent,
360 2360 492 2414 tota
519 2355 787 2430 denique
814 2372 920 2416 rea
949 2356 1239 2416 citaretur
1264 2353 1523 2416 Etruria.
1612 2352 1715 2411 51.
1743 2352 1951 2424 Atque
1979 2346 2082 2405 illo
2116 2344 2217 2405 die

175 2443 342 2495 certe
371 2436 575 2496 Aricia
597 2438 846 2499 rediens
875 2438 1140 2499 devertit
1167 2437 1417 2498 Clodius
1450 2434 1532 2496 ad
1564 2434 1883 2495 Albanum.
1943 2429 2122 2504 Quod
2148 2433 2219 2488 ut

177 2524 359 2587 sciret
374 2522 518 2585 Milo
546 2522 712 2583 illum
730 2519 973 2581 Ariciae
1003 2518 1222 2589 ruisse,
1272 2512 1573 2590 suspicari
1600 2519 1799 2573 tamen
1834 2509 2043 2571 debuit
2070 2525 2226 2583 eum,

177 2608 355 2671 etiam
385 2607 440 2668 si
465 2607 722 2667 Romam
744 2604 849 2665 illo
878 2603 978 2665 die
1003 2599 1224 2662 reverti
1254 2599 1466 2672 vellet,
1506 2595 1588 2657 ad
1616 2594 1817 2654 villam
1848 2608 2041 2688 suam,
2072 2606 2229 2665 quae

177 2690 336 2751 viam
357 2695 645 2763 tangeret,
675 2687 1090 2748 deversurum.
1174 2684 1291 2744 Cur
1318 2694 1518 2755 neque
1548 2685 1689 2737 ante
1717 2682 1997 2771 occurrit,
2025 2690 2102 2735 ne
2128 2672 2233 2733 ide

179 2773 240 2833 in
269 2772 414 2832 villa
441 2770 764 2843 resideret,
795 2784 910 2829 nec
936 2767 1098 2828 eoin
1124 2769 1263 2827 loco
1286 2759 1578 2832 subsedit,
1611 2773 1733 2835 quo
1757 2758 1858 2817 ille
1888 2764 2070 2818 noctu
2084 2772 2229 2816 ven·

179 2859 712 2999 turlilssitfggegdhuc
747 2938 1064 2999 constare,
1093 2928 1349 3002 iudices,
1383 2926 1601 2997 omnia,
1632 2920 1842 2983 Miloni
1870 2920 2049 2982 etiam
2083 2918 2229 2981 utile

184 3020 372 3081 fuisse
401 3016 673 3079 Clodium
703 3014 928 3088 vivere,
961 3011 1046 3074 illi
1069 3013 1149 3073 ad
1171 3027 1265 3083 ea,
1296 3024 1453 3085 quae
1480 3004 1891 3081 concupierat,
1922 3000 2231 3079 optatissi-

183 3119 342 3163 mum
369 3099 673 3163 interitum
700 3096 975 3158 Milonisz
1019 3094 1224 3156 odium
1268 3091 1460 3153 fuisse
1493 3088 1654 3149 illius
1680 3087 1742 3148 in
1772 3088 1935 3147 hunc
1962 3082 2231 3145 acerbis·

185 3185 431 3258 simum,
475 3182 702 3245 nullum
745 3178 926 3241 huius
955 3177 1014 3239 in
1051 3176 1247 3237 illum:
1292 3170 1793 3235 consuetudinem
1821 3169 1982 3229 illius
2014 3181 2221 3241 perpe·-

185 3276 346 3328 tuam
367 3268 428 3325 in
447 3266 506 3325 vi
535 3264 866 3335 inserenda,
895 3260 1076 3321 huius
1097 3267 1325 3321 tantum
1350 3256 1415 3315 in
1440 3250 1953 3347 repellenda2052.
1984 3254 2234 3309 mortem

188 3350 261 3409 ab
273 3347 377 3408 illo
405 3345 810 3408 denuntiatam
820 3344 1104 3404 Miloniet
1122 3338 1530 3420 praedicatam
1546 3337 1764 3412 palam,
1784 3333 1928 3394 nihil
1950 3345 2233 3413 umquam
