2459 3817
243 113 365 180 156
699 113 848 174 PRO
875 114 940 173 T.
971 113 1208 174 Anmo
1237 115 1530 176 MILONE
1560 115 1863 176 ORATIO.

241 262 322 324 ad
349 262 596 324 modum
623 261 806 338 igitur
833 279 971 328 eum
999 265 1134 326 dies
1157 281 1282 325 non
1307 264 1559 326 refellit?
1598 264 1738 326 Dixi
1782 265 2067 340 equidem
2098 266 2311 329 modo.

240 345 565 408 Dictatoris
597 344 897 407 Lanuvini
941 355 1100 408 stata
1141 346 1443 409 sacrificia
1473 365 1662 410 nosse
1705 347 1935 424 negotii
1966 347 2112 407 nihil
2155 357 2308 411 erat.

241 428 409 489 Vidit
434 443 695 489 necesse
725 445 869 489 esse
899 429 1116 492 Miloni
1159 430 1469 506 proficisci
1495 429 1833 491 Lanuvium
1875 429 1979 490 illo
2008 429 2149 506 ipso
2184 449 2311 510 quo

239 519 336 573 est
365 511 676 586 profectus
699 509 818 572 die.
907 513 1120 588 Itaque
1166 511 1503 574 antevertit.
1589 515 1671 574 At
1711 529 1834 587 quo
1862 511 2006 573 die?
2046 531 2205 590 quo,
2246 525 2315 576 ut

241 601 380 654 ante
403 591 548 664 dixi,
576 592 686 654 fuit
705 593 1097 655 insanissima
1119 597 1411 658 contioab
1425 595 1621 674 ipsius
1633 598 2052 660 mercennario
2068 596 2313 658 tribuno

243 675 439 752 plebis
471 676 800 738 concitata·-
832 694 1017 751 quem
1045 678 1206 740 diem
1237 679 1357 752 ille,
1388 695 1566 752 quam
1604 677 1969 752 contionem,
2005 695 2165 754 quos
2190 681 2313 740 cla-

242 774 466 832 mores,
494 756 612 819 nisi
633 759 710 818 ad
736 762 1064 834 cogitatum
1100 761 1338 822 facinus
1366 769 1825 838 approperaret,
1857 777 2195 836 numquam
2215 778 2310 822 re-

243 839 544 917 liquisset.
629 841 790 917 Ergo
835 842 922 903 illi
961 860 1040 905 ne
1073 860 1262 906 causa
1293 844 1540 920 quidem
1574 843 1842 920 itineriS,
1896 845 2076 904 etiam
2116 859 2311 904 causa

243 924 558 985 manendi=
601 923 815 987 Miloni
843 928 1128 990 manendi
1157 929 1323 990 nulla
1351 929 1637 1000 iaculum,
1667 926 1936 988 exeundi
1963 942 2087 987 non
2118 943 2311 988 causa

245 1010 461 1082 solum,
485 1009 600 1068 sed
633 1009 812 1069 etiam
841 1009 1181 1072 necessitas
1216 1009 1343 1071 fuit.
1412 1009 1567 1085 Quid
1586 1017 1617 1068 ἵ
1644 1010 1717 1084 si,
1747 1016 1810 1070 ut
1837 1007 1937 1070 ille
1973 1008 2170 1084 scivit,
2200 1009 2309 1069 Mi-

247 1093 446 1152 lonem
478 1092 610 1151 fore
640 1107 716 1152 eo
752 1091 853 1154 die
880 1093 942 1153 in
976 1092 1096 1167 via,
1127 1091 1216 1154 sic
1249 1092 1524 1156 Clodium
1550 1092 1695 1154 Milo
1730 1109 1809 1154 ne
1840 1091 2143 1169 suspicari
2178 1089 2309 1168 qui·

253 1173 392 1232 dem
416 1173 656 1247 potuit?
699 1174 803 1234 46.
825 1175 1089 1236 Primum
1125 1191 1356 1249 quaero
1393 1175 1499 1250 qui
1521 1173 1585 1234 id
1607 1174 1768 1235 scire
1797 1173 2107 1252 potuerit?
2141 1173 2311 1247 quod

257 1269 372 1331 uos
397 1256 557 1316 idem
579 1255 642 1314 in
669 1256 882 1317 Clodio
909 1273 1210 1332 quaerere
1233 1275 1357 1318 non
1383 1258 1665 1334 potestis.
1720 1259 1801 1318 Ut
1825 1257 1983 1317 enim
2008 1255 2310 1316 neminem

251 1335 434 1397 alium
468 1336 584 1394 nisi
611 1335 676 1394 T.
707 1335 1010 1409 Patinam,
1035 1336 1565 1397 familiarissimum
1594 1353 1769 1397 suum
1787 1381 1802 1409 ,
1828 1344 2130 1411 rogasset,
2161 1335 2320 1396 scire

257 1417 447 1498 potuit
467 1416 571 1476 illo
603 1417 741 1492 ipso
771 1417 870 1478 die
891 1418 1147 1478 Lanuvii
1167 1435 1202 1477 a
1236 1419 1531 1480 dictatore
1552 1418 1779 1479 Milone
1809 1418 1988 1494 prodi
2011 1416 2319 1478 flaminem

255 1514 514 1561 necesse
555 1515 715 1562 esse.
806 1501 932 1560 Sed
982 1509 1154 1562 erant
1187 1501 1467 1576 permulti
1507 1501 1639 1574 alii,
1682 1517 1762 1561 ex
1806 1500 2026 1576 quibus
2058 1502 2119 1560 id
2151 1500 2320 1561 racil-

257 1583 394 1643 lime
425 1581 582 1643 scire
624 1592 872 1658 posset:
920 1600 1135 1644 omnes
1178 1585 1415 1645 scilicet
1433 1583 1752 1644 Lanuvini.
1838 1583 1984 1643 Milo
2018 1583 2097 1644 de
2126 1581 2320 1643 Clodii

253 1665 451 1728 reditu
493 1665 660 1727 unde
697 1665 1044 1743 quaesivit?
1082 1667 1420 1742 Quaesierit
1472 1682 1651 1728 sane:
1699 1666 1905 1728 videte
1949 1667 2092 1742 quid
2142 1665 2321 1726 vobis

256 1751 502 1826 largiar=
539 1767 783 1812 servum
815 1751 1014 1824 etiam,
1042 1759 1109 1812 ut
1144 1751 1211 1825 Q.
1248 1749 1481 1823 Arrius,
1511 1767 1685 1811 meus
1709 1749 1961 1822 amicuS,
1993 1747 2163 1822 dixit,
2189 1763 2315 1809 cor·

255 1833 500 1908 ruperit.
586 1833 795 1910 Legite
825 1831 1170 1895 testimonia
1201 1833 1440 1894 testium
1474 1841 1837 1894 vestrorum.
1893 1830 2057 1892 Dixit
2085 1829 2150 1890 C.
2182 1829 2310 1891 Cau

256 1915 448 1976 sinius
501 1919 715 1989 Scola,
789 1917 1193 1989 Interamnas,
1250 1915 1753 1977 familiarissimus
1795 1923 1855 1976 et
1894 1914 2057 1974 idem
2111 1929 2323 1974 comes

257 1999 475 2070 Clodii,
524 1999 700 2059 cuius
726 1999 843 2058 iarn
877 1998 1109 2073 pridem
1138 1998 1484 2060 testimonio
1516 1997 1764 2060 Clodius
1794 1997 2009 2058 eadem
2048 1997 2201 2056 hora
2230 1997 2323 2055 In·

231 2101 237 2110 ·
259 2091 564 2142 teramnae
587 2080 784 2142 fuerat
805 2089 866 2141 et
885 2082 1134 2154 Romae,
1167 2081 1232 2140 P.
1262 2080 1537 2142 Clodium
1559 2081 1660 2141 illo
1691 2080 1791 2141 die
1814 2079 1872 2139 in
1891 2079 2129 2138 Albano
2156 2091 2319 2139 man·

261 2179 466 2224 surum
496 2163 720 2237 fuisse,
755 2163 868 2223 sed
895 2163 1094 2225 subito
1139 2164 1196 2224 ei
1238 2181 1381 2227 esse
1423 2163 1762 2225 nuntiatum
1794 2163 2015 2240 Cyrum
2067 2161 2323 2222 archite-

259 2254 417 2306 ctum
441 2262 582 2306 esse
611 2254 930 2320 mortuum,
964 2246 1169 2322 itaque
1197 2255 1450 2322 repente
1478 2249 1734 2308 Romam
1758 2244 2153 2307 constituisse
2182 2261 2321 2320 pro-

257 2327 469 2388 ficisci.
555 2327 720 2389 Dixit
747 2328 866 2389 hoc
894 2344 1102 2390 comes
1137 2330 1279 2389 item
1302 2329 1365 2388 P.
1398 2329 1620 2400 Clodii,
1654 2329 1716 2391 G.
1750 2327 2018 2390 clodius.
2104 2325 2323 2388 XVIII.

255 2409 357 2473 47.
383 2409 622 2484 Videte,
649 2410 902 2484 iudiceS,
928 2422 1192 2486 quantae
1212 2429 1317 2472 res
1341 2411 1436 2472 his
1458 2410 1820 2473 testimoniis
1844 2411 1965 2471 sint
1987 2411 2323 2470 consectae.

255 2493 516 2553 Primum
549 2501 710 2554 certe
739 2493 1027 2554 liberatur
1053 2495 1196 2555 Milo
1237 2511 1359 2555 non
1400 2511 1473 2555 eo
1525 2493 1782 2556 consilio
1814 2495 2127 2568 profectus
2162 2507 2321 2564 esse,

258 2585 323 2638 ut
349 2574 736 2638 insidiaretur
763 2575 825 2636 in
855 2575 956 2636 via
985 2576 1235 2638 Clodio=
1268 2577 1516 2654 quippe,
1548 2579 1601 2638 si
1630 2578 1731 2637 ille
1760 2575 1978 2638 obvius
2000 2573 2057 2634 ei
2087 2576 2325 2636 futurus

262 2660 504 2720 omnino
542 2677 664 2721 non
692 2669 836 2721 erat.
893 2659 1128 2720 Deinde
1158 2693 1245 2706 -
1273 2677 1396 2720 non
1428 2660 1587 2722 enim
1621 2659 1803 2720 video
1834 2674 1944 2719 cur
1972 2673 2095 2716 non
2126 2674 2323 2717 meum

264 2758 511 2818 quoque
541 2759 718 2818 agam
753 2743 1064 2818 negotium
1112 2777 1186 2788 -
1233 2742 1435 2816 scitis,
1462 2741 1719 2814 iudices,
1747 2742 1941 2802 fuisse
1972 2738 2076 2814 qui
2112 2739 2173 2798 in
2210 2739 2325 2799 hac

259 2827 576 2900 rogatione
608 2827 926 2887 suadenda
956 2825 1230 2886 dicerent
1258 2824 1501 2886 Milonis
1545 2842 1730 2885 manu
1773 2823 2025 2884 caedem
2060 2839 2209 2882 esse
2238 2822 2325 2880 sa·-

261 2915 449 2982 ctam,
495 2908 752 2970 consilio
779 2925 923 2969 vero
955 2908 1201 2969 maioris
1229 2908 1507 2969 alicuius.
1590 2908 1691 2968 Me
1720 2905 2004 2967 videlicet
2033 2907 2325 2965 latronem
2441 2907 2442 2952 ἰ

261 3007 334 3052 ac
365 2991 648 3054 sicarium
679 2990 898 3054 abiecti
927 2991 1203 3051 homines
1240 2998 1302 3051 et
1331 2990 1549 3066 perditi
1591 2987 2036 3050 describebant.
2124 2987 2328 3046 Iacent

261 3073 392 3135 suis
421 3075 678 3138 testibus
711 3077 781 3146 ii,
827 3075 930 3152 qui
961 3073 1238 3135 Clodium
1279 3082 1501 3148 negant
1540 3089 1615 3133 eo
1646 3070 1749 3132 die
1775 3073 2059 3144 Romam,
2102 3067 2225 3129 nisi
2256 3070 2327 3129 de

263 3156 422 3236 Cyro
452 3157 757 3231 audisset,
805 3158 999 3218 ruisse
1026 3156 1377 3217 rediturum.
1463 3153 1807 3230 Respiravi‚
1841 3153 2131 3214 liberatus
2162 3168 2327 3212 sum:

261 3255 384 3300 non
411 3256 628 3302 vereor
652 3257 769 3313 ne,
812 3241 977 3314 quod
1021 3255 1097 3299 ne
1129 3237 1432 3314 suspicari
1472 3239 1717 3314 quidem
1749 3237 2075 3313 potuerim,
2120 3233 2331 3294 videar
2439 3275 2440 3294 ἢ

267 3319 328 3380 td
357 3324 678 3396 cogitasse.
723 3320 824 3384 48.
846 3319 1019 3381 Ν11116
1041 3335 1383 3397 persequar
1442 3329 1659 3384 cetera.
1692 3319 1844 3380 Nam
1867 3315 2132 3379 occurrit
2152 3315 2310 3376 illud·
