2459 3817
750 86 918 145 οΑΡ.
951 94 1214 148 44—›4a
1257 92 1308 151 s.
1341 94 1668 149 113—119.
2131 87 2258 153 257

179 235 323 298 116.
370 234 547 309 Quod
592 234 646 295 si
690 251 812 295 non
865 234 1085 297 metuis
1138 234 1308 297 viros
1357 237 1546 297 fortes
1603 234 2010 312 egregiosque
2062 233 2252 309 cives,

175 319 349 395 quod
390 335 427 377 a
470 334 731 394 corpore
772 327 876 380 tuo
924 319 1322 395 prohibentur
1363 319 1578 391 armis,
1619 317 1708 379 tui
1735 326 1825 391 te,
1871 318 2017 379 mihi
2051 318 2254 392 crede,

173 400 409 462 diutius
439 418 559 461 non
596 403 808 461 ferent.
850 401 1021 476 Quae
1051 410 1147 463 est
1172 409 1376 463 autem
1410 400 1534 463 vita
1561 400 1698 465 dies
1721 408 2020 463 et-noctes
2041 399 2254 462 timere

172 502 217 543 a
260 481 435 545 suist
475 483 604 543 Nisi
642 500 791 545 vero
834 492 941 545 aut
978 484 1310 546 maioribus
1355 484 1546 545 habes
1575 484 1894 546 beneficiis
1929 483 2252 559 obligatos,

175 582 364 643 quam
407 564 507 626 ille
550 568 851 642 quosdam
894 567 1105 629 habuit
1140 582 1221 627 ex
1261 566 1368 641 iis,
1413 584 1451 627 a
1493 567 1717 642 quibus
1745 576 1842 629 est
1873 567 2251 640 interfectuS‚

172 657 283 711 aut
310 648 377 710 tu
408 664 477 709 es
508 650 633 710 ulla
655 665 723 709 re
754 667 891 711 cum
920 667 996 713 eo
1032 650 1501 726 comparandus.
1541 645 1678 711 Fuit
1703 652 1762 710 in
1794 652 1896 711 illo
1924 650 2252 725 ingenium,

170 731 365 805 ratio,
396 733 715 806 memoria,
744 731 1005 807 litterae,
1032 750 1216 809 cura,
1248 732 1553 809 cogitatio,
1583 732 1920 809 diligentia=
1960 748 2062 793 res
2087 733 2250 795 bello

172 823 475 891 gesserat,
509 816 787 891 quamvis
807 815 897 876 rei
925 816 1209 891 publicae
1230 813 1640 889 calamitosae,
1663 822 1942 876 attamen
1962 831 2251 889 magnam

170 900 401 959 multos
452 914 651 959 annos
699 915 960 973 regnare
1009 897 1368 971 meditat-m,
1437 912 1660 974 magno
1712 897 1951 971 labore,
2014 897 2252 972 magnis

172 980 469 1056 periculis
515 982 683 1055 quod
719 981 1012 1055 cogitarat
1042 979 1360 1041 effeceratz
1404 978 1778 1053 muneribuS,
1825 979 2253 1052 monumentiS,

171 1060 535 1135 congiariis,
584 1064 781 1137 epulis
822 1060 1262 1123 multitudinem
1303 1060 1642 1139 imperitam
1684 1062 2044 1123 delenierat=
2101 1078 2252 1123 suos

169 1142 501 1221 praemiis,
560 1145 951 1205 adversarios
992 1143 1351 1205 clementiae
1393 1144 1604 1220 specie
1645 1144 2019 1207 devinxerat.
2094 1144 2253 1219 Quid

169 1231 406 1289 multa?
446 1228 727 1287 attulerat
762 1228 883 1287 iam
920 1228 1148 1289 liberae
1190 1226 1416 1289 civitati
1459 1228 1677 1303 partim
1707 1235 1870 1289 metu
1899 1226 2113 1304 partim
2143 1244 2251 1304 pa·

169 1310 386 1371 tientia
428 1310 930 1372 consuetudinem
970 1312 1299 1371 serviendi.
1382 1311 1590 1371 XLVI.
1631 1307 1776 1371 117.
1820 1311 1967 1372 Cum
1995 1309 2097 1373 illo
2132 1327 2248 1385 ego

170 1403 235 1453 te
263 1391 619 1453 dominandi
644 1391 975 1468 cupiditate
998 1394 1281 1471 conferre
1303 1410 1580 1470 possum,
1643 1392 1868 1458 ceteris
1888 1410 2037 1456 vero
2062 1393 2252 1455 rebus

172 1476 344 1537 nullo
390 1476 576 1536 modo
621 1478 1065 1552 comparandus
1107 1494 1195 1539 es.
1254 1477 1379 1539 Sed
1421 1494 1502 1538 ex
1529 1476 1804 1554 plurimis
1833 1477 2039 1553 malis,
2085 1492 2247 1554 quae

174 1559 256 1617 ab
298 1557 401 1618 illo
443 1556 533 1621 rei
570 1559 853 1635 publicae
898 1569 1037 1625 sunt
1073 1560 1306 1637 inusta,
1353 1561 1472 1622 hoc
1501 1569 1702 1623 tamen
1730 1560 1878 1624 boni
1909 1568 2034 1636 est,
2081 1560 2254 1639 quod

170 1640 389 1703 didicit
446 1642 567 1704 iam
620 1645 899 1718 populus
944 1646 1258 1707 Romanus
1319 1651 1616 1717 quantum
1679 1641 1904 1717 cuique
1955 1642 2254 1715 crederet,

174 1724 404 1799 quibus
480 1740 551 1783 se
621 1724 1047 1798 committeret,
1116 1742 1153 1785 a
1232 1724 1458 1798 quibus
1531 1732 1798 1787 caveret.
1895 1726 2064 1784 Haec
2124 1740 2249 1785 non

172 1806 415 1883 cogitas
432 1811 464 1864 v
490 1823 696 1883 neque
719 1805 1006 1881 intelligis
1042 1806 1191 1867 satis
1244 1814 1387 1867 esse
1437 1804 1585 1866 viris
1642 1804 1901 1868 fortibus
1955 1804 2252 1867 didicisse

177 1906 367 1965 quam
416 1890 497 1951 sit
544 1905 612 1950 re
670 1891 973 1965 pulcrum,
1029 1886 1331 1963 beneficio
1381 1896 1646 1965 gratum,
1703 1890 1865 1949 fama
1913 1889 2251 1965 gloriosum

173 1984 501 2050 tyrannum
568 1972 893 2033 occidere?
966 1989 1076 2045 an,
1156 1990 1345 2047 quum
1407 1972 1573 2035 illum
1637 1970 1920 2033 homines
1982 1989 2104 2033 non
2159 1979 2252 2034 tu-

170 2055 381 2130 lerint,
460 2063 521 2117 te
584 2056 822 2117 ferenti
921 2054 1061 2119 118.
1138 2054 1418 2117 Certatim
1475 2055 1767 2132 posthac,
1836 2054 1983 2115 mihi
2043 2055 2250 2127 crede,

169 2138 255 2197 ad
308 2138 429 2198 hoc
472 2154 634 2213 opus
680 2146 953 2199 curretur
994 2154 1197 2215 neque
1238 2136 1586 2202 occasionis
1628 2138 1880 2199 tarditas
1927 2145 2246 2214 exspecta·

170 2218 354 2283 bitur.

299 2304 595 2379 Respice,
633 2319 906 2380 quaeso,
951 2305 1280 2379 aliquando
1320 2320 1449 2364 rem
1491 2294 1824 2379 publicar‘n,
1866 2304 1948 2364 M.
1984 2302 2245 2366 Antoni=

173 2384 402 2460 quibus
451 2393 617 2451 ortus
664 2386 781 2459 εἰς,
823 2404 945 2449 non
990 2388 1356 2463 quibuscum
1385 2387 1559 2455 vivas
1594 2386 1945 2459 considera:
1985 2406 2244 2459 mecum,

170 2475 243 2528 ut
284 2469 485 2527 voles:
542 2468 674 2530 redi
716 2486 851 2531 cum
894 2488 963 2532 re
1014 2470 1258 2547 publica
1305 2471 1364 2530 in
1413 2469 1684 2546 gratiam.
1759 2469 1885 2533 Sed
1935 2473 2013 2531 de
2067 2480 2127 2533 te
2181 2478 2247 2531 tu

169 2550 437 2614 videris:
484 2568 599 2629 ego
644 2553 721 2614 de
762 2569 859 2614 me
900 2554 1039 2629 ipso
1074 2554 1427 2630 profitebor.
1495 2553 1756 2615 Defendi
1783 2570 1910 2613 rem
1939 2553 2246 2629 publicam

170 2634 563 2709 adolescenS,
597 2653 718 2698 non
744 2639 1021 2699 deseram
1046 2656 1270 2699 senex:
1309 2637 1650 2713 contempsi
1673 2635 1963 2697 Catilinae
1987 2634 2245 2715 gladi03‚

170 2734 298 2777 non
329 2719 752 2791 pertimescam
782 2728 942 2781 tuos..
982 2721 1137 2794 Quia
1164 2722 1343 2782 etiam
1368 2736 1596 2796 corpus
1624 2720 1878 2779 libenter
1904 2716 2242 2792 obtulerim,

175 2800 229 2860 si
274 2801 721 2871 repraesentari
762 2811 954 2863 morte
998 2819 1132 2863 mea
1160 2803 1407 2866 libertas
1439 2798 1698 2863 civitatis
1729 2807 1962 2877 potest=
2009 2799 2152 2871 119.
2181 2810 2246 2862 ut

171 2878 506 2955 aliquando
552 2881 729 2943 dolor
770 2883 985 2959 populi
1022 2884 1278 2945 Romani
1319 2884 1544 2968 pariat,
1591 2886 1758 2959 quod
1799 2884 1915 2945 iam
1959 2884 2064 2945 diu
2106 2900 2244 2959 par-

174 2964 344 3025 turit!
382 2961 623 3023 <Etenim
654 2964 709 3026 si
738 2964 957 3035 abhinc
985 2978 1178 3028 annos
1204 2984 1408 3050 prope
1437 2967 1648 3043 viginti
1678 2968 1797 3028 hoc
1831 2968 1972 3047 ipso
2003 2968 2062 3029 in
2093 2976 2242 3049 tem-

174 3048 279 3121 plo
308 3045 530 3121 negavi
560 3053 751 3123 posse
780 3056 1031 3109 mortem
1061 3050 1433 3123 immaturam
1463 3067 1607 3111 esse
1639 3049 1973 3123 consulari,
2011 3057 2240 3125 quanto

175 3126 379 3193 verius
414 3147 575 3191 nunc
614 3132 850 3207 negabo
882 3132 1059 3194 seni?
1100 3131 1242 3200 Mihi
1278 3150 1452 3206 vem,
1483 3142 1696 3213 patres
1729 3130 2087 3205 conscripti,
2119 3129 2237 3189 iam

173 3208 356 3273 etiam
397 3214 665 3299 optanda
706 3231 869 3276 mors
916 3223 1040 3290 est,
1078 3216 1402 3292 perfuncto
1431 3216 1616 3285 rebus
1644 3214 1750 3290 iis,
1796 3230 1948 3294 quas
1977 3212 2240 3285 adeptus

174 3311 313 3355 sum
344 3313 625 3373 quasque
654 3297 838 3373 gessi.
878 3298 1013 3361 Duo
1044 3299 1228 3361 modo
1258 3298 1412 3360 haec
1447 3306 1615 3373 opto,
1645 3312 1872 3441 ununll,⁷
1884 3300 1950 3356 ut
1971 3291 2252 3355 moriens-

417 3388 541 3433 010.
590 3394 778 3439 onam.
824 3381 913 3443 Π.
