2459 3817
619 25 783 84 CAP.
811 33 899 86 66.
921 30 1007 86 67.
1038 30 1089 90 s.
1124 0 1430 86 147—151.
1925 27 2049 94 119

0 173 341 236 onerariam
367 171 687 233 maximam
716 173 977 248 publice,
1005 190 1186 247 quam
1214 172 1392 233 Verri
1441 174 1764 234 dederint?
1815 174 2050 246 Negare

2 274 123 317 non
177 263 477 330 poterunt.
560 256 949 315 Frumentum
987 256 1062 314 ab
1109 255 1187 314 iis
1240 255 1644 330 sumpseritne
1699 256 1762 314 C.
1803 259 2050 330 VerrcS,

2 339 170 414 quod
196 340 427 413 populo
455 339 731 398 Romano
756 337 1040 410 mitteret,
1077 336 1256 398 sicuti
1279 336 1629 412 superiores
1648 345 1678 396 ’ἑ
1714 338 2050 412 Negabunt.

2 420 159 495 Quid
188 419 437 480 militum
471 427 575 480 aut
600 427 914 482 nautarum
943 435 1057 494 per
1093 419 1414 480 triennium
1444 418 1759 481 dederint?
1811 421 2051 480 Nullum

0 504 207 563 datum
237 502 457 562 dicent.
512 501 728 562 Fuisse
756 503 1102 561 Messanam
1134 501 1398 562 omnium
1430 500 1606 563 istius
1647 502 1940 563 furtorum
1976 519 2051 564 ac

0 585 363 660 praedarum
389 583 783 659 receptricem
819 599 1045 658 negare
1065 600 1187 645 non
1217 593 1530 659 poter-unta
1574 587 1872 660 permulta
1900 587 2055 646 mul·-

0 666 77 728 tis
116 665 375 727 navibus
406 666 568 727 illinc
598 675 934 746 exportata,
987 665 1142 726 hanc
1174 683 1387 726 navem
1428 667 1694 741 denique
1727 667 2050 727 maximam

0 767 36 808 a
62 748 435 810 Mamertinis
480 751 709 822 datam,
761 758 1038 809 onustam
1078 765 1217 809 cum
1247 747 1365 810 isto
1399 751 1733 824 profectam
1777 752 2050 811 fatebun-

0 839 111 893 tur.
175 829 314 892 151.
372 832 563 905 Quam
612 832 690 890 ob
732 849 857 891 rem
899 831 1007 891 tibi
1045 832 1200 890 habe
1239 848 1388 892 sanc
1425 832 1605 892 istam
1641 832 2051 894 laudationem

0 913 517 973 Mamertinorumz
562 913 1011 989 Syracusanam
1056 913 1299 989 quidem
1347 911 1680 985 civitatem,
1733 923 1801 974 ut
1837 916 1950 976 abs
1992 923 2051 974 te

0 995 238 1054 adfecta
279 1004 399 1068 est,
454 996 537 1055 ita
576 995 635 1054 in
676 1004 735 1055 te
771 1013 913 1056 esse
952 995 1272 1056 animatam
1319 995 1628 1055 videmus=
1684 998 1849 1070 apud
1893 1013 2050 1070 quos

0 1076 178 1136 etiam
209 1076 423 1136 Verria
452 1077 551 1142 illa
579 1076 885 1151 flagitiosa
904 1079 1139 1138 sublata
1162 1088 1320 1138 sunt.
1380 1077 1616 1138 Etenim
1641 1076 1884 1138 minime
1907 1094 2052 1140 con-

0 1156 285 1216 veniebat
330 1161 387 1214 ei
428 1159 679 1218 deorum
707 1159 973 1219 honores
1002 1159 1244 1232 haberi,
1289 1159 1393 1235 qui
1433 1159 1756 1219 simulacra
1797 1161 2050 1220 deorum

0 1237 371 1298 abstulisset.
433 1239 629 1298 Etiam
666 1240 911 1299 hercule
955 1240 1103 1299 illud
1142 1241 1205 1299 in
1232 1240 1644 1316 Syracusanis
1694 1241 1906 1302 merito
1955 1259 2050 1302 re-

0 1313 493 1392 prehenderetur}
529 1320 600 1394 si,
638 1339 822 1395 quum
853 1321 1011 1380 diem
1043 1324 1262 1382 festum
1289 1323 1570 1383 ludorum
1605 1324 1682 1384 de
1716 1323 1888 1385 fastis
1920 1325 2050 1385 suis

0 1401 389 1462 sustulissent
413 1403 870 1464 celeberrimum
899 1413 961 1464 et
980 1405 1448 1478 sanctissimum,
1484 1407 1650 1480 quod
1677 1423 1753 1467 eo
1783 1407 1918 1481 ipso
1951 1407 2050 1467 die

0 1482 343 1558 Syracusae
371 1501 409 1544 a
434 1485 721 1546 Marcello
759 1492 975 1561 captae
1015 1503 1157 1547 esse
1198 1487 1508 1561 dicuntur,
1551 1487 1734 1548 iidem
1773 1489 1930 1548 diem
1963 1491 2048 1548 fe-

0 1569 153 1624 stum
180 1565 393 1626 Verris
423 1566 663 1628 nomine
694 1577 970 1644 agerent,
1006 1585 1191 1644 quum
1219 1569 1336 1630 iste
1361 1587 1400 1630 a
1428 1567 1854 1648 SyracusaniS‚
1887 1588 2047 1646 quae

0 1643 93 1706 ille
123 1644 514 1712 calamitosus
543 1645 676 1705 dies
698 1648 1045 1723 reliquerat,
1077 1651 1430 1712 ademisset.
1498 1656 1593 1711 Ac
1619 1651 1826 1711 videte
1854 1653 2044 1714 homi-

0 1727 87 1787 nis
114 1727 547 1803 impudentiam
580 1741 765 1807 atque
792 1733 1236 1806 adrogantiam,
1263 1732 1532 1806 iudiceS‚
1563 1733 1668 1809 qui
1697 1746 1818 1796 non
1849 1737 2046 1797 solum

0 1810 211 1869 Verria
231 1810 384 1871 haec
411 1813 611 1888 turpia
644 1831 718 1875 ac
749 1815 1003 1876 ridicula
1030 1832 1111 1874 ex
1134 1815 1396 1876 Heraclii
1425 1817 1684 1890 pecunia
1717 1818 2045 1880 constitue·

0 1892 93 1964 vit,
142 1907 353 1952 verum
386 1893 563 1955 etiarn
591 1897 897 1956 Marcellia
926 1897 1052 1957 tolli
1081 1897 1416 1972 imperarit,
1465 1905 1533 1958 ut
1569 1897 1626 1958 ei
1667 1917 1844 1960 sacra
1885 1903 2044 1962 face-

0 1983 128 2035 rent
165 1975 520 2049 quotannis,
564 1977 738 2038 cuius
781 1995 969 2052 opera
996 1979 1260 2042 omnium
1303 1997 1600 2042 annorum
1647 1995 1822 2044 sacra
1861 1985 2043 2044 deos·

0 2071 116 2130 que
143 2055 377 2131 patrios
410 2057 763 2120 amiserantz
807 2060 939 2122 cius
981 2070 1180 2123 autem
1214 2062 1476 2124 familiae
1521 2061 1656 2124 dies
1696 2066 1887 2126 festos
1933 2066 2042 2127 tol·

0 2136 213 2213 terent,
246 2157 355 2215 per
393 2157 575 2216 quam
604 2151 879 2204 caeteros
912 2160 1161 2220 quoque
1201 2147 1394 2208 festos
1425 2145 1560 2208 dies
1591 2154 2046 2222 recuperarant.

817 2407 1228 2418 ——ss
