2459 3817
270 95 396 160 266
821 91 970 154 PRO
1003 91 1070 150 L.
1106 91 1437 154 MURENA
1469 88 1773 151 ORATIO.

261 244 618 344 gratificatio
661 245 1068 323 reprehensa,
1109 243 1278 304 multi
1321 240 1435 302 viri
1472 245 1658 303 fortes
1688 250 1749 303 et
1782 257 1979 336 prope
2012 257 2153 316 pars
2184 239 2331 302 civi-

263 331 401 394 tatis
443 329 682 391 offensa
730 338 852 389 est·
907 326 1042 389 lites
1097 341 1315 387 severe
1362 325 1745 397 aestimatae,
1799 326 1897 386 cui
1939 327 2139 401 placet
2180 323 2336 386 obti-

264 413 544 488 viscitur,
577 411 677 474 cui
720 412 885 472 dolet
926 409 1210 470 meminit.
1276 409 1589 471 Postremo
1632 418 1699 470 tu
1737 409 1795 467 in
1830 407 2207 484 provincia-m
2242 407 2335 468 ire

263 495 529 560 noluisti.
587 497 717 556 Non
743 511 998 571 possum
1026 493 1170 554 idm
1196 503 1255 554 te
1279 493 1751 568 reprehendere,
1784 493 1987 568 quod
1972 509 2033 551 m
2065 507 2161 550 me
2188 489 2334 568 ipso

263 593 324 643 et
358 588 640 656 praetore
673 587 734 639 et
769 579 1024 639 consule
1060 574 1335 652 probavi.
1405 575 1529 638 Sed
1562 586 1761 638 tamen
1784 577 1851 636 L.
1874 575 2169 636 Murenae
2190 592 2333 650 pro-

265 663 464 723 vincia
491 665 711 723 multas
742 663 938 724 bonas
967 660 1194 736 gratias
1226 677 1361 720 curn
1393 659 1623 736 optima
1646 659 2093 722 existimatione
2118 656 2335 720 attulit.

259 747 483 808 Habuit
515 745 916 822 proficiscens
951 745 1235 806 dilectum
1262 744 1325 802 in
1352 743 1631 804 Umbria=
1681 743 1847 803 dedit
1888 741 1947 804 ei
1987 745 2335 804 facultatem

261 847 364 892 res
408 829 651 906 publica
691 827 1096 902 liberalitatiS,
1144 844 1268 904 qua
1310 845 1463 890 usus
1498 829 1717 888 multas
1749 824 1867 888 sibi
1898 825 2117 898 tribus,
2172 842 2335 900 quae

263 911 610 988 municipiis
649 913 934 974 Umbriae
977 911 1409 982 conficiuntur,
1464 910 1767 972 adiunxit=
1832 911 1967 984 ipse
2017 919 2223 971 autem
2271 909 2333 968 in

263 997 457 1058 Gallia
489 1006 556 1058 ut
595 995 789 1057 nostri
829 993 1108 1058 homines
1138 996 1501 1070 desperatas
1542 996 1659 1054 iam
1693 993 1987 1068 pecunias
2018 991 2335 1066 exigerent

261 1080 568 1157 aequitate
610 1079 1044 1154 diligentiaque
1087 1079 1359 1154 perfecit.
1424 1079 1515 1138 Tu
1555 1077 1785 1136 interea
1822 1074 2053 1136 Romae
2098 1075 2334 1137 scilicet

263 1163 474 1226 amieis
515 1171 764 1238 praesto
808 1161 992 1224 ruisti.
1049 1161 1301 1223 Fateor:
1345 1161 1457 1222 sed
1496 1169 1699 1221 tamen
1740 1159 1890 1220 iilud
1932 1157 2161 1232 cogita,
2207 1175 2329 1218 non

263 1251 568 1309 nullorum
599 1246 930 1308 amicorum
958 1245 1160 1307 studia
1187 1243 1377 1306 minui
1404 1245 1605 1306 solere
1633 1245 1693 1304 in
1718 1259 1846 1318 eOS,
1878 1261 1915 1304 a
1944 1241 2165 1318 quibus
2190 1259 2326 1318 pro-

267 1331 500 1393 vincias
532 1330 838 1390 contemni
867 1329 1220 1402 intelligunt.
2314 1324 2319 1328 ’

432 1413 587 1472 ΧΧΙ.
621 1411 725 1472 43.
777 1413 853 1472 Et
883 1411 1192 1488 quoniam
1203 1410 1477 1484 ostendi,
1522 1409 1791 1486 iudices,
1840 1425 2047 1486 parem
2078 1406 2335 1484 dignita·—

267 1506 386 1559 tem
426 1497 506 1556 ad
549 1496 904 1556 consulatus
949 1494 1333 1570 petitionem,
1383 1494 1693 1569 disparem
1736 1495 2037 1556 fortunam
2086 1491 2331 1570 provin·

265 1579 510 1640 cialium
549 1577 937 1654 negotiorum
979 1577 1040 1637 in
1072 1578 1329 1638 Murena
1358 1586 1544 1653 atque
1578 1576 1639 1638 in
1674 1576 1945 1652 Sulpicio
1978 1574 2199 1649 ruisse,
2243 1575 2331 1634 di-

265 1679 401 1724 cam
439 1663 560 1723 iam
602 1661 871 1737 apertius
923 1661 982 1723 in
1029 1677 1152 1738 quo
1201 1678 1375 1722 meus
1420 1660 1808 1722 necessarius
1862 1659 2042 1722 ruerit
2084 1659 2335 1720 inferior

266 1747 542 1819 servius,
573 1754 636 1808 et
662 1761 736 1806 ea
765 1745 964 1809 dicam
995 1744 1176 1808 vobis
1201 1745 1611 1816 audientibuS,
1642 1743 1871 1805 amisso
1896 1744 2019 1805 iam
2039 1751 2333 1818 tempore,

267 1847 428 1907 quae
463 1829 586 1906 ipsi
621 1829 736 1890 soli
765 1845 834 1890 re
864 1829 1099 1904 integra
1127 1845 1320 1904 saepe
1350 1827 1497 1888 dixi.
1563 1828 1776 1888 Petere
1809 1828 2193 1890 consulatum
2230 1843 2333 1885 ne-

267 1915 427 1975 scire
459 1923 548 1986 te,
585 1912 779 1986 Servi,
816 1928 1117 1988 persaepe
1145 1912 1253 1973 tibi
1284 1911 1440 1972 dixi:
1472 1910 1619 1972 etin
1648 1910 1725 1974 iis
1755 1913 1939 1972 rebus
1969 1908 2146 1985 ipsis,
2176 1927 2333 1985 quas

269 2007 326 2058 te
359 2014 580 2072 magno
611 2007 671 2056 et
705 1995 844 2058 forti
873 1996 1074 2056 anImo
1106 2005 1166 2056 et
1195 2012 1380 2071 agere
1410 2005 1471 2056 et
1498 1993 1703 2056 dicere
1734 1994 2047 2066 videbam,
2096 1991 2205 2054 tibi
2232 2009 2327 2053 so-

267 2079 408 2140 litus
441 2097 575 2140 sum
604 2081 808 2138 dicere
837 2079 1032 2154 magis
1064 2089 1121 2140 te
1145 2081 1362 2142 fortem
1382 2087 1727 2140 senatorem
1758 2077 1901 2140 mihi
1930 2077 2129 2138 videri
2152 2093 2331 2153 quam

267 2163 608 2238 sapientem
653 2163 1059 2223 candidatum.
1129 2161 1391 2222 Primum
1434 2161 1772 2223 accusandi
1816 2170 2081 2224 terrores
2124 2171 2185 2222 et
2224 2160 2331 2220 mi·

267 2263 413 2317 nae,
462 2245 683 2320 quibus
723 2252 788 2306 tu
829 2245 1054 2306 cotidie
1098 2243 1184 2307 uti
1223 2247 1503 2319 solebaS,
1550 2255 1691 2308 sunt
1730 2245 1903 2306 fortis
1936 2244 2081 2316 viri,
2119 2246 2233 2306 sed
2272 2253 2334 2304 et

267 2329 482 2406 populi
536 2326 887 2403 opinionem
927 2346 966 2388 a
1009 2345 1122 2402 spe
1163 2328 1547 2405 adipiscendi
1590 2338 1872 2390 avertunt
1900 2338 1961 2391 et
1998 2329 2333 2390 amicorum

268 2413 472 2473 studia
513 2411 844 2472 debilitant.
916 2411 1138 2472 Nescio
1182 2429 1305 2486 quo
1352 2421 1531 2488 pacto
1564 2429 1805 2488 semper
1836 2413 1955 2473 hoc
1986 2413 2081 2484 fit,
2132 2427 2335 2488 neque

268 2496 329 2554 in
371 2512 494 2556 uno
542 2505 648 2555 aut
691 2496 883 2555 altero
927 2493 1419 2557 animadversum
1454 2505 1575 2568 est,
1622 2499 1734 2557 sed
1768 2495 1887 2556 iam
1929 2495 1990 2556 in
2028 2495 2334 2570 pluribus:

269 2577 446 2638 simul
490 2587 676 2652 atque
711 2578 1072 2640 candidatus
1107 2579 1563 2640 accusationem
1598 2581 1872 2643 meditari
1909 2578 2081 2640 visus
2118 2588 2241 2652 est,
2270 2589 2338 2638 ut

268 2663 565 2722 honorem
595 2663 968 2736 desperasse
999 2661 1294 2724 videatur.
1368 2661 1469 2724 44.
1497 2661 1652 2738 Quid
1682 2671 1871 2738 ergo?
1898 2671 2216 2738 acceptam
2242 2661 2335 2720 in-

182 2778 189 2784 ·
267 2745 484 2804 iuriam
527 2744 818 2821 persequi
858 2763 982 2808 non
1037 2747 1281 2822 placet?
1320 2745 1503 2808 immo
1537 2747 1927 2808 vehementer
1958 2749 2184 2822 placet,
2216 2746 2337 2804 sed

267 2829 434 2888 aliud
466 2836 706 2904 tempus
735 2839 830 2892 est
859 2829 1127 2907 petendi,
1156 2829 1322 2892 aliud
1351 2830 1785 2906 persequendi.
1842 2829 2161 2892 Petitorem
2192 2844 2336 2902 ege,

269 2912 630 2986 praesertim
678 2917 1068 2986 consulatus,
1116 2930 1335 2989 magna
1368 2931 1513 2990 spe,
1563 2931 1783 2988 magno
1818 2912 2049 2985 anime,
2094 2911 2335 2985 magnis

269 2995 466 3071 copiis
514 3005 575 3058 et
614 2997 676 3058 in
727 2999 925 3060 sorum
967 3005 1028 3059 et
1066 2995 1128 3056 in
1168 3013 1447 3072 campum
1494 2997 1715 3058 deduci
1750 2999 1921 3058 volo:
1976 3013 2103 3057 non
2133 2995 2337 3070 placet

268 3079 414 3142 mihi
454 3079 765 3156 inquisitio
815 3078 1120 3141 candidati
1169 3079 1524 3154 praenuntia
1577 3083 1895 3156 repulsae,
1938 3097 2059 3141 non
2090 3077 2337 3141 testium

268 3163 475 3238 potius
517 3182 698 3240 quam
747 3163 1217 3238 suffragatorum
1263 3163 1667 3239 comparatio,
1720 3182 1843 3225 non
1886 3164 2084 3225 minae
2136 3161 2335 3236 magis

272 3264 455 3320 quarn
484 3245 844 3318 blanditiae,
889 3263 1012 3304 non
1059 3246 1420 3308 declamatio
1450 3246 1657 3322 potius
1700 3265 1883 3322 quam
1911 3243 2337 3323 persalutatio,

273 3328 628 3398 praesertim
685 3345 870 3387 ouum
919 3327 1040 3388 iam
1079 3327 1200 3387 hoc
1254 3344 1415 3388 novo
1464 3345 1634 3391 more
1678 3348 1892 3392 omnes
1933 3331 2061 3390 fere
2111 3329 2336 3388 domos
