2459 3817
251 140 336 208 98
779 136 930 199 PRO
965 138 1082 199 CN.
1112 137 1443 201 PLANCIO
1476 138 1787 201 ORATIO.

249 292 422 355 urbis
443 298 792 368 compotem
821 290 1139 351 fecerunt!
1165 290 1301 352 Non
1322 306 1451 363 ero,
1482 306 1607 353 non
1631 298 1849 367 potero
1872 307 2038 367 esse,
2068 290 2369 358 iudieoea

241 392 454 455 neque
494 375 596 437 hic
635 388 927 451 umquam
966 388 1152 450 puer,
1210 376 1317 452 qui
1354 375 1451 435 his
1492 372 1761 437 lacrimis
1812 392 1935 453 qua
1984 378 2070 437 sit
2120 379 2373 453 pietate

253 462 550 533 declaret,
585 456 820 519 emisso
848 466 1022 534 patre
1051 474 1169 521 suo
1201 465 1457 534 propter
1488 474 1589 519 me
1614 475 1717 520 me
1742 460 1947 537 ipsum
1966 459 2373 525 incolumem

249 542 512 617 videbit,
553 557 672 603 nec
713 540 1273 617 quotienscumque
1310 556 1411 602 me
1436 541 1688 617 viderit,
1716 544 2095 620 ingemescet
2121 560 2211 605 ae
2248 564 2372 623 pe·

251 634 407 689 stem
447 638 628 687 suem
657 641 734 689 uc
769 626 961 701 patris
986 626 1088 687 sui
1119 640 1265 686 sese
1293 624 1457 687 dicet
1486 626 1717 688 videre.
1786 628 1919 704 Ego
1950 642 2105 689 vero
2138 645 2267 691 eos
2302 633 2369 691 in

251 711 416 771 omni
447 710 722 785 fortuna,
769 724 1200 785 quaecumque
1223 707 1343 769 erit
1374 709 1607 783 oblate,
1638 713 2047 787 complecta-2
2094 729 2235 774 nec.
2260 730 2371 774 me

249 793 328 854 ab
368 794 477 869 iis,
521 808 682 867 quos
725 808 865 855 meo
909 794 1158 855 nomine
1199 792 1553 855 sordidatos
1594 793 1849 868 videtis,
1890 811 2198 870 umquam
2230 798 2367 858 ulla

253 880 500 939 fortuna
541 877 820 937 divellet=
883 890 1088 953 neque
1127 892 1243 938 eae
1278 878 1592 952 nationeS,
1662 877 1887 953 quibus
1934 894 2030 937 me
2084 890 2362 943 senatus

251 961 730 1033 commendavit,
764 961 990 1036 quibus
1021 962 1099 1021 de
1129 976 1227 1021 me
1260 961 1489 1035 gratias
1516 960 1658 1037 egit,
1688 960 1853 1022 hunc
1882 963 2169 1023 exsulem
2207 982 2355 1041 pro·

251 1054 392 1123 pter
415 1060 517 1107 me
547 1046 682 1106 sine
711 1060 808 1105 me
833 1045 1149 1106 videbunt.

421 1127 562 1192 147.
619 1128 746 1191 Sed
785 1128 940 1189 haec
975 1128 1036 1188 di
1078 1128 1479 1204 immortales,
1526 1130 1633 1204 qui
1662 1144 1761 1189 me
1790 1130 1921 1191 suis
1948 1131 2199 1207 templis
2236 1134 2354 1193 ad·

253 1214 596 1276 venientem
649 1220 1018 1289 receperunt
1069 1213 1355 1289 stipatum
1412 1212 1490 1272 ab
1542 1212 1638 1273 his
1680 1212 1831 1273 viris
1874 1221 1937 1275 et
1974 1214 2040 1273 P.
2080 1216 2351 1277 Lentulo

251 1298 537 1370 consule,
587 1302 778 1371 atque
807 1297 949 1371 ipsa
975 1312 1076 1357 res
1107 1296 1386 1371 publica,
1436 1312 1560 1373 qua
1588 1296 1737 1357 nihil
1766 1305 1863 1358 est
1894 1299 2205 1374 sanctius,
2238 1318 2349 1360 ve·

251 1387 417 1441 strae
437 1380 758 1455 potestati,
794 1379 1060 1452 iudiceS,
1095 1379 1549 1442 commiserunt.
1592 1382 1728 1443 Vos
1750 1380 1871 1443 hoc
1892 1382 2119 1443 iudicio
2144 1386 2351 1444 omni-

249 1479 353 1524 um
382 1464 684 1523 bonorum
716 1470 952 1525 mentes
985 1464 1381 1537 confirmare,
1414 1464 1832 1541 improborum
1858 1465 2196 1541 reprimere
2230 1484 2351 1544 po-

248 1538 616 1610 testis-(vos
661 1545 757 1606 his
803 1547 1040 1608 civibus
1069 1546 1154 1609 uti
1185 1546 1465 1623 optimis,
1506 1565 1624 1610 vos
1652 1564 1751 1609 me
1780 1549 2038 1611 reficere
2066 1557 2131 1612 et
2156 1567 2351 1613 reno-

253 1648 400 1693 vare
429 1648 561 1694 rem
591 1628 919 1705 publicam.
949 1654 958 1663 ·
987 1631 1118 1709 Qua
1143 1646 1212 1693 re
1240 1648 1357 1693 vos
1388 1632 1666 1695 obtestor
1694 1641 1880 1708 atque
1910 1632 2177 1697 obsecro
2194 1681 2210 1708 ,
2258 1644 2351 1709 ut,

252 1718 306 1779 si
339 1733 439 1778 me
479 1717 719 1777 salvum
759 1731 904 1778 esse
928 1716 1247 1791 voluistiS,
1298 1731 1409 1778 eos
1439 1714 1851 1792 conservetis,
1897 1732 2009 1793 per
2044 1734 2207 1793 quos
2243 1736 2349 1779 me

251 1802 750 1879 recuperavistis.

2457 1441 2459 1494 1

839 2402 926 2485 ll.
989 2399 1263 2486 TULLII
1319 2394 1750 2491 CICERONIS

496 2554 724 2653 PRO
787 2550 962 2649 CN.
1022 2546 1537 2649 PLANCIO
1599 2552 2064 2653 ORATlo.

881 2848 1731 2917 ARGUMENTUM'

386 2990 535 3041 Anno
572 3006 624 3041 u.
657 3004 704 3039 e.
747 2986 866 3041 699.
921 2988 1010 3042 Cn.
1049 2990 1293 3056 Pompeio
1336 2998 1385 3041 et
1418 2991 1484 3039 M.
1523 2990 1723 3043 Licinio
1758 2988 1940 3041 Crasso
1981 2992 2165 3041 iterum
2208 3004 2333 3041 con-

251 3060 449 3110 sulibus
480 3058 570 3112 Cn.
603 3056 868 3115 Plancius,
909 3059 970 3107 A.
1002 3058 1200 3109 Plotius
1221 3095 1238 3119 ,
1260 3052 1273 3123 f
1286 3058 1345 3119 Q.
1377 3058 1599 3120 Pedius„
1640 3058 1708 3111 M.
1743 3059 2003 3110 Iuventius
2036 3058 2333 3109 Laterensis

251 3128 557 3181 aedilitatem
601 3126 828 3177 curulem
877 3127 930 3175 in
969 3140 1156 3177 annum
1197 3134 1489 3191 sequentem
1518 3129 1799 3193 petierunt,
1854 3128 1974 3179 vide
2021 3128 2173 3177 huius
2212 3140 2327 3177 ore-

251 3199 403 3249 tionis
445 3212 557 3264 esp.
591 3198 645 3249 ’1.
691 3198 742 3259 S.
789 3194 876 3249 17.
925 3198 1038 3261 cap.
1067 3196 1162 3249 22.
1214 3196 1263 3257 S.
1308 3196 1395 3249 54.
1478 3196 1627 3257 Quod
1668 3204 1849 3247 autem·
1879 3196 2327 3262 prolate-comitia

251 3277 423 3330 erent,
475 3280 606 3317 anno
637 3266 839 3315 demum
868 3280 920 3313 u.
960 3280 1007 3319 c.
1047 3264 1166 3317 ’Ξο0.
1225 3266 1285 3313 L.
1324 3264 1549 3315 Domitio
1578 3262 1750 3329 Appio
1787 3264 2013 3316 Claudio·
2030 3265 2325 3315 consulibus

251 3336 444 3384 aediles
487 3333 690 3385 curules
733 3332 988 3399 designati
1021 3339 1162 3381 erant
1195 3330 1285 3384 Cn.
1316 3332 1553 3383 Plancius
1590 3342 1641 3382 et
1674 3335 1739 3385 A.
1773 3333 1981 3384 Plotius.
1999 3388 2011 3393 ,
2054 3332 2321 3391 (31.le-

252 3402 360 3447 olus
405 3418 558 3463 quum
603 3401 822 3466 plurima
851 3406 1042 3464 puncta
1075 3399 1274 3448 tulisset
1306 3408 1357 3449 et
1381 3400 1443 3449 ob
1476 3414 1587 3449 eam
1626 3402 1790 3465 ipsam
1824 3416 2031 3463 eausam
2066 3400 2133 3452 M.
2174 3400 2324 3450 Late-
