2459 3817
231 99 353 168 128
686 107 765 166 m
803 106 865 165 o.
908 68 1238 166 venam
1277 105 1542 166 ACT.11.
1584 105 1728 164 Lis.
1757 106 1837 166 v.

225 256 683 317 commodorum
723 263 909 329 atque
946 258 1229 330 exempla
1268 255 1676 332 periculorum
1714 263 2105 330 proponeret.
2159 253 2285 314 Pri-

226 356 388 398 mum
416 336 782 398 insimulatio
814 345 910 397 est
934 337 1254 413 repentina
1296 336 1573 413 capitalis
1612 345 1796 414 atque
1840 335 2129 398 invidiosi
2170 337 2285 398 cri-

223 421 430 480 minis=
460 418 705 481 statuite
730 420 935 494 quanti
962 421 1081 480 hoc
1110 420 1334 496 putetis
1363 429 1424 481 et
1451 435 1634 496 quam
1661 421 1884 481 multos
1914 419 2286 480 redemisse=

224 503 447 563 deinde
470 501 697 562 crimen
733 501 865 563 sine
898 511 1288 578 accusatore,
1333 501 1632 564 sententia
1671 502 1805 564 sine
1845 501 2136 577 consilio,
2179 504 2287 562 da-

228 585 453 646 mnatio
507 584 639 645 sine
690 585 1078 646 defensionez
1137 585 1453 647 aestimate
1503 586 1715 645 harum
1768 585 2035 646 omnium
2081 602 2284 646 rerum

224 667 417 744 pretia
472 675 533 728 et
576 667 835 742 cogitate
879 667 941 728 in
975 668 1071 730 his
1102 667 1518 745 iniquitatibus
1558 684 1747 729 unum
1785 667 2066 730 haesisse
2094 669 2286 743 Apol-

221 751 471 823 lonium,
507 758 781 812 caeteros
812 753 1087 826 profecto
1116 753 1338 812 multos
1369 767 1449 812 ex
1475 749 1572 810 his
1594 751 2000 813 incommodis
2023 750 2290 826 pecunia

225 850 294 894 se
327 834 651 894 liberasse:
697 843 1007 908 postremo
1048 835 1364 908 tenebrae,
1405 834 1635 908 vincla,
1688 849 1929 907 carcer,
1978 833 2307 894 inclusum

225 916 623 993 supplicium,
634 918 710 996 [a
730 919 1064 995 complexu]
1099 925 1285 993 atque
1315 925 1654 991 conspectu
1684 925 2003 992 parentum
2033 933 2109 976 ac
2136 917 2287 977 libe-

220 1018 373 1074 rum,
410 999 675 1074 denique
703 999 958 1060 alibero
998 997 1213 1074 spiritu
1243 1008 1428 1088 atque
1471 1015 1508 1058 a
1556 998 1860 1060 communi
1906 1001 2044 1059 luce
2084 999 2286 1060 seclu-

222 1101 389 1143 sum·
416 1083 571 1142 haec
600 1098 769 1156 vero,
804 1099 961 1156 quae
986 1083 1083 1141 vel
1103 1082 1228 1142 vita
1257 1069 1470 1142 redimi
1496 1089 1663 1142 recte
1692 1090 1970 1158 possunt,
2003 1081 2285 1143 aestima-

220 1183 289 1226 re
321 1163 586 1241 pecunia
616 1183 739 1226 non
772 1181 953 1240 queo.
1009 1162 1110 1225 24.
1172 1165 1338 1225 Haec
1381 1163 1584 1225 omnia
1629 1181 1768 1226 sero
1807 1164 2066 1226 redemit
2091 1166 2286 1240 Apol-

223 1249 441 1322 loniuS,
474 1247 594 1308 iam
620 1265 895 1309 maerore
918 1264 991 1309 ac
1020 1246 1282 1308 miseriis
1312 1246 1608 1322 perditus,
1645 1248 1758 1308 sed
1779 1256 1978 1308 tamen
2005 1255 2284 1308 caeteros

223 1330 433 1390 docuit
479 1338 618 1390 ante
662 1331 837 1391 istius
884 1330 1174 1390 avaritiae
1204 1329 1548 1404 scelerique
1581 1321 1938 1405 occurrere,
1978 1330 2097 1390 nisi
2133 1346 2285 1390 vero

222 1411 585 1472 existimatis
624 1411 930 1472 hominem
972 1411 1549 1486 pecuniosissimum
1591 1415 1722 1474 sine
1762 1429 1951 1474 causa
1993 1419 2286 1488 quaestus

162 1539 175 1547 .
224 1495 483 1554 electum
512 1494 593 1553 ad
620 1501 743 1554 tam
771 1494 1126 1556 incredibile
1155 1495 1382 1556 crimen
1411 1505 1517 1556 aut
1561 1498 1692 1556 sine
1727 1497 1943 1557 eadem
1973 1512 2162 1558 causa
2189 1512 2284 1555 re·

224 1585 406 1652 pente
436 1593 471 1636 e
500 1592 745 1638 carcere
774 1577 1063 1638 emissum
1088 1585 1193 1638 aut
1219 1577 1340 1638 hoc
1369 1579 1707 1654 praedandi
1741 1596 1936 1654 genus
1965 1581 2044 1640 ab
2075 1578 2190 1638 isto
2222 1577 2282 1637 in

220 1659 323 1720 illo
367 1677 489 1722 uno
535 1659 867 1722 adhibitum
908 1677 981 1722 ac
1013 1669 1371 1736 temptatum
1397 1669 1458 1722 et
1482 1679 1604 1722 non
1636 1679 1748 1736 per
1783 1661 1959 1722 'illum
2002 1660 2286 1722 omnibus

226 1742 577 1820 pecuniosis
611 1743 833 1806 Siculis
865 1753 1092 1807 vmetum
1122 1745 1506 1821 propositum
1550 1752 1609 1805 et
1635 1743 1942 1806 iniectum.

384 1827 459 1886 X.
516 1825 619 1886 25.
684 1826 875 1903 Cupio
906 1827 1052 1888 mihi
1092 1829 1170 1888 ab
1198 1826 1360 1904 ipso,
1389 1827 1657 1902 iudices,
1699 1827 1948 1902 subiici,
2000 1825 2288 1902 quoniam

223 1909 301 1967 de
340 1907 577 1968 militari
623 1910 757 1970 eius
804 1910 996 1984 gloria
1036 1911 1205 1986 dico,
1269 1910 1322 1972 si
1373 1911 1522 1986 quid
1556 1912 1712 1972 sortev
1737 1920 2077 1986 praetereo.
2136 1909 2287 1968 Nam
2457 1975 2459 1978 Α

224 1989 368 2050 mihi
395 1989 611 2050 videor
643 1990 762 2051 iam
793 1992 871 2054 de
905 1993 1186 2054 omnibus
1219 1995 1405 2053 rebus
1436 1995 1568 2054 eius
1603 1993 1792 2068 gestis
1829 1992 2096 2068 dixisse,
2129 2007 2287 2067 quae
2455 1987 2459 2152 4

228 2070 471 2148 quidem
500 2073 581 2131 ad
609 2073 752 2134 belli
782 2073 1169 2147 fugitivorum
1217 2074 1635 2150 suspicionem
1679 2075 2081 2152 pertinerent=
2123 2081 2288 2136 certe

223 2153 369 2216 nihil
398 2156 601 2216 sciens
642 2155 1040 2230 praetermisi.
1102 2156 1352 2218 Habetis
1393 2157 1656 2219 hominis
1701 2159 1988 2232 consilia,
2034 2157 2290 2233 diligen·
2456 2159 2459 2268 1

226 2239 398 2313 tiam,
456 2237 857 2313 vigilantiam,
910 2240 1250 2300 custodiam
1307 2239 1854 2319 defensionemque
1910 2241 2285 2318 provinciae.
2458 2269 2459 2316 χ

224 2323 469 2382 Summa
496 2321 638 2382 illuc
666 2321 945 2397 pertinet,
988 2330 1055 2384 ut
1086 2321 1321 2395 sciatiS,
1356 2323 1641 2400 quoniam
1670 2327 1850 2400 plura
1883 2341 2108 2400 genera
2149 2331 2288 2384 sunt

222 2402 683 2478 imperatorum,
716 2421 796 2465 ex
828 2420 951 2480 quo
982 2421 1204 2479 genere
1236 2405 1352 2468 iste
1385 2407 1492 2482 sit,
1522 2425 1600 2468 ne
1631 2408 1736 2484 qui
1771 2408 1996 2470 diutius
2027 2407 2089 2468 in
2124 2413 2288 2468 tanta

224 2485 479 2562 penuria
507 2487 775 2549 virorum
806 2487 1045 2550 sortium
1076 2491 1258 2548 talem
1287 2488 1712 2565 imperatorem
1747 2491 2032 2568 ignorare
2069 2488 2286 2566 possit.

222 2569 355 2628 Non
406 2570 484 2629 ad
534 2570 602 2643 Q.
651 2569 900 2630 Maximi
952 2571 1312 2646 sapientiam
1366 2590 1570 2649 neque
1622 2574 1702 2634 ad
1742 2573 1906 2635 illius
1951 2571 2288 2648 superioris

220 2651 491 2712 Africani
524 2651 584 2712 in
617 2669 683 2713 re
725 2655 997 2728 gerunda
1024 2653 1395 2715 celeritatem
1417 2673 1619 2732 neque
1641 2657 1720 2716 ad
1749 2657 1948 2730 huius,
1982 2655 2102 2734 qui,
2122 2663 2294 2731 post·
2394 2676 2406 2720 l

220 2749 297 2794 ea
349 2735 487 2809 fuit,
544 2734 849 2810 singulare
900 2736 1253 2811 consilium,
1295 2755 1496 2814 neque
1529 2741 1608 2799 ad
1640 2738 1830 2800 Paulli
1872 2739 2166 2800 rationem
2215 2753 2289 2798 ac

218 2816 607 2892 disciplinam
636 2835 839 2895 neque
867 2820 947 2880 ad
977 2820 1040 2879 C.
1068 2819 1244 2880 Marii
1270 2819 1392 2880 vim
1422 2830 1608 2898 atque
1639 2821 1948 2896 virtutem,
1982 2822 2096 2884 sed
2125 2820 2290 2882 aliud

218 2915 416 2973 genus
448 2899 833 2976 imperatoris
865 2919 1013 2964 sane
1044 2901 1364 2980 diligenter
1393 2905 1774 2966 retinendum
1816 2915 1876 2967 et
1916 2919 2288 2966 conservan-

214 2983 395 3057 dum,
440 3000 705 3060 quaeso,
748 2987 1122 3060 cognoscite.
1200 2987 1302 3049 26.
1370 2987 1655 3048 Itinerum
1699 2987 1960 3064 prim'um
2001 2988 2288 3059 laborem,

222 3066 325 3138 qui
354 3068 453 3127 vel
488 3066 788 3128 maximus
820 3068 1003 3130 estin
1034 3083 1102 3129 re
1130 3067 1404 3144 militari,
1433 3069 1700 3144 iudiceS,
1733 3080 1794 3133 et
1829 3071 1892 3132 in
1929 3069 2136 3132 Sicilia
2165 3085 2290 3128 ma-

218 3149 381 3209 xime
418 3149 837 3224 necessariuS‚
879 3150 1139 3228 accipite
1169 3169 1352 3227 quam
1382 3153 1623 3214 facilem
1653 3152 1771 3215 sibi
1817 3156 1932 3216 iste
1975 3161 2038 3214 et
2077 3153 2286 3214 iucun⁴

221 3229 362 3292 dum
392 3233 626 3294 ratione
655 3232 1038 3310 consilioque
1066 3235 1417 3296 reddiderit.
1486 3236 1746 3299 Primum
1790 3236 2170 3333 temporibus
2199 3233 2289 3294 hi-

220 3311 423 3374 bernis
454 3315 533 3375 ad
554 3315 1021 3392 magnitudinem
1054 3317 1350 3394 frigorum
1373 3326 1432 3380 et
1457 3327 1882 3395 tempestatum
1913 3319 2034 3380 vim
2065 3335 2139 3378 ac
2175 3317 2294 3378 ssu-
