2459 3817
194 103 277 166 40
689 67 851 163 Pno‘
869 101 1163 161 ARcfflA
1192 99 1440 160 POETA
1473 100 1679 162 onA‘r
1696 99 1809 160 ιο.

202 253 466 315 libellum
491 252 685 315 malus
712 254 895 326 poeta
924 252 1001 310 de
1025 252 1254 327 populo
1279 250 1666 320 subiecisset,
1700 251 1866 326 quod
1894 246 2274 325 epigramma

200 335 263 397 in
299 352 437 396 eum
471 333 721 395 fecisset
792 336 1204 397 tantummodo
1238 335 1484 396 alternis
1528 335 1808 396 versibus
1847 331 2274 407 longiusculis‚

202 419 405 481 statim
429 435 509 478 ex
540 417 617 477 iis
645 417 861 489 rebuS,
905 434 1059 492 quas
1084 425 1210 478 tum
1244 417 1568 484 vendebat,
1597 417 1812 476 iubere
1844 415 1900 475 ei
1930 415 2274 490 praemium

200 501 380 563 tribui
412 500 527 560 sub
555 517 631 559 ea
660 498 1051 572 condicione,
1104 516 1183 559 ne
1228 498 1376 574 quid
1402 507 1624 574 postea
1651 500 1959 560 scriberet.
2023 497 2139 572 Qui
2169 514 2270 558 se·

202 584 511 646 dulilatem
544 581 685 641 mali
714 585 933 660 poetae
964 581 1206 642 duxerit
1233 581 1440 658 aliquo
1470 589 1671 644 tamen
1701 582 1970 657 praemio
2001 581 2274 656 dignam,

200 666 381 727 huius
408 662 716 740 ingenium
741 672 801 725 et
821 665 1099 727 virtutem
1124 665 1183 724 in
1221 664 1546 724 scribendo
1582 674 1641 736 et
1667 665 1908 740 copiam
1931 680 2052 724 non
2076 680 2269 739 expe·

200 749 419 810 tissetv
476 747 578 810 26.
616 744 813 822 Quid?
858 764 898 809 a
925 749 993 822 Q.
1020 749 1265 809 Metello
1295 747 1420 821 Pio,
1462 745 1930 808 familiarissimo
1965 763 2113 820 suo,
2159 748 2270 822 qui

201 831 445 914 civitate
485 833 706 892 multos
750 831 1028 902 donavit,
1072 847 1275 906 neque
1317 846 1425 904 per
1463 847 1535 890 se
1574 846 1775 906 neque
1823 845 1934 904 per
1975 829 2271 890 Lucullos

201 915 697 990 impetravisset?
726 913 829 990 qui
860 913 1218 990 praesertim
1252 928 1454 986 usque
1484 928 1558 973 eo
1594 915 1673 972 de
1701 913 1832 974 suis
1864 911 2052 972 rebus
2079 911 2268 972 scribi

201 1005 483 1072 cuperet,
526 1007 592 1058 ut
637 997 815 1058 etiam
852 998 1169 1058 Cordubae
1210 995 1370 1056 natis
1408 996 1638 1071 poetiS,
1696 993 1921 1070 pingue
1974 994 2270 1069 quiddam

206 1081 567 1142 sonantibus
614 1089 800 1155 atque
845 1081 1264 1155 peregrinum,
1312 1087 1512 1138 tamen
1553 1094 1736 1138 aures
1792 1094 1940 1138 suas
1990 1075 2263 1138 dederet.

200 1165 299 1225 xl.
334 1165 547 1239 Neque
576 1163 737 1223 enim
767 1171 863 1223 est
887 1161 1008 1223 hoc
1038 1161 1571 1233 dissimulandum,
1602 1161 1770 1235 quod
1799 1159 2115 1221 obscurari
2139 1176 2268 1220 non

201 1254 432 1322 potest,
479 1246 591 1306 sed
635 1261 781 1320 prae
823 1244 1001 1307 nobis
1058 1246 1401 1317 ferendum,
1450 1244 1740 1304 trahimur
1792 1257 2004 1303 omnes
2060 1241 2268 1303 studio

204 1329 406 1389 laudis
449 1337 510 1388 et
536 1329 803 1403 optimus
838 1327 1101 1400 quisque
1133 1326 1393 1386 maxime
1433 1325 1626 1400 gloria
1669 1325 1925 1388 ducitur.
2005 1324 2136 1400 Ipsi
2177 1324 2266 1384 illi
2456 1369 2457 1426 1

206 1409 558 1485 philosophi
605 1409 786 1471 ctiam
830 1410 947 1472 illis
990 1410 1243 1482 libellis,
1303 1425 1462 1482 quos
1493 1409 1571 1469 de
1602 1406 2044 1469 contemnenda
2071 1405 2268 1482 gloria
2456 1427 2457 1488 l

204 1491 508 1564 scribunt,
538 1507 759 1551 nomen
793 1507 973 1567 suum
998 1491 1365 1552 inscribunte
1400 1490 1460 1550 in
1491 1506 1566 1552 eo
1589 1492 1755 1567 ipso,
1785 1491 1848 1553 in
1873 1507 1995 1565 quo
2024 1489 2264 1565 praedi·

144 1573 505 1660 „cationem
515 1571 1017 1648 nobilitatemque
1032 1573 1395 1648 despiciunt,
1418 1573 1760 1649 praedicari
1784 1574 1862 1635 de
1885 1590 1954 1634 se
1976 1590 2050 1634 ac
2073 1572 2264 1635 nomi-

203 1660 334 1719 nari
372 1659 601 1722 volunt.
689 1653 787 1719 27.
831 1657 1115 1717 Decimus
1161 1657 1407 1733 quidem
1448 1656 1702 1730 BrutuS,
1748 1672 2022 1720 summus
2063 1655 2160 1716 vir
2205 1673 2270 1716 et

202 1743 563 1817 imperator,
597 1739 803 1813 Accii,
836 1739 1188 1801 amicissimi
1224 1739 1351 1814 sui,
1384 1738 1752 1800 carminibus
1795 1741 2158 1814 templorum
2191 1754 2266 1808 ac

204 1833 731 1886 monumentorum
763 1823 964 1884 aditus
988 1822 1306 1884 exornavit
1333 1839 1601 1883 suorum.
1655 1823 1779 1883 Iam
1809 1838 1954 1882 vero
1991 1821 2124 1894 ille,
2159 1820 2264 1896 qui

205 1925 343 1968 cum
383 1907 621 1967 Aetolis
660 1905 855 1966 Ennio
900 1904 1121 1967 comite
1159 1905 1436 1979 bellavit,
1477 1904 1759 1976 Fulvius,
1806 1922 1927 1966 non
1970 1903 2264 1965 dubitavit

202 1989 411 2050 Martis
441 1987 760 2048 manubias
790 1987 985 2048 Musis
1015 2005 1396 2050 consecrare.
1457 1988 1586 2062 Qua
1614 2003 1681 2048 re
1719 1987 1778 2047 in
1810 2004 1932 2063 qua
1972 1988 2122 2047 urbe
2155 1986 2248 2046 im·

204 2077 519 2146 pei-atores
548 2085 744 2145 prope
774 2069 985 2130 armati
1009 2075 1320 2146 poetarum
1346 2087 1564 2132 nomen
1594 2079 1656 2131 et
1673 2071 1981 2131 Musarum
2011 2070 2258 2130 delubra

204 2155 550 2234 colueQnt‚
586 2151 647 2211 in
668 2167 743 2211 ea
772 2168 891 2212 non
918 2152 1143 2214 debent
1162 2153 1350 2228 togati
1379 2154 1613 2214 iudices
1635 2169 1672 2212 a
1697 2153 2010 2214 Musarum
2028 2151 2260 2216 honore

202 2245 265 2298 et
292 2254 329 2296 a
360 2237 676 2310 poetarum
706 2236 901 2296 salute
932 2235 1281 2298 abhorrere.

370 2316 471 2378 28.
502 2319 707 2392 Atque
729 2325 795 2376 ut
813 2315 878 2380 id
906 2317 1188 2380 libentius
1219 2319 1452 2382 faciatis
1471 2367 1486 2392 ,
1511 2319 1628 2380 iam
1650 2336 1747 2380 me
1771 2317 1946 2380 vobis
1962 2364 1978 2390 ,
2007 2315 2258 2387 iudiceS,

205 2400 485 2460 indicabo
510 2402 668 2461 etde
692 2415 827 2461 meo
855 2403 1121 2478 quodam
1143 2419 1351 2464 amore
1375 2403 1602 2478 gloriae
1626 2402 1802 2463 nimis
1826 2401 1951 2461 acri
1981 2401 2254 2468 fortasse,

204 2499 417 2544 verum
446 2491 647 2544 tamen
677 2483 937 2545 honesto
972 2485 1149 2545 vobis
1192 2486 1546 2547 confitebor.
1619 2485 1768 2544 Nam
1807 2499 1964 2559 quas
2003 2499 2106 2543 res
2144 2496 2258 2540 nos

205 2566 264 2626 in
296 2567 618 2629 consulatu
652 2576 864 2628 nostro
901 2567 1220 2627 vobiscum
1263 2567 1440 2628 simul
1479 2583 1590 2642 pro
1637 2569 1834 2628 salute
1874 2564 2058 2627 huius
2090 2561 2259 2628 urbis

204 2656 391 2724 atque
420 2646 653 2724 imperii
684 2657 745 2710 et
779 2667 891 2724 pro
923 2647 1048 2710 vita
1082 2649 1305 2709 civium
1336 2665 1575 2725 proque
1603 2649 1892 2710 universa
1917 2657 1986 2709 re
2015 2644 2258 2723 publica

206 2730 531 2806 gessimuS,
556 2733 748 2807 attigit
768 2731 868 2792 hic
890 2731 1172 2792 versibus
1202 2741 1384 2806 atque
1406 2731 1742 2792 inchoavit=
1771 2730 1992 2808 quibus
2016 2725 2257 2800 auditiS,

208 2814 375 2888 quod
404 2813 549 2874 mihi
578 2831 795 2890 magna
822 2831 923 2875 res
953 2822 1013 2874 et
1040 2815 1308 2876 iucunda
1336 2813 1470 2874 visa
1499 2822 1620 2889 est,
1649 2814 1812 2874 hunc
1840 2813 1920 2873 ad
1941 2810 2258 2889 perficien-

207 2897 353 2956 dum
374 2896 683 2957 adornavi.
744 2897 977 2957 Nullam
1004 2896 1164 2956 enim
1195 2895 1385 2958 virtus
1413 2896 1591 2956 aliam
1613 2897 1953 2957 mercedem
1984 2895 2256 2954 laborum

210 2977 741 3055 periculorumque
788 2980 1095 3040 desiderat
1146 2988 1388 3054 praeter
1435 2979 1593 3039 hanc
1645 2979 1844 3040 laudis
1888 2988 1949 3039 et
1999 2974 2256 3051 gloriaez

208 3079 331 3136 qua
380 3060 627 3137 quidem
669 3062 967 3133 detracta,
1009 3060 1275 3131 iudiceS,
1322 3060 1468 3138 quid
1515 3068 1610 3122 est
1664 3060 1832 3136 quod
1877 3059 1937 3120 in
1979 3060 2100 3120 hoc
2137 3065 2258 3118 tam

207 3143 431 3221 exiguo
473 3145 632 3206 vitae
671 3142 967 3204 curriculo
1008 3151 1070 3205 et
1107 3151 1228 3206 tam
1259 3143 1430 3206 brevi
1472 3143 1654 3206 tantis
1694 3159 1810 3206 nos
1854 3142 1916 3202 in
1949 3139 2258 3202 laboribus

209 3234 647 3290 exerceamus?
708 3225 809 3286 29.
851 3225 1043 3294 Certe,
1066 3225 1119 3286 si
1150 3225 1297 3287 nihil
1337 3226 1575 3289 animus
1616 3223 2016 3303 praesentiret
2052 3223 2112 3282 in
2147 3237 2256 3297 po-
