2459 3817
782 91 950 154 cAP.
979 99 1245 156 ,ιο-ει.
1292 97 1345 161 ι.
1373 97 1637 158 sa-aa
1668 69 1681 80 '
2130 89 2253 159 169

185 242 390 309 iniecit
413 241 766 318 amentiam,
798 249 868 306 ut
897 243 1030 306 sine
1058 239 1445 318 imaginibus,
1478 241 1615 304 sine
1644 251 1828 308 cantu
1854 254 2043 322 atque
2071 247 2251 324 ludis,

183 328 318 394 sine
345 327 676 403 exsequiis,
699 326 838 394 sine
872 326 1170 399 lamentis,
1200 327 1338 388 sine
1358 325 1827 401 laudationibus,
1858 327 1993 390 sine
2018 330 2254 407 funere,

184 410 412 476 oblitus
431 425 654 474 cruore
673 418 736 470 et
759 411 909 484 luto,
937 407 1239 486 spoliatus
1261 408 1426 471 illius
1444 409 1719 484 supremi
1740 408 1865 472 diei
1884 413 2253 486 celebritate,

183 493 284 558 cui
306 495 532 558 cedere
557 489 779 556 inimici
808 493 988 556 etiam
1019 494 1249 566 solent,
1294 493 1711 555 ambureretur
1738 493 2033 557 abiectus.
2118 495 2253 558 Non

185 577 378 640 ruisse
404 577 591 639 credo
619 577 714 638 ias
743 573 1217 639 clarissimorum
1239 573 1508 638 virorum
1538 578 1763 638 formas
1794 577 1881 638 illi
1908 576 2255 640 taeterrimo

183 659 526 738 parricidae
551 657 782 736 aliquid
811 657 1058 721 decoris
1087 659 1359 732 adferre,
1395 673 1599 735 neque
1627 661 1751 720 ullo
1781 658 1843 720 in
1868 661 2008 724 loco
2045 659 2255 736 potius

184 751 438 808 mortem
467 743 602 804 eius
629 741 886 804 lacerari
917 757 1102 818 quam
1131 740 1194 802 in
1227 757 1355 816 quo
1386 748 1555 818 esset
1586 740 1713 804 vita
1739 742 2043 803 damnata.

299 824 404 890 87.
441 827 636 900 Dura,
663 825 902 890 medius
929 825 1134 898 fidius,
1163 823 1309 885 mihi
1335 821 1733 886 iamFortuna
1756 825 1971 900 popul-i
1996 826 2255 890 Romani

181 919 244 973 et
275 909 542 972 erudelis
573 908 924 983 videbatur,
954 923 1118 984 quae
1153 913 1243 968 tot
1268 920 1469 966 annos
1496 905 1664 967 illum
1699 905 1763 967 in
1790 906 1951 967 hanc
1980 925 2108 970 rem
2138 927 2253 986 pu-

181 993 404 1056 blicam
457 991 749 1056 insultare
801 998 1129 1067 pateretur.
1222 989 1532 1051 Polluerat
1570 996 1783 1064 stupro
1826 991 2253 1054 sanctissimas

182 1076 511 1150 religiones
525 1118 540 1145 ,
583 1081 836 1135 senatus
867 1071 1233 1148 gravissima
1258 1073 1507 1135 decreta
1548 1074 1955 1148 persi-egerat,
1990 1077 2253 1150 pecunia

185 1173 256 1222 se
281 1173 324 1218 a
349 1155 654 1220 iudicibus
687 1157 886 1231 palam
917 1155 1291 1228 redemerat,
1340 1163 1593 1216 vexarat
1628 1155 1691 1216 in
1734 1157 2041 1218 tribunatu
2074 1175 2253 1222 sena-

183 1250 340 1315 tum,
375 1238 644 1302 omnium
683 1237 964 1302 ordinum
993 1254 1307 1300 consensu
1335 1255 1449 1314 pro
1480 1239 1677 1302 salute
1714 1240 1803 1301 rei
1834 1241 2119 1317 publicae
2146 1257 2255 1318 ge·

185 1333 280 1388 sta
303 1321 666 1393 resciderat,
699 1337 800 1386 me
829 1321 1022 1398 patria
1049 1324 1401 1399 expulerat,
1428 1323 1593 1386 bona
1621 1321 1974 1400 diripuerat,
2004 1325 2251 1388 domum

186 1407 564 1480 incenderat,
573 1403 860 1477 liberos,
905 1406 1226 1483 coniugem
1266 1422 1465 1470 meam
1504 1416 1773 1482 vexarat,
1818 1408 1925 1470 Cn.
1952 1407 2251 1485 Pompeio

187 1490 476 1554 nefarium
499 1489 721 1550 bellum
743 1449 1060 1562 indixerat,
1099 1490 1554 1566 magistratuum
1583 1491 2081 1567 privatorumque
2112 1507 2252 1554 cae-

187 1577 298 1637 des
326 1573 638 1645 effecerat,
671 1573 920 1637 domum
960 1572 1078 1636 mei
1121 1571 1323 1636 fratris
1362 1575 1745 1648 incenderat,
1768 1582 2039 1636 vastarat
2077 1575 2251 1634 Etru·

183 1657 352 1730 riam,
383 1657 604 1717 multos
637 1655 892 1720 sedibus
919 1672 995 1718 ac
1025 1656 1285 1719 fortunis
1316 1655 1609 1716 eieceratz
1640 1656 1933 1726 instabat,
1966 1656 2255 1728 urgebatae

187 1753 410 1816 capere
446 1737 580 1800 eius
612 1739 934 1800 amentiam
973 1738 1222 1810 civitae,
1251 1738 1450 1810 Italia,
1477 1736 1859 1812 provinciae,
1908 1751 2101 1809 regna
2128 1749 2254 1794 non

176 1827 497 1900 ,poterant-
544 1819 1007 1883 incidebantur
989 1837 1108 1882 iam
1137 1816 1303 1880 domi
1329 1820 1529 1893 leges,
1578 1833 1737 1894 quae
1766 1833 1885 1878 nos
1914 1815 2115 1878 servis
2144 1832 2253 1877 no·

187 1906 328 1968 stris
351 1902 732 1966 addicerent·
761 1903 910 1964 nihil
937 1909 1068 1964 erat
1097 1901 1478 1975 cuiusquam,
1509 1901 1675 1977 quod
1707 1898 1953 1976 quidem
1983 1899 2085 1959 ille
2108 1899 2257 1960 ada·

187 1995 444 2061 masset,
491 1987 660 2062 quod
686 2001 812 2046 non
839 1985 960 2046 hoc
985 2000 1149 2047 anno
1181 2000 1362 2046 suum
1395 1985 1527 2044 rore
1557 1990 1815 2058 putaret.
1901 1981 2004 2047 88.
2037 1982 2251 2042 Obsta-

187 2073 289 2134 bat
315 2068 450 2132 eius
479 2067 951 2145 cogitationibus
979 2083 1158 2130 nemo
1190 2075 1433 2142 praeter
1458 2065 1765 2127 Milonem.
1830 2065 2001 2126 illum
2031 2066 2257 2141 ipsum,

192 2153 296 2232 qui
325 2154 572 2216 obstare
601 2159 866 2228 poterat,
897 2168 1063 2215 novo
1095 2150 1296 2214 reditu
1327 2151 1388 2211 in
1416 2148 1669 2225 gratiam
1693 2148 1872 2225 quasi
1904 2148 2257 2210 devinctum

195 2233 634 2297 arbitrabatur:
668 2233 951 2296 Caesaris
985 2230 1318 2307 potentiam
1350 2247 1525 2292 suam
1560 2246 1705 2292 esse
1739 2230 2011 2290 dicebat:
2057 2232 2249 2291 bono-

197 2330 330 2377 rum
349 2317 598 2382 ,animos
629 2317 690 2378 in
725 2331 864 2378 meo
894 2330 1048 2376 casu
1076 2321 1563 2389 contempserat.
1603 2313 1748 2375 Milo
1780 2329 1941 2374 unus
1973 2315 2249 2388 urgebat.

287 2385 572 2481 XXXIII.
615 2394 728 2456 Hic
767 2394 832 2456 di
869 2393 1269 2467 immortales,
1310 2402 1377 2455 ut
1416 2410 1605 2468 supra
1646 2391 1807 2468 dixi,
1861 2402 2122 2455 mentem
2168 2392 2253 2454 illi

179 2459 426 2560 perdito
455 2495 531 2540 ac
560 2477 792 2539 furioso
817 2477 1144 2549 dederunt,
1190 2484 1257 2538 ιιι
1282 2476 1423 2538 huic
1450 2477 1679 2538 faceret
1705 2476 1983 2538 insidias.
2058 2475 2255 2538 Aliter

148 2561 387 2642 perire
414 2559 608 2638 pestis
637 2561 740 2620 illa
766 2577 889 2622 non
918 2559 1144 2636 potuit:
1180 2575 1511 2634 numquam
1537 2559 1706 2620 illum
1734 2575 1838 2622 res
1868 2559 2114 2634 publica
2136 2574 2251 2619 suo

187 2649 320 2708 iure
357 2652 526 2707 esset
549 2644 694 2706 ulta.
763 2642 1056 2718 Senatus,
1063 2645 1293 2716 credo,
1324 2651 1665 2718 praetorem
1694 2658 1834 2703 eum
1870 2641 2253 2708 circumscri-

191 2727 439 2806 psisset.
462 2727 552 2786 Ne
590 2743 775 2802 quum
803 2727 1041 2789 solebat
1069 2726 1317 2801 quidem
1348 2725 1413 2786 id
1439 2725 1659 2798 facere,
1688 2725 1748 2785 in
1770 2723 2007 2800 privato
2032 2726 2253 2786 eodem

191 2811 308 2874 hoc
337 2807 566 2886 aliquid
608 2811 969 2884 profecerat.
1057 2808 1157 2871 89.
1199 2810 1297 2870 An
1347 2796 1635 2869 consules
1680 2806 1742 2868 in
1773 2815 2053 2882 praetore
2084 2823 2253 2869 coer-

189 2896 387 2957 cendo
412 2895 602 2954 for-tes
631 2890 931 2954 fuissent?
968 2889 1231 2953 Primum
1259 2889 1485 2952 Milone
1514 2889 1725 2952 occiso
1753 2889 2071 2952 habuisset
2100 2905 2254 2952 suos

189 2979 516 3042 consulem
570 2973 796 3036 deinde
838 2975 980 3052 quis
1035 2976 1096 3035 in
1149 2989 1225 3036 eo
1273 2981 1551 3049 praetore
1592 2974 1811 3037 consul
1854 2971 2026 3036 fortis
2068 2981 2255 3044 esset,

193 3077 306 3138 per
335 3075 517 3138 quem
541 3058 844 3120 tribunum
871 3058 1149 3122 virtutem
1181 3057 1567 3119 consularem
1590 3055 2013 3119 crudelissime
2070 3069 2251 3115 vexa-

191 3153 314 3207 tam
342 3159 483 3208 esse
522 3139 936 3204 meminisset?
983 3139 1413 3216 oppressisset
1439 3138 1659 3214 omnia,
1690 3138 2056 3217 possideret,
2085 3144 2244 3197 tene·

191 3235 285 3288 ret
306 3249 322 3282 a
361 3229 500 3303 lege
526 3241 717 3298 nova,
762 3242 921 3302 quae
950 3233 1046 3288 est
1072 3222 1321 3285 inventa
1349 3224 1516 3298 apud
1544 3239 1683 3285 eum
1716 3239 1853 3284 cum
1880 3219 2137 3292 reliquis
2165 3220 2245 3279 le·

190 3306 371 3385 gibus
413 3307 754 3382 Clodianis,
809 3323 1034 3370 servos
1068 3315 1318 3369 nostros
1352 3305 1604 3368 libertos
1638 3320 1789 3367 suos
1820 3303 2100 3364 fecissen
2138 3315 2247 3378 po·
