2459 3817
254 91 375 154 112
711 96 791 155 IN
836 95 899 155 C.
943 92 1272 153 VERREM
1299 92 1465 152 AcT.
1499 92 1571 149 11.
1599 91 1740 152 LlB.
1771 91 1873 150 IV.

256 256 324 310 ut
368 253 787 315 conservaret,
847 257 1059 302 verum
1097 249 1173 322 ‘ut
1211 235 1927 315 asportaret'requisivit.
1986 239 2133 300 LIX.
2191 243 2318 302 Iam

256 331 389 402 illa,
420 343 579 402 quae
606 327 838 386 leviora
864 324 1255 396 videbuntur,
1291 323 1430 382 ideo
1453 322 1826 397 praeteribo=
1873 323 2043 397 quod
2071 339 2318 384 mensas

256 410 584 485 Delphicas
628 425 665 469 e
692 423 1020 482 marmore,
1062 415 1332 466 crateras
1378 421 1456 464 ex
1497 420 1640 464 aere
1678 404 2150 480 pulcherrimas,
2193 407 2316 467 vim

256 493 579 552 maximam
612 507 901 551 vasorum
932 488 1374 550 Corinthiorum
1407 503 1488 548 ex
1519 487 1800 549 omnibus
1835 487 2094 548 aedibus
2121 491 2314 548 sacris

257 574 506 636 abstulit
560 572 905 650 Syracusis.
977 571 1119 634 132.
1174 572 1417 646 Itaque,
1461 569 1727 644 iudices,
1769 569 1842 642 ii,
1889 568 1996 645 qui
2039 570 2316 646 hospites

258 659 339 718 ad
373 673 478 728 ea,
526 672 685 731 quae
726 653 985 716 visenda
1016 663 1186 727 sunt,
1228 655 1431 714 solent
1471 653 1698 713 ducere
1735 660 1798 712 et
1823 669 2011 713 unum
2041 652 2314 729 quidque

258 739 612 812 ostendere,
644 755 802 813 quos
830 738 914 798 illi
948 745 1346 815 mystagogos
1374 741 1630 810 vocant,
1670 749 2033 796 conversam
2061 734 2180 796 iam
2207 736 2314 796 ha-

254 823 402 883 bent
460 820 1035 883 demonstrationem
1092 835 1286 880 suam.
1368 818 1518 878 Nam
1543 864 1558 891 ,
1621 826 1688 878 ut
1747 826 1888 877 ante
1939 819 2314 880 demonstra·
2387 845 2409 860 ·

255 907 421 977 bant,
452 904 601 979 quid
628 902 857 979 ubique
884 909 1070 975 esset,
1100 903 1246 963 item
1274 917 1438 961 nunc
1467 901 1613 976 quid
1645 901 1916 976 undique
1943 902 2208 961 ablatum
2235 901 2315 961 sit

258 989 604 1050 ostendunt.

424 1069 582 1143 Quid
605 1076 771 1131 tum?
802 1066 1173 1128 mediocrine
1202 1067 1446 1127 tandem
1475 1067 1688 1127 dolore
1714 1081 1824 1126 eos
1857 1067 2136 1127 adfectos
2169 1082 2314 1127 esse

256 1150 673 1214 arbitramini?
743 1151 876 1212 Non
923 1151 1005 1211 ita
1058 1158 1182 1222 est,
1244 1149 1510 1210 iudices=
1554 1146 1842 1224 primum,
1888 1149 2057 1223 quod
2099 1165 2314 1210 omnes

253 1236 546 1311 religione
574 1243 921 1308 moventur,
956 1240 1017 1293 et
1045 1235 1198 1294 deos
1230 1231 1493 1308 patrioS,
1528 1247 1685 1305 quos
1713 1248 1750 1291 a
1777 1230 2110 1292 maioribus
2137 1247 2314 1292 acce-

256 1328 507 1392 perunt,
550 1317 844 1377 colendos
874 1315 991 1374 sibi
1023 1315 1345 1390 diligenter
1376 1323 1436 1374 et
1462 1314 1815 1375 retinendos
1844 1330 1989 1374 esse
2018 1314 2315 1374 arbitran-

254 1409 383 1458 tur:
429 1398 652 1457 deinde
694 1397 793 1456 hic
834 1403 1113 1468 ornatus,
1157 1397 1312 1456 haec
1353 1413 1541 1471 opera
1567 1406 1750 1472 atque
1783 1396 2065 1469 artificia,
2116 1396 2310 1472 signa,

257 1481 497 1540 tabulae
528 1479 756 1555 pictae,
790 1478 1059 1538 Graecos
1084 1478 1364 1539 homines
1396 1479 1582 1540 nimio
1618 1496 1807 1555 opere
1835 1479 2156 1540 delectant.
2195 1482 2312 1540 Ita-

257 1579 379 1638 que
420 1580 497 1622 ex
537 1563 775 1622 illorum
807 1561 1199 1636 querimoniis
1227 1561 1564 1636 intelligere
1593 1579 1954 1636 possumuS,
2009 1563 2162 1622 haec
2191 1562 2310 1623 illis

254 1645 651 1707 acerbissima
676 1643 903 1719 videri,
944 1661 1103 1720 quae
1148 1645 1398 1706 forsitan
1429 1645 1606 1706 nobis
1635 1645 1796 1706 levia
1827 1653 1889 1704 et
1921 1653 2312 1706 contemnen-

254 1731 333 1789 da
360 1745 503 1790 esse
528 1727 868 1789 videantur.
929 1729 1074 1790 Mihi
1112 1729 1370 1802 credite,
1399 1728 1664 1802 iudiceS‚
1689 1759 1777 1772 —-
1803 1726 2040 1788 tametsi
2075 1736 2315 1788 vosmet

252 1812 427 1887 ipsos
459 1813 610 1870 haec
640 1813 855 1872 eadem
882 1811 1095 1872 audire
1130 1819 1296 1871 certo
1327 1809 1458 1871 scio
1487 1841 1600 1882 ·--,
1646 1827 1829 1884 quum
1876 1811 2092 1870 multas
2137 1825 2312 1870 acce-

255 1893 456 1968 perint
486 1911 597 1966 per
627 1895 821 1954 hosce
852 1910 1048 1954 annos
1080 1895 1232 1954 socii
1261 1903 1446 1968 atque
1487 1902 1733 1954 exterae
1761 1891 2038 1952 nationes
2071 1891 2312 1952 calami-

256 1983 407 2035 tates
438 1983 498 2034 et
520 1974 799 2046 iniurias,
831 1978 1029 2034 nullas
1054 1976 1268 2036 Graeci
1301 1974 1580 2036 homines
1614 1974 1861 2050 gravius
1891 1975 2090 2034 ferunt
2117 1989 2192 2034 ac
2217 1983 2310 2034 tu-

253 2059 481 2127 lerunt,
529 2071 710 2129 quam
750 2056 1005 2116 huiusce
1043 2058 1207 2116 modi
1253 2057 1650 2130 spoliationes
1681 2059 1959 2118 fanorum
1988 2065 2172 2132 atquc
2201 2073 2310 2132 op·

255 2138 554 2213 pidorum.
618 2136 759 2199 133.
823 2137 993 2198 Licet
1032 2137 1148 2198 iste
1191 2135 1354 2198 dicat
1397 2139 1622 2200 emisse
1664 2157 1762 2212 se,
1817 2141 2002 2201 sicuti
2037 2141 2193 2201 solet
2221 2139 2312 2198 di·

258 2238 429 2282 cerea
476 2220 705 2281 credite
732 2219 853 2280 hoe
882 2219 1059 2292 mihi,
1104 2217 1372 2280 iudices=
1418 2223 1584 2282 nulla
1609 2239 1899 2299 umquam
1927 2222 2141 2284 civitas
2183 2230 2311 2283 tota

252 2304 407 2364 Asia
448 2314 507 2363 et
535 2302 787 2363 Graecia
816 2302 1058 2376 signum
1091 2303 1309 2375 ullum,
1349 2304 1616 2364 tabulam
1643 2307 1894 2382 pictam,
1923 2307 2111 2365 ullum
2141 2304 2309 2364 deni·

254 2391 824 2461 que⁸ornamentum
851 2383 1041 2459 urbiS,
1072 2402 1183 2447 sua
1212 2387 1522 2448 voluntate
1551 2388 1830 2463 cuiquam
1860 2388 2160 2448 vendidit=
2189 2385 2310 2447 nisi

251 2469 408 2528 forte
451 2466 843 2539 exis-timatiS,
900 2475 1116 2543 postea
1164 2487 1346 2544 quam
1385 2469 1610 2530 iudicia
1651 2487 1869 2532 severa
1907 2472 2138 2531 Romae
2177 2468 2311 2530 fieri

237 2549 599 2624 ¹desierunt,
631 2549 899 2611 Graecos
942 2551 1221 2612 homines
1265 2553 1418 2612 haec
1449 2553 1763 2614 venditare
1799 2553 2114 2628 coepisse,
2150 2567 2312 2626 quae

249 2641 377 2694 tum
406 2649 529 2693 non
558 2632 743 2693 modo
773 2649 897 2694 non
918 2634 1330 2708 venditabant,
1361 2653 1548 2710 quum
1574 2635 1798 2697 iudicia
1819 2636 2061 2709 fiebant,
2101 2651 2312 2694 verum

252 2714 430 2776 etiam
476 2715 861 2777 coemebant:
905 2723 1010 2776 aut
1041 2716 1159 2777 nisi
1178 2717 1543 2778 arbitramini
1570 2719 1636 2777 L.
1671 2720 1910 2791 Crasso,
1943 2719 2012 2791 Q.
2044 2717 2311 2778 Scaevo-

251 2800 377 2870 lae,
410 2799 471 2856 G.
507 2797 776 2871 Claudio,
808 2798 1246 2873 potentissimis
1276 2800 1650 2874 hominibuS,
1689 2819 1946 2878 quorum
1971 2800 2311 2861 aedilitates

252 2878 672 2941 ornatissimas
705 2880 985 2955 vidimus,
1012 2884 1438 2944 commercium
1467 2883 1718 2944 istarum
1739 2901 1942 2945 rerum
1963 2900 2101 2945 cum
2123 2882 2310 2942 Grae·

251 2962 340 3022 cis
385 2962 731 3024 hominibus
781 2980 901 3024 non
933 2962 1154 3025 fuisse:
1194 2966 1302 3040 iis,
1348 2968 1452 3042 qui
1481 2974 1625 3042 post
1651 2968 2012 3030 iudiciorum
2043 2966 2310 3027 dissolu·

252 3043 473 3107 tionem
508 3045 741 3106 aediles
775 3047 917 3106 facti
946 3057 1105 3120 sunt,
1138 3048 1347 3110 fuisse.

412 3129 533 3188 LX.
598 3127 738 3190 134.
811 3131 1207 3190 Acerbiorem
1257 3131 1436 3192 etiam
1489 3131 1706 3195 scitote
1765 3150 1908 3195 esse
1961 3131 2308 3194 civitatibus

250 3211 461 3271 salsam
492 3211 667 3272 istam
710 3220 771 3273 et
815 3211 1155 3274 simulatam
1198 3215 1592 3289 emptionem,
1647 3233 1829 3292 quam
1871 3216 1924 3277 si
1984 3215 2090 3289 qui
2151 3216 2307 3275 clam

250 3293 537 3368 surripiat
562 3303 666 3356 aut
694 3294 911 3372 eripiat
938 3298 1139 3372 palam
1168 3304 1353 3372 atque
1382 3299 1631 3360 auferat.
1689 3300 1840 3360 Nam
1869 3297 2302 3376 turpitudinem
