2459 3817
251 124 332 194 60
754 137 835 195 ΙΝ
878 136 940 195 C.
984 136 1400 195 CAECILIUM
1438 86 1854 194 DIVINATIO.

259 285 444 349 iurias
475 302 620 346 suas
652 284 939 359 persequi
969 286 1206 356 volunt,
1257 301 1381 359 qua
1406 282 1466 343 in
1499 299 1568 343 re
1600 282 1797 342 dolori
1838 298 1985 354 su0‚
2040 299 2161 343 non
2214 284 2308 344 rei

261 368 541 444 publicae
589 368 926 428 commodis
980 368 1284 437 serviunt,
1342 375 1567 440 quanto
1613 365 1715 425 illa
1763 362 2077 425 honestior
2115 381 2308 425 causa

262 460 374 522 est,
409 466 566 524 quae
595 466 715 509 non
748 451 946 510 solum
984 449 1319 526 probabilis
1346 448 1569 523 videri,
1606 449 1719 507 sed
1756 447 1933 507 etiam
1963 455 2131 521 grata
2160 465 2307 507 esse

262 532 470 603 debet,
510 532 673 591 nulla
713 532 990 607 privatim
1033 539 1286 607 accepta
1324 530 1542 591 iniuria
1602 530 1908 591 sociorum
1935 538 2120 605 atque
2155 530 2305 589 arni-

262 629 470 673 corum
483 616 693 689 populi
707 615 964 675 Romani
981 616 1193 675 dolore
1205 622 1389 688 atque
1402 612 1635 673 iniuriis
1660 612 2070 673 commoveri?
2095 613 2305 686 Nuper

162 734 167 741 ·
262 712 448 771 quum
463 696 522 754 in
534 696 595 755 P.
611 694 926 755 Gabinium
946 698 1040 755 vir
1067 696 1431 756 fortissimus
1447 704 1506 755 et
1523 694 2059 756 innocentissimus
2077 694 2145 753 L.
2158 694 2303 755 Piso

263 778 624 838 delationem
653 779 914 840 nominis
946 781 1283 854 postularet
1310 786 1371 838 et
1392 786 1602 839 contra
1630 777 1696 850 Q.
1728 776 2024 837 Caecilius
2050 784 2303 853 peteret,

261 860 440 935 isque
471 878 540 921 se
567 870 806 922 veteres
835 860 1172 921 inimicitias
1195 860 1315 919 iam
1339 858 1443 920 diu
1466 868 1789 934 susceptas
1819 860 2107 934 persequi
2136 859 2303 919 dice-

260 950 370 1017 ret,
399 960 583 1018 quum
605 942 932 1004 auctoritas
957 950 1016 1003 et
1038 942 1296 1017 dignitas
1309 942 1546 1003 Pisonis
1570 942 1809 1002 valebat
1834 943 2151 1016 plurimum
2177 950 2304 1001 tum

263 1024 364 1083 illa
386 1033 514 1085 erat
535 1041 724 1085 causa
745 1025 1093 1099 iustissima,
1121 1026 1287 1100 quod
1308 1042 1447 1093 eum
1471 1023 1833 1084 sibiAchaei
1852 1031 2171 1098 patronum
2194 1025 2301 1082 ad·

263 1115 558 1181 optarant.
629 1106 729 1167 65.
773 1107 1008 1167 Etenim
1033 1124 1218 1181 quum
1248 1108 1349 1167 lex
1377 1106 1513 1180 ipsa
1542 1107 1620 1165 de
1643 1104 1919 1179 pecuniis
1946 1106 2301 1181 repetundis

263 1189 566 1248 sociorum
579 1196 762 1263 atque
775 1189 1106 1251 amicorum
1130 1188 1339 1264 populi
1354 1187 1608 1249 Romani
1628 1194 1885 1263 patrona
1909 1187 2002 1260 sit,
2030 1187 2300 1263 iniquum

263 1278 358 1330 est
383 1288 504 1330 non
529 1288 667 1330 eum
688 1270 842 1345 legis
863 1269 1194 1346 iudiciique
1217 1279 1485 1331 actorem
1499 1270 1787 1330 idoneum
1809 1269 2067 1329 maxime
2080 1269 2301 1345 putari,

268 1369 444 1426 quem
489 1362 755 1413 actorem
832 1369 1056 1413 causae
1105 1368 1257 1414 suae
1316 1352 1469 1413 socii
1532 1353 2043 1425 defensoremque
2107 1352 2297 1412 fortu-

263 1450 474 1493 narum
494 1450 737 1494 suarum
760 1435 1143 1509 potissimum
1171 1451 1315 1495 esse
1344 1436 1677 1494 voluerunt.
1718 1437 1817 1493 An
1840 1435 2008 1509 quod
2036 1436 2115 1493 ad
2138 1450 2296 1493 com-

263 1516 716 1575 memorandum
747 1523 844 1576 est
867 1515 1212 1588 honestius,
1247 1516 1311 1575 id
1336 1518 1416 1575 ad
1448 1516 1827 1590 probandum
1849 1533 1972 1576 non
1994 1518 2179 1577 multo
2212 1515 2301 1573 vi-

263 1595 394 1656 deri
416 1597 596 1657 debet
615 1598 914 1672 aequius?
954 1598 1098 1659 Utra
1111 1598 1289 1673 igitur
1310 1606 1405 1659 est
1427 1598 1801 1672 splendidior
1815 1643 1829 1670 ,
1855 1607 1989 1659 utra
2010 1597 2299 1659 illustrIor

266 1680 798 1740 commemoratio?
857 1680 1164 1740 Accusavi
1203 1696 1368 1754 eum,
1414 1678 1511 1740 cui
1554 1687 1840 1754 quaestor
1873 1683 2133 1751 sueram,
2170 1678 2298 1753 qui-

266 1775 399 1821 cum
433 1777 528 1821 me
559 1778 697 1823 sors
731 1764 1237 1837 consuetudoque
1264 1763 1587 1835 maiorum,
1639 1762 1883 1837 quicum
1915 1779 2010 1822 me
2045 1763 2303 1823 deorum·

260 1843 694 1918 hominumque
722 1844 1010 1905 iudicIum
1034 1844 1456 1918 coniunxerat,
1485 1861 1593 1903 an=
1623 1844 1931 1905 Accusavi
1948 1854 2164 1918 rogatu
2196 1860 2297 1904 so-

263 1926 492 1985 ciorum
521 1932 704 1999 atque
741 1926 1417 2000 amicorum‚‚delectus
1458 1944 1593 1989 sum
1627 1928 1705 1986 ab
1737 1927 2024 1987 universa
2053 1922 2293 2001 provin·

263 2008 355 2065 cia
379 2006 482 2079 qui
503 2006 636 2066 eius
649 2006 780 2066 iura
801 2010 1196 2082 fortunasque
1219 2010 1604 2070 defenderem
1618 2016 1647 2067 ’ἑ
1672 2008 1957 2069 Dubitare
1974 2008 2295 2083 quisquam

260 2096 464 2161 potest
493 2087 636 2161 quin
666 2088 982 2150 honestius
1010 2090 1088 2150 sit
1114 2106 1322 2150 eorum
1356 2106 1570 2163 causa,
1617 2092 1782 2164 apud
1818 2107 1975 2165 quos
2010 2098 2297 2165 quaestor

261 2168 448 2228 fueris
463 2213 480 2241 ,
505 2185 686 2244 quam
709 2186 876 2245 eum,
901 2171 1072 2232 cuius
1097 2180 1386 2245 quaestor
1408 2172 1593 2233 fueris
1608 2218 1624 2245 ,
1646 2179 1981 2233 accusare?
2022 2173 2122 2234 66.
2166 2173 2295 2233 Cla-

258 2250 484 2312 rissimi
511 2250 626 2311 viri
654 2260 900 2312 nostrae
930 2252 1185 2312 civitatis
1209 2253 1581 2327 temporibus
1604 2252 1848 2328 optimis
1876 2255 1997 2315 hoc
2025 2254 2141 2314 sibi
2170 2270 2293 2313 am—

260 2332 604 2407 plissimum
630 2334 1220 2408 pulcherrimumque
1252 2335 1579 2408 ducebant,
1629 2336 1705 2395 ab
1736 2336 2080 2409 hospitibus
2110 2335 2293 2395 clien-

261 2413 547 2489 tibusque
576 2415 735 2489 suiS‚
759 2418 836 2476 ab
859 2416 1085 2477 exteris
1109 2416 1471 2490 nationibuS,
1488 2434 1644 2493 quae
1660 2417 1720 2476 in
1736 2417 2055 2478 amicitiam
2082 2416 2293 2491 populi

257 2496 515 2555 Romani
549 2496 974 2573 dicionemque
1011 2506 1247 2572 essent,
1282 2497 1531 2560 iniurias
1565 2502 1928 2575 propulsare
1960 2514 2292 2573 eorumque

260 2578 533 2637 fortunas
557 2578 901 2639 defendere.
932 2580 1011 2639 M.
1029 2580 1312 2641 Catonem
1326 2581 1491 2640 illum
1502 2580 1849 2656 Sapientem
1864 2626 1879 2654 ‚
1895 2580 2291 2641 clarissimum

256 2657 454 2719 virum
467 2666 528 2719 et
536 2660 1090 2737 prudentissimum,
1114 2678 1251 2722 cum
1265 2662 1463 2723 multis
1478 2679 1697 2737 graves
1708 2662 2048 2723 inimicitIas
2063 2660 2291 2737 gessis-

259 2756 328 2799 se
356 2741 706 2815 accepimus
730 2752 981 2817 propter
1003 2743 1409 2817 Hispanorum
1425 2790 1440 2817 ,
1463 2746 1628 2819 apud
1650 2762 1806 2820 quos
1838 2746 2053 2804 consul
2077 2746 2289 2814 suerat,

255 2820 527 2882 iniurias.
551 2823 648 2884 67.
663 2826 868 2900 Nuper
882 2825 1035 2885 Cn.D
1043 2825 1308 2887 omitium
1322 2827 1547 2887 scimus
1559 2827 1640 2886 Μ.
1659 2826 1864 2887 Silano
1882 2826 2042 2887 diem
2057 2824 2290 2885 dixisse

253 2911 509 2978 propter
526 2905 702 2965 unius
717 2906 977 2968 hominis
991 2904 1390 2981 Aegritomari
1403 2908 1634 2985 paterni
1646 2908 1824 2969 amici
1836 2915 2018 2983 atque
2030 2908 2291 2983 hospitis

254 2983 523 3046 iniurias.
605 2988 758 3047 XXI.
800 2990 1010 3062 Neque
1045 2990 1202 3050 enim
1231 2990 1424 3065 magis
1454 2990 1690 3051 animos
1730 2990 2040 3051 hominum
2068 3004 2289 3051 nocen-

255 3080 400 3127 tium
426 3084 529 3129 res
559 3086 844 3144 umquam
874 3072 998 3132 ulla
1027 3073 1350 3133 commovit
1398 3090 1579 3148 quam
1622 3074 1775 3133 haec
1814 3072 2105 3132 maiorum
2147 3087 2290 3131 con·

257 3151 516 3211 suetudo
553 3152 734 3225 longo
765 3151 1078 3213 intervallo
1121 3154 1378 3227 repetita
1416 3171 1489 3214 ac
1531 3156 1751 3228 relata,
1794 3153 2099 3215 sociorum
2144 3169 2291 3227 que-

253 3229 544 3292 rimoniae
568 3233 803 3293 delatae
827 3235 906 3293 ad
925 3234 1230 3295 hominem
1250 3252 1370 3295 non
1393 3235 1840 3309 inertissimum,
1863 3243 2187 3310 susceptae
2214 3235 2291 3293 ab

255 3326 330 3372 eo
344 3357 360 3386 ,
389 3313 496 3386 qui
516 3313 832 3378 videbatur
843 3332 1054 3378 eorum
1078 3316 1349 3379 fortunas
1372 3318 1495 3378 fide
1518 3317 1945 3394 diligentiaque
1968 3333 2083 3379 sua
2106 3330 2291 3391 posse

2447 1814 2453 1852 1
