2459 3817
760 135 927 200 cAP.
966 145 1221 201 w--w-
1263 145 1316 206 S.
1344 147 1610 204 40-46-
2149 145 2235 209 59

154 288 361 370 putari
399 295 627 365 tamen,
674 289 1127 352 coniuratorum
1156 288 1370 366 copias
1414 299 1653 354 veteres
1685 297 1748 354 et
1779 291 2036 354 effusam
2065 293 2230 358 illam

158 391 235 439 ac
264 370 611 450 superatam
642 373 929 434 Catilinae
959 373 1364 449 importunam
1395 391 1640 438 manum
1668 391 1831 436 novo
1863 377 2022 438 duce
2051 386 2112 438 et
2139 381 2228 439 in·

158 467 409 533 sperata
446 458 919 523 commutatione
959 473 1162 520 rerum
1204 474 1358 520 esse.
1385 467 1740 520 renovatam
1770 482 1884 516 --=
1936 458 2038 521 43.
2073 461 2229 523 hacc

158 557 348 616 quum
391 538 689 616 viderem,
732 538 895 615 quid.
922 556 1198 615 agerem.
1243 541 1524 602 iudices?
1567 541 1698 603 scio
1743 541 1904 603 enim
1935 553 2062 605 tum
2105 561 2228 605 non

154 621 304 684 mihi
350 631 617 684 vestrum
658 623 958 696 studium,
1011 624 1123 685 sed
1174 641 1374 686 meum
1425 642 1622 702 prope
1670 635 1880 687 vestro
1933 628 2231 690 defuisse.

154 707 598 770 contenderem
627 715 843 785 contra
867 706 1173 768 tribunum
1206 708 1407 784 plebis
1437 709 1716 784 privatus
1747 709 1974 770 armis?
2027 711 2226 773 Vicis-

152 798 293 850 sent
324 789 641 866 improbos
675 790 854 864 boni,
890 793 1085 853 fortes.
1112 792 1374 852 inertesz
1412 789 1766 854 interfectus
1795 802 1966 854 esset
1997 794 2083 866 is,
2121 797 2226 870 qui

148 873 267 932 hac
306 891 431 934 una
471 872 773 935 medicina
809 875 943 934 sola
984 875 1182 949 potuit
1223 891 1262 934 a
1307 873 1398 936 rei
1441 875 1724 949 publicae
1761 884 1938 950 peste
1979 879 2225 952 depelli.

148 955 309 1030 Quid
350 957 575 1018 deinde
588 964 621 1015 v·
662 957 801 1030 quis
828 959 1071 1032 reliqua
1094 965 1478 1032 praestaret?
1521 959 1620 1020 cui
1654 959 1922 1034 denique
1957 971 2087 1020 erat
2115 963 2225 1021 du·

147 1039 312 1100 bium
344 1039 491 1113 quin
524 1040 627 1100 ille
658 1040 912 1115 sanguis
946 1039 1336 1114 tribuniciae,
1381 1042 1547 1102 nullo
1579 1042 1936 1116 praesertim
1977 1043 2224 1118 publico

146 1121 407 1183 consilio
439 1121 763 1196 profusus,
798 1125 1088 1184 consules
1117 1125 1346 1186 ultores
1377 1132 1438 1184 et
1466 1125 1834 1188 defensores
1859 1135 2028 1186 esset
2054 1127 2224 1188 habi·

147 1211 361 1266 turus?
392 1221 579 1279 quum
612 1204 859 1279 quidam
890 1205 953 1266 in
976 1206 1266 1268 contione
1289 1207 1554 1268 dixisset
1573 1217 1678 1271 aut
1701 1209 1848 1270 mihi
1871 1211 2062 1270 semel
2082 1227 2222 1285 per-

147 1287 417 1348 eundum
457 1297 565 1348 aut
589 1287 691 1348 bis
716 1304 859 1350 esse
888 1287 1277 1350 vincendum.
1339 1289 1494 1363 Quid
1523 1301 1656 1354 erat
1681 1291 1784 1353 bis
1808 1291 2100 1353 vincere?
2151 1295 2223 1356 ld

148 1371 457 1446 proiecte,
498 1380 596 1445 ut,
640 1387 778 1432 cum
810 1371 1229 1434 amentissimo
1268 1375 1510 1436 tribuno
1546 1374 1744 1450 plebis
1787 1393 1976 1451 quum
2010 1377 2222 1438 decer-

144 1461 405 1524 tassem,
462 1469 599 1514 cum
672 1455 1025 1516 consulibus
1076 1457 1423 1532 ceterisque
1467 1457 1600 1520 eius
1639 1459 1938 1522 ultoribus
1983 1460 2219 1521 dimica-

144 1551 290 1596 rem.
362 1536 465 1596 44.
494 1538 627 1614 Ego
692 1555 877 1611 vero,
908 1542 1011 1600 vel
1038 1539 1092 1600 si
1119 1542 1512 1615 pereundum,
1533 1542 1780 1616 suisset,
1809 1558 1884 1602 ac
1913 1559 2040 1604 non
2067 1543 2222 1603 acci·

143 1616 368 1694 pienda
399 1620 583 1695 plaga
646 1621 788 1682 mihi
816 1621 1135 1696 sanabilis,
1160 1621 1252 1682 illi
1285 1624 1628 1695 mortifera,
1673 1626 1778 1699 qui
1803 1625 2221 1700 inposuisset,

142 1702 334 1763 semel
372 1703 573 1778 perire
614 1712 845 1776 tamen,
889 1703 1159 1777 iudiceS,
1203 1704 1560 1786 maluissem
1603 1719 1784 1776 quam
1817 1701 1916 1761 bis
1951 1703 2215 1762 vince-re.

139 1786 288 1846 Erat
316 1785 475 1844 enim
503 1785 605 1845 illa
636 1789 823 1848 altera
853 1789 985 1848 eius
1018 1787 1183 1847 modi
1213 1785 1556 1858 contentia,
1601 1792 1666 1845 ut
1697 1799 1900 1858 neque
1929 1783 2074 1844 victi
2112 1800 2218 1844 ne·

142 1883 267 1944 que
306 1869 578 1929 victo-res.
612 1886 742 1930 rem
783 1869 1089 1944 publicam
1132 1879 1340 1929 tenere
1380 1883 1735 1942 possemus.
1818 1863 2017 1939 Quidv
2062 1867 2114 1924 si
2153 1865 2214 1925 in

139 1951 339 2028 prima
360 1951 748 2013 contentione
769 1952 830 2011 vi
850 1951 1167 2012 tribunicia
1192 1950 1388 2012 victus
1413 1951 1472 2010 in
1500 1951 1634 2014 soro
1655 1965 1792 2010 cum
1810 1949 2016 2010 multis
2035 1947 2218 2010 bonis

138 2035 289 2094 viris
309 2033 762 2096 concidissent?
790 2043 1067 2095 senatum
1088 2035 1399 2108 consuleS,
1421 2033 1630 2106 credo,
1657 2040 2004 2104 vocassent,
2033 2047 2218 2107 quem

141 2126 331 2180 totum
364 2111 443 2177 db
472 2117 714 2178 civitate
744 2119 1046 2178 delerant=
1088 2117 1172 2178 ad
1196 2134 1366 2178 arma
1395 2126 1716 2190 vocarent,
1753 2116 1858 2190 qui
1887 2131 1966 2174 ne
1993 2115 2218 2176 vestitu

141 2201 392 2277 quidem
421 2201 667 2260 delendi
700 2218 827 2262 rem
859 2201 1162 2276 publicam
1194 2201 1450 2263 sissent=
1504 2218 1544 2261 a
1571 2200 1812 2261 tribuno
1844 2197 2043 2274 plebis
2075 2205 2220 2274 post

139 2282 447 2344 interitum
515 2283 953 2352 dissedissent,
1022 2281 1125 2354 qui
1180 2283 1457 2342 eamdem
1514 2283 1726 2342 horam
1776 2300 1951 2344 meae
2021 2280 2215 2356 pestis

139 2375 206 2428 et
235 2381 481 2427 suorum
510 2367 917 2442 praemiorum
947 2383 1090 2428 esse
1120 2365 1478 2428 voluissent.
1537 2362 1662 2426 XX.
1691 2362 1794 2426 45.
1827 2365 2027 2425 Unum
2053 2365 2215 2424 enim

138 2449 287 2511 mihi
312 2451 586 2510 restabat
611 2450 786 2521 illud,
822 2451 989 2524 quod
1020 2449 1271 2512 forsitan
1303 2467 1424 2510 non
1449 2465 1629 2510 nemo.
1651 2446 1746 2508 vir
1766 2446 1940 2510 fortis
1963 2456 2025 2509 et
2052 2447 2214 2509 acris

137 2533 325 2595 animi
360 2533 688 2609 magnique
729 2532 977 2594 dixerit=
1031 2533 1426 2609 RestitisseS,
1463 2549 1914 2608 repugnasseS,
1959 2540 2214 2592 mortem

138 2633 425 2694 pugnans
456 2615 827 2693 oppeusses.
910 2617 1002 2678 De
1038 2635 1161 2692 quo
1191 2626 1280 2691 te,
1316 2626 1406 2690 te,
1449 2616 1730 2692 inquam,
1759 2614 1986 2690 patria,
2022 2623 2216 2676 testor

138 2709 205 2762 et
233 2717 378 2772 voS‚
426 2710 687 2774 penates
710 2699 1013 2776 patriique
1048 2699 1138 2772 di,
1182 2716 1280 2760 me
1313 2707 1654 2762 vestrarum
1695 2699 1912 2758 sedum
1956 2699 2216 2774 templo-

138 2799 401 2859 rumque
426 2799 633 2857 causa,
659 2799 755 2845 me
779 2793 1031 2858 propter
1052 2785 1308 2844 salutem
1329 2799 1605 2844 meorum
1629 2779 1868 2854 civium,
1896 2779 2216 2856 quaemihi

142 2883 391 2942 semper
415 2865 524 2926 suit
545 2883 682 2926 mea
704 2865 903 2927 carlor
922 2865 1065 2940 vita,
1089 2865 1537 2928 dimicationem
1559 2866 1940 2940 caedemque
1959 2864 2214 2940 fugisse.

138 2951 378 3011 Etenim
409 2949 462 3008 si
484 2950 625 3010 mihi
651 2949 711 3008 in
740 2949 949 3024 aliqua
974 2966 1133 3009 nave
1162 2965 1300 3010 cum
1322 2948 1474 3010 meis
1487 2945 1711 3009 ‘amicis
1741 2949 2046 3024 naviganti
2074 2949 2220 3016 hoc,

141 3032 413 3107 iudiceS,
446 3030 805 3107 accidisset,
854 3041 921 3093 ut
946 3031 1117 3095 multi
1152 3047 1231 3092 ex
1261 3032 1465 3094 multis.
1496 3033 1650 3092 locis
1682 3033 2028 3109 praedones
2057 3032 2214 3092 clas-

144 3116 317 3178 sibus
342 3133 479 3177 eam
499 3131 717 3176 navem
742 3131 811 3176 se
836 3131 1254 3190 oppressuros
1281 3115 1726 3190 minitarentur,
1755 3113 1874 3176 nisi
1901 3133 2000 3176 mc
2027 3131 2217 3174 unum

144 3197 259 3260 sibi
291 3199 707 3272 dedidissent,
745 3199 798 3259 si
827 3198 889 3258 id
908 3210 1201 3265 ‚vectores
1225 3207 1518 3275 negarent
1546 3216 1622 3260 ac
1651 3215 1889 3260 mecum
1919 3197 2098 3258 simul
2127 3197 2218 3256 in·

142 3281 325 3344 terire
360 3301 541 3358 quam
571 3299 669 3344 me
711 3283 953 3345 tradere
992 3283 1274 3344 hostibus
1306 3283 1580 3354 mallent,
1625 3280 1912 3342 iecissem
1953 3278 2091 3354 ipse
2119 3295 2220 3339 me

148 3365 351 3440 potius
390 3365 449 3426 in
498 3367 899 3441 profundum,
940 3375 1009 3427 ut
1077 3374 1320 3427 ceteros
1351 3380 1816 3432 conservarem,
1867 3377 2050 3437 quam
2077 3360 2222 3423 illos
