2459 3817
170 106 251 173 86
614 112 689 172 IN
718 113 779 172 C.
817 111 1143 173 VERREM
1181 110 1348 169 Ac‘r.
1379 110 1450 168 ΙΙ.
1493 109 1637 168 LIB.
1673 110 1770 169 [V.

174 264 617 339 magnificeque
652 258 999 322 tricliniumz
1044 258 1296 335 exponit
1317 275 1408 331 ea,
1447 257 1668 333 quibus
1691 256 2053 338 abundabat,
2085 260 2218 333 plu·

174 348 325 406 rima
354 356 415 405 et
442 342 844 417 pulcherrima
868 358 1015 401 vasa
1043 349 1362 415 urgentem
1393 356 1533 399 nam
1558 340 1710 400 haec
1741 356 1926 400 aurea
1945 341 2213 401 nondum

177 430 429 488 ieceratz
468 425 746 485 omnibus
787 432 955 484 curat
992 424 1172 483 rebus
1218 422 1576 483 instructum
1615 430 1675 481 et
1703 431 1988 495 ‘paratum
2027 429 2095 482 ut
2141 422 2217 483 sit

177 508 539 569 convivium.
606 506 761 581 Quid
790 506 1017 566 multat
1076 508 1209 570 Rex
1250 504 1336 566 ita
1361 503 1675 577 discessit,
1717 512 1784 564 ut
1814 511 1875 564 et
1900 504 2082 565 istum
2113 520 2215 564 co·

174 590 353 666 piose
388 597 661 651 ornatum
692 596 753 647 ει
779 605 848 648 se
877 586 1211 647 honorifice
1238 593 1552 663 acceptum
1581 584 1986 647 arbitraretur.
2019 590 2218 647 Vocat

176 674 256 733 ad
324 688 537 733 cenam
608 670 831 733 deinde
884 668 1023 744 ipse
1074 677 1444 743 praetorema
1497 666 1750 743 exponit
1805 684 1950 729 suas
2002 668 2216 743 copias

177 768 420 828 omneS,
452 755 701 814 multum
730 760 1070 827 argentum,
1100 768 1221 811 non
1252 767 1449 827 pauca
1477 750 1658 811 etiam
1684 753 1906 825 pocula
1935 766 2014 811 ex
2047 768 2216 824 aum,

179 852 367 911 quae,
410 845 475 897 ut
514 851 647 896 mos
680 842 776 895 est
803 834 1007 907 regius
1040 842 1099 893 et
1120 833 1381 893 maxime
1407 832 1470 892 in
1499 831 1708 909 Syria,
1752 833 2005 907 gemmis
2047 841 2217 893 erant

176 918 457 980 distincta
484 916 853 978 clarissimis.
895 917 1039 977 Erat
1068 916 1246 976 etiam
1270 932 1379 975 vas
1406 913 1704 975 vinarium
1736 931 1815 974 ex
1835 932 1956 976 una
1982 932 2218 989 gemma

177 1000 531 1075 pergrandi,
578 1000 751 1059 trulla
792 1006 1087 1058 excavata
1164 995 1482 1057 manubrio
1521 1013 1742 1057 aureo.
1791 997 1870 1057 de
1914 1014 2034 1072 qua
2069 998 2215 1057 satis

176 1083 360 1142 credo
404 1082 719 1153 idoneum,
762 1080 909 1139 satis
961 1096 1207 1153 gravem
1235 1086 1478 1153 testem,
1515 1079 1582 1152 Q.
1615 1078 1971 1151 Minucium,
2013 1080 2216 1148 dicere

176 1164 451 1223 audistis.
512 1164 612 1224 63.
680 1163 799 1221 Iste
844 1178 1029 1221 unum
1071 1162 1362 1237 quodque
1411 1178 1524 1223 vas
1573 1160 1636 1219 in
1687 1178 1902 1221 manus
1957 1178 2215 1233 sumere,

177 1246 453 1317 laudare,
480 1244 699 1305 mirari.
761 1245 895 1303 Rex
923 1244 1188 1317 gaudere
1243 1244 1507 1318 praetori
1540 1242 1754 1318 populi
1781 1243 2038 1304 Romani
2069 1242 2217 1303 satis

176 1328 503 1387 iucundum
534 1335 595 1387 et
620 1334 853 1399 gratum
882 1324 1029 1386 illud
1059 1342 1201 1385 esse
1224 1324 1590 1386 convivium.
1625 1326 1845 1386 Postea
1871 1342 2049 1400 quam
2076 1324 2218 1383 inde

178 1408 524 1469 discessum
552 1415 673 1479 est,
707 1408 972 1481 cogitare
1006 1407 1150 1466 nihil
1179 1408 1293 1468 iste
1335 1406 1534 1480 aliud,
1582 1406 1749 1481 quod
1793 1409 1930 1483 ipsa
1968 1424 2069 1468 res
2112 1408 2216 1465 de·

182 1490 446 1563 claravit,
476 1488 591 1548 nisi
628 1504 807 1563 quem
836 1489 914 1547 ad
941 1489 1186 1548 modum
1213 1505 1420 1563 regem
1447 1506 1530 1548 ex
1549 1489 1864 1564 provincia
1895 1489 2218 1564 spoliatum

178 1570 630 1646 expilatumque
663 1570 1001 1631 dimitteret.
1056 1569 1237 1631 Mittit
1255 1579 1532 1646 rogatum
1575 1586 1728 1631 vasa
1752 1587 1856 1644 ea,
1899 1588 2056 1645 quae
2087 1572 2217 1646 pul-

180 1651 473 1713 cherrima
530 1654 694 1727 apud
734 1669 871 1713 eum
911 1653 1172 1713 viderat=
1215 1653 1302 1715 ait
1337 1670 1408 1714 sc
1447 1651 1576 1713 suis
1620 1652 2022 1714 caelatoribus
2060 1653 2218 1712 velle

180 1735 521 1795 ostendere.
585 1736 744 1807 Rex,
782 1733 887 1809 qui
915 1733 1081 1794 illum
1114 1752 1238 1795 non
1267 1743 1511 1807 nosset,
1552 1736 1686 1795 sine
1715 1735 1840 1795 ulla
1865 1733 2216 1809 suspicione

178 1815 573 1878 libentissime
599 1818 781 1878 dedit.
842 1815 1019 1877 Mittit
1046 1815 1223 1877 etiam
1265 1818 1500 1878 trullam
1535 1833 1870 1892 gemmeam
1911 1825 2215 1891 rog-amma

179 1899 335 1959 velle
366 1914 435 1957 se
464 1914 595 1959 eam
620 1897 964 1972 diligentius
992 1900 1404 1962 considerare.
1468 1900 1556 1959 Ea
1586 1915 1834 1974 quoque
1861 1898 1918 1959 ei
1949 1898 2215 1961 mittitur⁹

342 1980 607 2039 XXVIII.
674 1980 776 2041 64.
828 1981 997 2041 Nunc
1022 1980 1339 2056 reliquum,
1375 1981 1626 2053 iudiceS,
1657 1980 1963 2054 attendite,
1989 1982 2070 2041 de
2093 1995 2214 2055 quo

180 2068 241 2120 et
272 2076 387 2120 vos
416 2060 675 2121 audistis
704 2069 767 2121 ει
790 2063 1057 2135 populus
1088 2064 1398 2125 Romanus
1444 2080 1566 2124 non
1610 2079 1771 2124 nunc
1811 2062 2066 2139 primum
2111 2078 2216 2121 au-

180 2141 305 2207 diet
330 2149 391 2203 ει
418 2141 477 2202 in
512 2140 737 2202 exteris
766 2142 1109 2205 nationibus
1142 2161 1344 2219 usque
1373 2146 1450 2207 ad
1482 2144 1718 2207 ultimas
1753 2152 1948 2205 terras
2008 2158 2219 2219 perva-

178 2232 379 2297 gatum
411 2232 522 2285 est.
602 2224 1037 2285 Candelabrum
1070 2242 1107 2288 e
1132 2225 1386 2301 gemmis
1416 2225 1767 2289 clarissimis
1809 2243 1996 2302 opere
2038 2226 2215 2287 mira-

177 2304 281 2364 bili
326 2308 657 2381 perrectum
728 2322 907 2379 reges
952 2305 1025 2380 ii,
1072 2323 1229 2382 quos
1279 2308 1418 2369 dico
1434 2354 1448 2380 ,
1490 2310 1742 2387 Romam
1773 2326 1956 2385 quum
1987 2308 2218 2370 atmlis-

178 2395 343 2457 sent,
373 2390 523 2449 utin
555 2387 845 2464 Capitolio
879 2397 1173 2462 ponerent
1183 2430 1207 2463 ,
1235 2391 1402 2464 quod
1423 2392 1690 2453 nondum
1716 2392 2047 2468 perrectum
2071 2400 2216 2452 tem·

178 2470 345 2541 plum
404 2469 808 2543 offenderant,
876 2486 1077 2546 neque
1121 2488 1356 2546 ponere
1402 2481 1727 2547 potuerunt
1773 2490 1974 2548 neque
2033 2474 2218 2546 vulgo

178 2550 502 2611 ostendere
522 2568 596 2613 ac
624 2553 899 2627 proferre
928 2554 1276 2627 voluerunt,
1318 2563 1385 2615 ut
1423 2562 1484 2617 ει
1521 2553 2002 2630 magnificentius
2045 2554 2216 2615 vide·

174 2640 368 2705 retur,
416 2650 601 2707 quum
642 2650 756 2696 suo
797 2643 1072 2709 tempore
1112 2637 1175 2695 in
1218 2637 1376 2698 cella
1399 2638 1564 2697 Iovis
1597 2636 1806 2711 optimi
1834 2637 2077 2699 maximi
2107 2653 2216 2711 po-

176 2722 445 2786 neretur,
477 2722 539 2774 et
570 2714 825 2789 claiius,
870 2734 1054 2791 quum
1086 2717 1428 2793 pulcritudo
1459 2720 1592 2781 eius
1624 2735 1840 2781 recens
1881 2720 1962 2781 ad
2002 2720 2216 2781 oculos

176 2795 485 2857 hominum
514 2805 701 2871 atque
723 2798 957 2873 integra
988 2799 1368 2873 perveniret.
1421 2808 1758 2865 statuerunt
1797 2802 1858 2863 id
1901 2818 2109 2863 secum
2151 2800 2216 2860 in

178 2876 416 2953 Syriam
466 2888 808 2954 reportare,
855 2890 949 2952 ut,
1016 2898 1203 2955 quum
1251 2874 1567 2945 audissent
1615 2873 2006 2944 simulacrum
2051 2882 2214 2943 Iovis

177 2958 386 3055 optimi
412 2960 657 3023 maximi
687 2962 1062 3035 dedicatum,
1100 2966 1334 3039 legatos
1358 2965 1688 3038 mitterent,
1717 2966 1817 3041 qui
1853 2982 1988 3027 cum
2019 2972 2216 3027 caeto·-

172 3039 257 3102 ris
284 3044 467 3105 rebus
495 3041 646 3107 illud
674 3059 919 3121 quoque
948 3045 1233 3109 eximium
1265 3062 1339 3107 ac
1381 3047 1845 3121 pulcherrimum
1874 3049 2103 3111 donum
2153 3045 2214 3104 in

172 3120 531 3195 Capitolium
572 3126 894 3189 adferrent.
968 3127 1252 3191 Pervenit
1295 3144 1396 3191 res
1437 3130 1517 3189 ad
1556 3128 1734 3191 istius
1761 3146 1973 3201 auree,
2005 3126 2212 3193 nescio

170 3224 295 3282 quo
326 3213 532 3274 modo.
572 3214 727 3277 Nam
747 3232 861 3277 rex
886 3216 950 3278 id
970 3220 1236 3280 celatum
1257 3221 1552 3289 voluerat,
1579 3234 1702 3278 non
1733 3232 1855 3291 quo
1880 3218 2212 3291 quidquam

169 3298 467 3354 metueret
496 3304 603 3357 aut
628 3298 1073 3375 suspicaretur,
1115 3301 1229 3361 sed
1258 3309 1325 3361 ut
1367 3317 1446 3360 ne
1483 3300 1653 3361 multi
1681 3299 1828 3360 illud
1860 3306 2002 3358 ante
2040 3312 2214 3367 prae-
