2459 3817
295 187 422 252 274
857 193 1013 268 rno
1045 194 1111 253 L.
1141 194 1465 254 MURENA
1502 193 1807 256 onA‘no.

301 364 444 410 esse
491 355 670 424 potes
699 377 800 419 —-,
831 345 943 405 sed
976 345 1180 420 paullo
1209 346 1291 405 ad
1320 345 1623 407 lenitatem
1652 345 2035 422 propensior.
2099 348 2231 408 Non
2270 366 2372 410 ac-

299 447 468 492 cusat
483 447 553 490 es
590 427 772 490 nullis
811 428 1114 488 adductus
1157 427 1515 501 inimicitiis,
1562 431 1727 490 nulla
1766 430 2092 492 lacessitus
2133 431 2373 507 iniuria,

299 511 812 591 pudentissimum
851 511 1187 586 hominem,
1240 529 1475 572 summa
1508 511 1800 588 dignitate
1830 524 2014 588 atque
2048 515 2372 578 honestate

299 595 670 674 praeditum:
700 603 969 671 putareS,
1001 612 1188 670 quum
1214 595 1277 655 in
1308 595 1584 656 eiusdem
1614 595 1757 655 anni
1787 598 2067 658 custodia
2094 607 2155 660 te
2183 607 2373 676 atque

297 681 366 742 L.
389 681 704 740 Murenam
725 681 967 739 fortuna
987 679 1322 753 posuisset,
1352 679 1561 755 aliquo
1582 688 1643 740 te
1666 696 1803 740 cum
1820 680 1942 741 hoc
1969 680 2059 742 rei
2088 681 2373 757 publicae

299 763 542 825 vinculo
590 779 734 824 esse
779 761 1196 823 coniunctum
1252 765 1421 838 quod
1462 763 1747 824 atrociter
1778 764 1838 823 in
1883 773 2101 826 senatu
2140 764 2372 840 dixisti,

297 856 402 909 aut
425 863 546 908 non
570 845 840 907 dixisses
863 854 968 906 aut
989 843 1387 921 seposuisses
1410 854 1513 906 aut
1534 846 1835 908 mitiorem
1854 847 1913 907 in
1933 856 2165 922 partem
2187 847 2368 910 iater-

296 939 624 1006 pretarerc.
682 929 784 991 65.
827 932 920 989 Ac
950 938 1009 990 te
1038 929 1259 1006 ipsum,
1295 938 1586 1006 quantum
1618 946 1734 1006 ego
1763 929 2057 1005 opinione
2082 948 2369 1006 auguror,

297 1030 460 1075 nunc
489 1020 549 1074 et
575 1012 758 1074 animi
784 1013 1052 1088 quodam
1079 1015 1312 1088 impetu
1328 1013 1697 1074 concitatum
1724 1024 1787 1076 et
1812 1013 1875 1073 vi
1904 1023 2156 1076 naturae
2182 1023 2370 1090 atque

295 1097 519 1172 ingenii
552 1099 773 1158 elatum
803 1105 865 1158 et
892 1095 1243 1158 recentibus
1268 1105 1733 1172 praeceptorum
1762 1096 1981 1159 studiis
2010 1097 2368 1174 flagrantem

297 1183 416 1241 iam
453 1198 604 1242 usus
637 1179 858 1253 flectet,
889 1178 1024 1240 dies
1048 1179 1248 1250 leniet,
1284 1190 1455 1241 aetas
1486 1180 1796 1256 mitigabit.
1853 1180 2089 1242 Etenim
2117 1180 2219 1243 isti
2246 1181 2368 1257 ipsi

296 1262 442 1324 mihi
477 1263 759 1324 videntur
798 1262 989 1323 vestri
1031 1272 1466 1339 praeceptores
1511 1272 1573 1325 et
1614 1263 1853 1326 virtutis
1894 1263 2166 1339 magistri
2209 1266 2367 1326 fines

297 1346 638 1409 officiorum
674 1347 876 1421 paullo
918 1346 1164 1420 longius
1193 1364 1377 1422 quam
1408 1355 1624 1408 natura
1653 1349 1835 1409 vellet
1870 1347 2238 1423 protulisse,
2278 1358 2366 1422 ut,

298 1447 483 1505 quum
507 1430 586 1489 ad
609 1429 880 1489 ultimum
902 1428 1103 1490 animo
1129 1431 1681 1504 contendissemus,
1706 1430 1789 1491 ibi
1812 1439 2028 1505 tamen,
2052 1430 2158 1491 ubi
2180 1447 2366 1507 opor·

294 1522 476 1583 teret,
531 1512 1028 1596 consisteremus.
1071 1512 1247 1578 ,Nihil
1286 1512 1617 1587 ignoveris.
1694 1515 1881 1575 Immo
1924 1513 2189 1590 aliquid,
2240 1531 2367 1576 non

295 1595 518 1658 omnia.
577 1595 735 1656 Nihil
773 1595 1002 1670 gratiae
1043 1611 1235 1657 causa
1277 1597 1515 1658 feceris.
1576 1599 1765 1659 Immo
1805 1597 2073 1659 resistito
2114 1597 2361 1672 gratiae,

297 1697 482 1756 quum
525 1679 794 1741 officium
835 1689 896 1740 et
933 1679 1090 1741 fides
1127 1681 1483 1758 postulabit.
1560 1681 1983 1742 Misericordia
2022 1690 2363 1743 commotus

295 1781 371 1824 ne
401 1763 508 1824 sis.
565 1764 780 1837 Etiam,
814 1763 876 1825 in
910 1763 1308 1824 dissolvenda
1336 1763 1682 1837 severitate,
1723 1766 1834 1824 sed
1868 1775 2067 1825 tamen
2100 1773 2197 1825 est
2228 1766 2363 1827 laus

292 1847 497 1923 aliqua
525 1847 931 1909 humanitatis.
995 1848 1063 1907 In
1095 1846 1397 1908 sententia
1428 1857 1801 1921 permaneto.
1859 1851 2045 1919 Vero,
2076 1847 2194 1908 nisi
2222 1865 2361 1908 sen·

293 1931 538 1992 tentiam
565 1930 870 1992 sententia
891 1931 1093 2006 aliqua
1120 1932 1332 1994 vicerit
1355 1930 1584 1991 melior.
1620 1930 1720 1990 66.
1745 1928 2017 1991 Huiusce
2040 1930 2208 1992 modi
2230 1931 2359 1992 Sci-

296 2014 397 2088 pio
431 2015 530 2074 ille
566 2015 692 2088 suit,
724 2032 906 2091 quem
939 2031 1060 2076 non
1093 2015 1445 2089 paenitebat
1482 2019 1683 2075 lacere
1708 2016 1889 2086 idem,
1927 2016 2095 2090 quod
2127 2023 2220 2074 tu=
2256 2015 2361 2074 ha-

295 2098 438 2160 bere
461 2097 934 2159 eruditissimum
958 2097 1262 2159 hominem
1284 2099 1633 2158 Panaetium
1658 2097 1852 2159 domi=
1890 2097 2064 2160 cuius
2088 2098 2361 2159 oratione

291 2189 354 2241 et
377 2181 739 2256 praeceptis,
773 2197 1140 2257 quamquam
1165 2191 1333 2242 erant
1360 2183 1573 2242 eadem
1596 2181 1731 2255 ista,
1764 2197 1925 2257 quae
1952 2191 2013 2242 te
2036 2183 2359 2253 delectant,
2402 2205 2423 2220 -

293 2274 490 2325 tamen
521 2263 799 2340 asperior
825 2281 948 2325 non
979 2272 1076 2325 est
1104 2266 1329 2337 factus,
1360 2266 1501 2337 sed,
1537 2273 1604 2326 ut
1630 2266 1845 2339 accepi
1882 2280 1920 2323 a
1950 2264 2231 2337 senibus,
2274 2266 2359 2323 le-

291 2347 600 2408 nissimus.
681 2345 828 2420 Quis
859 2365 1006 2409 vero
1041 2347 1104 2407 C.
1132 2347 1341 2409 Laelio
1373 2347 1649 2408 comior?
1696 2349 1839 2422 quis
1866 2346 2217 2419 iucundior,
2251 2362 2357 2406 eo·

291 2432 429 2490 dem
461 2446 541 2490 ex
571 2429 773 2491 studio
803 2430 968 2492 isto?
1018 2430 1156 2506 quis
1198 2432 1301 2493 illo
1336 2431 1612 2505 gravior,
1662 2429 2038 2506 sapientior?
2098 2431 2359 2491 Possum

289 2514 370 2573 de
398 2513 465 2573 L.
493 2512 690 2587 Philo,
733 2515 814 2575 de
843 2516 904 2574 C.
938 2513 1109 2575 Gallo
1143 2513 1350 2575 dicere
1392 2515 1546 2575 haec
1584 2515 1831 2586 eadem,
1872 2514 1986 2574 sed
2021 2523 2081 2574 te
2109 2515 2363 2573 domum

289 2595 410 2656 iam
439 2596 739 2658 deducam
766 2606 947 2658 tuam.
1011 2597 1467 2672 Quemquamne
1506 2597 1823 2658 existimas
1858 2597 2087 2658 catone
2122 2611 2363 2671 proavo

289 2689 394 2741 tuo
437 2680 944 2753 commodiorem,
987 2681 1493 2754 communiorem,
1534 2679 2001 2742 moderatiorem
2042 2679 2237 2740 fulsse
2278 2681 2367 2739 ad
2456 2693 2458 2714 ¹

288 2779 528 2825 omnem
573 2764 870 2827 rationem
921 2763 1355 2826 humanitatis?
1402 2766 1481 2825 de
1522 2763 1698 2825 cuius
1755 2763 2085 2838 praestanti
2136 2761 2368 2823 virtute

289 2864 475 2922 quum
506 2865 649 2909 vere
673 2848 1060 2924 graviterque
1084 2848 1346 2921 diceres,
1373 2847 1774 2910 domesticum
1805 2857 1865 2908 te
1890 2847 2117 2907 habere
2143 2844 2370 2906 dixisti

287 2933 635 3006 exemplum
657 2933 736 2992 ad
761 2932 1130 2994 imitandum.
1159 2931 1271 2993 Est
1291 2931 1439 2992 illud
1454 2931 1700 3006 quidem
1714 2931 2061 3006 exemplam
2078 2926 2186 2987 tibi
2209 2943 2367 3002 pro-

286 3014 556 3090 positum
579 3014 761 3089 domi,
790 3017 900 3076 sed
922 3023 1122 3077 tamen
1147 3024 1399 3076 naturae
1422 3013 1748 3076 similitudo
1771 3013 1934 3076 illius
1956 3013 2035 3073 ad
2057 3020 2117 3072 te
2136 3011 2365 3086 magiS,

287 3097 394 3174 qui
405 3100 483 3159 ab
500 3097 604 3159 illo
621 3107 788 3160 ortus
804 3116 893 3173 ea,
919 3115 1098 3174 quam
1112 3099 1190 3158 ad
1209 3115 1396 3160 unum
1414 3114 1722 3175 quemque
1743 3106 2019 3160 nostrum
2034 3093 2371 3171 pervenire

285 3181 510 3257 potuit,
542 3183 622 3241 ad
651 3181 1001 3243 imitandum
1027 3197 1172 3242 vcro
1205 3189 1325 3243 tam
1354 3180 1498 3242 mihi
1528 3181 1912 3258 propositum
1942 3179 2259 3254 exemplar
2288 3175 2370 3237 il-

286 3264 392 3325 lud
421 3275 518 3324 est
548 3279 728 3340 quam
758 3263 884 3324 tibi.
951 3265 1076 3326 Sed
1105 3265 1160 3325 si
1186 3265 1347 3326 illius
1380 3265 1720 3326 comitatem
1750 3271 1811 3324 et
1837 3262 2185 3325 facilitatem
2213 3269 2371 3324 tuae

287 3344 566 3419 gravitati
595 3345 1026 3422 severitatique
1053 3347 1417 3423 asperseris,
1448 3365 1571 3408 non
1601 3348 1718 3408 ista
1748 3347 1996 3423 quidem
2025 3352 2203 3406 erunt
2228 3360 2370 3405 me·
2430 3338 2436 3353 '

291 3426 461 3502 liora,
497 3444 656 3502 quae
679 3445 840 3490 nunc
870 3437 1014 3490 sunt
1041 3430 1284 3508 optima,
1318 3432 1431 3493 sed
1460 3440 1623 3493 certe
1652 3429 1895 3492 condita
1919 3427 2268 3491 iucundius.
