2459 3817
858 108 1022 169 CAP.
1052 114 1250 170 5—7.
1293 112 1346 174 S.
1375 114 1635 167 12-19.
2115 112 2243 179 253

33 308 44 347 ζ
138 268 447 334 tempore
496 259 677 321 totius
728 257 911 319 huius
962 259 1215 320 sceleris
1270 257 1412 317 fons
1459 254 1784 331 aperietur.
1886 255 1988 318 16.
2028 257 2244 333 ltaque

33 390 51 405 ι
137 342 219 403 Ρ.
266 346 607 421 Apuleius,
663 342 943 403 tribunus
998 342 1229 418 plebiS,
1302 355 1577 400 meorum
1630 338 1898 399 omnium
1952 340 2242 401 consilio-

33 422 51 487 ζ’.
140 442 302 486 rum
337 424 869 499 periculorumque
902 422 1019 482 iam
1053 422 1195 482 inde
1224 438 1262 482 a
1305 423 1630 483 consulatu
1664 438 1801 482 meo
1839 419 2050 497 testiS,
2098 439 2242 485 con-

32 561 41 575 .
145 508 361 581 scius,
392 506 663 581 adiutor,
695 506 970 567 dolorem
999 506 1157 565 ferre
1187 521 1310 566 non
1343 506 1538 581 potuit
1567 504 1799 565 doloris
1831 504 1978 565 meix
2011 506 2243 568 contio·

33 590 49 654 L
144 606 311 653 nem
358 589 571 649 habuit
622 587 965 648 maximam·
998 589 1227 663 populo
1269 590 1548 649 Romano
1597 604 1786 650 unum
1839 599 2026 663 atque
2080 587 2244 651 idem

34 670 54 737 T
104 678 111 683 ’
150 674 490 735 sentiente.
576 672 643 732 In
698 688 821 745 qua
870 670 1154 733 contione
1202 687 1388 745 quum
1442 686 1543 731 me
1591 688 1704 745 pro
1755 689 1991 733 summa
2033 682 2246 734 nostra

42 806 55 818 ⁴
150 754 604 817 coniunctione
635 761 697 814 et
724 754 1123 815 familiaritate
1154 753 1414 815 liberare
1452 752 1792 827 suspitione
1828 755 2082 815 fascium
2114 759 2241 817 vel-

32 888 55 907 ,.
151 843 279 911 let,
326 854 450 898 una
477 853 635 899 voce
681 846 897 897 cuncta
941 837 1146 898 contio
1178 834 1510 897 declaravit
1548 834 1693 896 nihil
1722 852 1864 897 esse
1906 853 1944 895 a
1981 855 2078 898 me
2115 855 2242 899 um·

39 972 55 986 .
154 938 359 998 quam
390 921 469 981 de
500 938 569 980 re
600 920 844 994 publica
880 920 999 979 nisi
1028 919 1256 992 optime
1287 918 1632 992 cogitatum.
1717 919 1863 979 Post
1887 920 2046 980 hanc
2077 922 2240 981 habi-

40 1003 55 1016 *
150 1014 291 1065 tam
335 1004 681 1065 contionem
722 1004 961 1063 duabus
1008 1001 1281 1061 tribusve
1314 1000 1482 1061 horis
1527 1000 1892 1076 optatissimi
1935 1002 2127 1064 nuntii
2184 1015 2245 1066 et

154 1090 405 1148 litterae
450 1092 772 1145 venerunt=
822 1095 890 1147 ut
933 1083 1096 1145 idem
1146 1083 1282 1143 dies
1325 1099 1448 1144 non
1495 1085 1680 1145 modo
1728 1082 2106 1159 iniquissima
2147 1104 2245 1147 me

157 1167 403 1229 invidia
434 1167 731 1239 liberarit,
776 1170 889 1228 sed
919 1168 1099 1227 etiam
1142 1166 1537 1227 celeberrima
1566 1168 1778 1242 populi
1807 1168 2066 1229 Romani
2106 1184 2240 1281 gra-

156 1254 461 1313 tulatione
495 1250 751 1311 auxerit.

296 1332 397 1397 17.
442 1336 610 1395 Haec
654 1332 1023 1407 interposui,
1068 1344 1274 1407 patres
1319 1332 1680 1408 conscripti,
1725 1350 1849 1395 non
1879 1343 1998 1395 tam
2031 1342 2096 1394 ut
2130 1351 2241 1409 pro

162 1436 266 1479 me
298 1419 567 1479 dicerem
598 1450 684 1463 --
710 1418 868 1477 male
902 1416 1062 1477 enim
1097 1432 1336 1479 mecum
1365 1426 1676 1491 ageretur,
1720 1417 1773 1476 si
1811 1433 2025 1493 parum
2062 1415 2239 1478 vobis

158 1516 375 1562 essem
406 1503 539 1562 sine
562 1499 923 1561 defensione
954 1509 1245 1575 purgatus
1271 1532 1385 1572 -,
1423 1517 1603 1575 quam
1632 1507 1698 1560 ut
1727 1502 2030 1573 quosdam
2061 1500 2242 1561 nimis

159 1583 375 1645 ieiuno
406 1584 609 1643 animo
632 1592 695 1643 et
714 1591 975 1657 angusto
1000 1599 1334 1655 monerem,
1358 1583 1422 1641 id
1445 1583 1615 1679 quod
1631 1600 1877 1677 semper
1897 1582 2036 1659 ipse
2061 1585 2240 1644 fecis-

167 1682 319 1735 sem,
356 1666 440 1723 uti
470 1665 894 1725 excellentium
920 1665 1141 1726 civium
1162 1664 1442 1727 virtutem
1465 1664 1796 1726 imitatione
1817 1668 2082 1740 dignam,
2117 1683 2241 1727 non

164 1746 401 1809 invidia
436 1755 734 1821 putarent.
818 1746 1080 1819 Magnus
1110 1756 1207 1807 est
1235 1747 1296 1807 in
1337 1763 1404 1807 re
1437 1746 1681 1821 publica
1715 1764 2000 1823 campus,
2049 1758 2115 1809 ιιι
2143 1765 2236 1809 sa·

168 1830 410 1907 pienter
453 1830 659 1890 dicere
706 1830 967 1890 Crassus
1020 1830 1286 1901 solebat,
1339 1830 1542 1890 multis
1589 1839 1838 1904 apertus
1891 1847 2110 1891 cursus
2161 1831 2234 1891 ad

171 1914 431 1974 laudem.
517 1912 649 1972 Vll.
688 1912 928 1973 Utinam
960 1910 1207 1986 quidem
1237 1912 1320 1972 illi
1345 1912 1651 1987 principes
1681 1911 1972 1985 viverent,
2011 1914 2116 1989 qui
2146 1931 2242 1974 me

172 2005 315 2073 post
344 2011 549 2055 meum
584 1997 997 2066 consulatum,
1042 2012 1226 2069 quum
1253 1994 1328 2055 iis
1366 1994 1505 2070 ipse
1548 1997 1859 2068 cederem,
1905 1996 2240 2071 principem

172 2098 291 2141 non
325 2076 496 2140 inviti
528 2077 840 2139 videbant!
915 2077 1050 2139 Hoc
1078 2096 1227 2140 vero
1272 2087 1544 2153 tempore
1573 2080 1632 2138 in
1661 2085 1828 2139 tanta
1855 2078 2064 2155 inopia
2097 2086 2242 2140 con-

173 2161 455 2223 stantium
488 2170 548 2223 et
590 2163 831 2224 fortium
860 2161 1272 2222 consularium
1307 2179 1428 2237 quo
1463 2178 1560 2220 me
1593 2163 1806 2223 dolore
1835 2162 2018 2223 adfici
2048 2163 2242 2222 credi·

169 2246 281 2320 tis,
321 2263 507 2320 quum
544 2245 698 2305 alios
728 2245 886 2305 male
926 2243 1183 2318 sentire,
1229 2244 1388 2305 alios
1432 2245 1579 2304 nihil
1620 2246 1866 2307 omnino
1898 2262 2113 2305 curare
2152 2244 2240 2305 vi—

174 2330 378 2403 deam,
424 2327 581 2389 alios
612 2344 827 2403 parum
860 2336 1213 2387 constanter
1242 2326 1303 2387 in
1337 2335 1629 2403 suscepta
1661 2344 1850 2389 causa
1885 2344 2244 2405 permanere

176 2411 659 2487 sententiamque
701 2428 876 2472 suam
914 2427 1038 2470 non
1080 2426 1325 2485 semper
1352 2410 1608 2471 utilitate
1633 2410 1724 2472 rei
1764 2412 2076 2488 publicae,
2129 2412 2243 2473 sed

174 2502 296 2553 tum
341 2510 485 2569 spe,
533 2502 659 2555 tum
700 2493 917 2554 timore
945 2492 1294 2555 moderari?
1378 2493 1479 2557 18.
1523 2494 1698 2569 Quod
1737 2494 1957 2571 siquis
1988 2497 2066 2557 de
2097 2512 2246 2555 con·

175 2576 437 2637 tentione
471 2576 848 2652 principatus
879 2578 1141 2649 laborat,
1176 2594 1340 2651 quae
1368 2580 1533 2639 nulla
1583 2593 1726 2639 esse
1755 2579 1968 2649 debet,
2013 2578 2239 2639 stultis-

177 2659 321 2718 sime
371 2660 539 2731 sacit,
588 2660 642 2719 si
684 2660 847 2721 vitiis
890 2677 1027 2721 cum
1074 2660 1296 2721 virtute
1347 2660 1687 2722 contendit:
1737 2668 1805 2731 ut
1853 2660 2012 2719 enim
2055 2676 2240 2721 cursu

180 2757 421 2813 cursuS,
456 2742 545 2801 sic
574 2740 633 2800 in
662 2741 807 2802 viris
842 2744 1099 2803 fortibus
1133 2742 1324 2804 virtus
1353 2744 1572 2804 virtute
1608 2750 1948 2817 superatur.
2034 2745 2154 2816 Tu,
2185 2741 2242 2803 si

175 2840 289 2898 ego
326 2823 405 2883 de
433 2840 501 2884 re
535 2824 779 2897 publica
812 2823 1037 2900 optime
1076 2824 1363 2898 sentiam,
1405 2834 1473 2887 ut
1519 2842 1614 2885 me
1645 2826 1887 2900 vincaS,
1930 2825 2068 2901 ipse
2098 2841 2240 2900 pes·

182 2908 323 2967 sime
366 2906 640 2967 senties?
680 2914 814 2978 aut,
847 2908 900 2967 si
932 2908 1011 2966 ad
1052 2924 1151 2967 me
1182 2908 1482 2969 bonorum
1511 2923 1878 2970 concursum
1907 2908 2040 2969 fieri
2070 2909 2238 2969 vide·

180 2988 294 3059 bis,
322 2990 401 3049 ad
430 2996 491 3049 te
518 2988 831 3062 improbos
861 2988 1190 3051 invitabis?
1250 2992 1482 3053 Nollem
1504 3037 1520 3065 ,
1559 2992 1816 3065 primum
1839 2991 1930 3051 rei
1959 2990 2240 3067 publicae

182 3088 386 3147 causa,
421 3070 643 3133 deinde
672 3072 850 3131 etiam
878 3072 1186 3145 dignitatis
1215 3082 1375 3133 tuae.
1445 3074 1570 3135 Sed
1601 3074 1654 3134 si
1683 3073 2060 3150 principatus
2095 3090 2236 3148 age-

182 3162 361 3226 retur,
416 3156 593 3231 quem
638 3170 969 3229 numquam
1016 3154 1320 3229 expetivi,
1377 3158 1524 3231 quid
1579 3158 1823 3217 tandem
1876 3156 2022 3218 mihi
2069 3165 2238 3217 esset

181 3239 478 3312 optatius?
518 3239 647 3312 Ego
679 3238 837 3297 enim
868 3238 1043 3298 malis
1074 3238 1392 3300 sententiis
1412 3238 1576 3300 vinci
1607 3258 1726 3301 non
1754 3256 2026 3314 possum,
2056 3238 2236 3299 bonis

182 3319 419 3381 forsitan
462 3320 699 3396 possim
742 3329 803 3381 et
841 3320 1119 3382 libenter.
1208 3320 1310 3384 19.
1361 3322 1528 3382 Haec
1571 3324 1865 3398 populum
1896 3324 2237 3391 Romanum
