2459 3817
278 114 403 181 218
492 120 571 181 ΙΝ
596 118 663 179 L.
696 116 1116 177 CATILINAM
1145 114 1429 176 ORATIO
1458 115 1505 175 1.
1577 115 1741 175 CAP.
1771 123 1856 179 13.
1901 123 1951 183 S.
1981 124 2068 178 32.
2088 122 2177 180 33.

285 274 381 334 los
412 279 474 333 et
503 271 671 331 faces
712 269 793 330 ad
834 266 1328 329 inflammandam
1367 268 1582 328 urbem
1625 283 2012 343 compararc=
2067 267 2148 330 sit
2185 267 2350 329 deni-

286 372 409 433 que
435 351 794 427 inscriptum
825 350 887 411 in
918 352 1117 415 fronte
1148 352 1334 413 unius
1363 349 1666 428 cuiusque
1697 349 1846 428 quid
1887 352 1966 413 de
2010 368 2080 411 re
2108 351 2352 428 publica

286 436 525 498 sentiat.
570 435 869 495 Polliceor
902 434 1081 496 vobis
1109 436 1249 511 hoc,
1282 443 1488 511 patres
1517 434 1871 510 conscripti,
1901 442 2128 497 tantam
2149 434 2212 496 in
2243 452 2350 497 no-

283 520 380 581 bis
410 518 767 581 consulibus
798 520 929 581 sore
952 518 1342 595 diligentiam,
1373 526 1598 580 tantam
1625 517 1690 580 in
1712 517 1892 579 vobis
1915 519 2350 594 auctoritatem,

284 611 513 665 tantam
549 602 613 663 in
653 602 958 678 equitibus
991 602 1284 663 Romanis
1325 602 1638 675 virtutem,
1693 608 1922 663 tantam
1961 601 2023 663 in
2068 601 2350 665 omnibus

282 686 466 749 bonis
489 685 979 762 consensionem,
1012 694 1079 746 ut
1100 685 1389 747 Catilinae
1411 683 1796 763 profectione
1824 684 2027 747 omnia
2048 687 2350 762 patefacta

283 770 612 845 illustrata,
648 786 955 847 oppressa
981 768 1290 831 vindicata
1319 786 1463 831 esse
1495 769 1775 832 videatis.

450 853 555 916 33.
597 853 783 915 Hisce
814 852 1143 926 ominibu3‚
1190 852 1474 931 Catilina,
1517 870 1652 915 curn
1691 869 1926 915 summa
1951 852 2042 915 rei
2073 852 2350 930 publicae

283 938 501 1013 salute,
536 953 676 999 cum
702 944 807 1001 tua
839 946 1019 1013 peste
1048 954 1122 998 ac
1155 936 1428 1013 pernicie
1456 950 1721 1013 cumque
1753 954 1966 999 eorum
1996 937 2204 1012 exiti0,
2246 935 2350 1012 qui

282 1038 357 1083 se
384 1030 586 1083 tecum
620 1021 785 1083 omni
814 1022 1049 1082 scelere
1077 1019 1536 1097 parricidioque
1564 1020 1922 1097 iunxerunt,
1954 1018 2352 1098 proficiscere

281 1108 365 1166 ad
386 1105 636 1181 impium
658 1105 886 1164 bellum
918 1117 993 1163 ac
1024 1102 1346 1163 nefarium.
1394 1102 1545 1162 Tum
1570 1109 1656 1173 tu,
1685 1102 1980 1179 Iuppiter,
2005 1102 2109 1177 qui
2131 1102 2351 1164 iisdem

284 1189 513 1265 quibus
557 1189 711 1249 haec
738 1187 888 1248 urbs
919 1184 1216 1262 auspiciis
1251 1202 1289 1245 a
1314 1187 1582 1247 Romulo
1613 1202 1682 1247 es
1725 1186 2126 1261 constitutus,
2167 1202 2350 1263 quem

282 1275 597 1336 Statorem
632 1271 813 1332 huius
852 1269 1023 1330 urbis
1054 1276 1244 1345 atque
1274 1269 1514 1345 imperii
1547 1285 1700 1331 vere
1735 1270 2155 1344 nominamus,
2189 1272 2350 1333 hunc

285 1366 351 1419 et
378 1356 561 1416 huius
592 1354 803 1416 socios
838 1370 877 1412 a
908 1351 1032 1414 tuis
1060 1354 1185 1414 aris
1215 1353 1568 1429 ceterisque
1599 1355 1864 1430 templis,
1897 1370 1935 1414 a
1962 1355 2139 1415 tectis
2177 1356 2348 1416 urbis

284 1456 363 1499 ac
391 1437 735 1511 moenibuS,
766 1453 807 1495 a
828 1434 953 1496 vita
974 1436 1368 1511 fortunisque
1391 1435 1616 1497 civium
1652 1440 1968 1511 [omnium]
1994 1437 2254 1511 arcebiS,
2290 1448 2348 1499 et

288 1522 569 1583 homines
604 1522 911 1581 bonorum
943 1518 1247 1591 ἰηίῐῐιίοοε,
1281 1520 1496 1583 hostes
1529 1521 1782 1597 patriae,
1815 1526 2090 1584 latrones
2121 1522 2348 1597 Italiae,

288 1608 593 1669 scelerum
632 1604 887 1665 foedere
928 1604 1087 1663 inter
1124 1618 1195 1665 se
1238 1620 1312 1663 ac
1351 1605 1586 1667 nefaria
1627 1606 1926 1669 societate
1967 1604 2348 1682 coniunctos,

284 1690 553 1755 aeternis
584 1686 901 1769 suppliciis
932 1686 1113 1749 vivos
1145 1695 1554 1765 mortuosque
1589 1691 1906 1754 mactabis.

892 2054 979 2139 H.
1025 2056 1282 2141 'ruzin
1329 2056 1746 2141 ClCERssNIS

284 2186 603 2287 (inmo
648 2188 893 2297 QUAM
928 2190 1257 2286 HABUI'I'
1291 2194 1408 2287 An
1443 2194 1854 2291 Populum
1885 2194 2346 2295 ros'ssum

682 2322 957 2473 ,QUAM
1008 2326 1412 2422 cA'rlmNA
1454 2329 1908 2424 PnoFlJffl'l'.

1291 2515 1445 2525 ——-—-

909 2604 1719 2667 ARGUMENTUM.

421 2736 585 2799 Quum
618 2756 679 2793 ea
716 2742 891 2803 oratio,
923 2758 1073 2805 quam
1105 2744 1175 2797 M.
1206 2743 1402 2795 Tullius
1438 2746 1492 2797 in
1523 2752 1702 2795 senatu
1735 2744 1787 2795 in
1813 2742 1872 2797 L.
1902 2740 2168 2793 Catilinam
2201 2753 2352 2805 prae-

276 2814 469 2857 sentem
505 2825 557 2862 a.
586 2810 637 2867 d.
668 2812 755 2865 VI.
784 2814 857 2863 Id.
886 2811 1195 2863 Novembres
1224 2812 1422 2875 habuit,
1459 2830 1491 2864 a
1527 2814 1846 2864 senatoribus
1883 2812 1955 2861 ita
1990 2812 2165 2861 audita
2195 2814 2352 2869 esset,

278 2883 334 2925 ut
356 2876 583 2941 plerique
606 2881 800 2931 consuli
831 2882 1201 2931 adsentirentur
1226 2888 1278 2931 et
1301 2880 1563 2932 Catilinam
1589 2883 1788 2933 hostem
1818 2882 2014 2945 patriae
2048 2887 2200 2941 atque
2230 2890 2354 2941 par·

277 2946 491 2995 ricidam
528 2948 867 3013 appellarent,
901 2950 989 2999 ille
1024 2966 1053 2999 e
1090 2958 1270 3000 senatu
1306 2967 1542 3017 messus
1578 2952 1912 3017 proximaque
1942 2954 2117 3008 nocte,
2155 2943 2355 2995 relictis

277 3014 336 3068 Ρ.
368 3014 580 3066 Lentulo
598 3052 614 3077 ,
663 3016 719 3068 0.
760 3018 981 3083 Cethego
1028 3019 1246 3083 aliisque
1291 3020 1344 3069 iu
1383 3022 1506 3071 urbe
1550 3021 1736 3083 sociis,
1790 3019 1879 3081 qui
1917 3031 2006 3075 ea,
2063 3015 2127 3065 de
2163 3014 2355 3077 quibus

276 3086 615 3149 convenisset,
651 3096 1059 3153 exsequerentur,
1092 3088 1157 3137 ad
1174 3088 1420 3139 Manlium
1457 3088 1716 3153 profectus
1747 3093 1872 3139 erat.
1946 3084 2198 3137 Postridie
2235 3084 2356 3133 eius

275 3152 378 3202 diei
403 3152 469 3203 M.
500 3152 674 3203 Cicero
714 3156 945 3205 contione
981 3165 1270 3217 convocata,
1306 3165 1364 3206 ut
1393 3156 1640 3221 populum
1673 3158 1738 3207 de
1775 3156 1840 3206 iis
1870 3154 2040 3214 rebus,
2081 3167 2212 3217 quae
2237 3151 2357 3217 agi-

274 3222 525 3281 tabantur,
563 3223 797 3273 edoceret
834 3231 885 3273 et
918 3226 1164 3275 invidiam
1194 3239 1225 3273 a
1257 3238 1313 3273 se
1349 3225 1720 3289 deprecaretur,
1755 3224 1909 3285 hanc,
1947 3238 2078 3287 quae
2107 3220 2242 3273 infra
2278 3220 2359 3271 le-

276 3288 441 3348 oeitur‚
480 3292 761 3341 orationem
792 3290 987 3343 habuit.
