2459 3817
263 120 386 187 154
719 126 868 190 PRO
895 129 961 189 Τ.
991 126 1225 187 ANNIO
1254 124 1547 187 MILONE
1577 124 1879 186 ORATIO.

257 277 421 355 giam
468 290 664 353 paene
711 276 988 339 confecit.
1083 274 1186 341 38.
1242 276 1401 351 Quid
1440 273 1641 337 simile
1683 270 1969 335 Milonis?
2026 274 2217 337 cuius
2250 286 2343 344 vis

257 362 458 425 omnis
490 360 646 421 haec
673 374 918 435 semper
945 356 1074 433 fuit,
1107 375 1187 421 ne
1215 358 1278 419 P.
1314 358 1565 421 clodius
1596 374 1781 433 quum
1812 357 1874 418 in
1900 356 2203 421 iudicium
2236 366 2343 427 de-

259 444 414 505 trahi
441 459 563 503 non
597 447 844 519 posset,
887 441 948 501 vi
982 457 1349 518 oppressam
1382 440 1687 503 civitatem
1714 446 1965 501 teneret.
2054 442 2261 517 Quem
2290 450 2341 509 si

259 526 602 589 interficere
657 524 997 597 voluisset,
1049 533 1317 600 quantae
1363 522 1653 599 quotiens
1693 522 2057 585 occasiones
2082 569 2101 598 ,
2154 546 2343 603 quam

259 610 612 683 praeclarae
643 605 910 667 fuerunt!
953 606 1259 679 Potuitne,
1286 622 1471 681 quum
1502 606 1749 665 domum
1776 620 1853 667 ac
1886 606 2041 667 deos
2072 621 2343 683 penates

259 707 414 753 suos
453 690 556 751 illo
599 697 996 768 oppugnante
1035 690 1423 762 defenderet,
1463 688 1597 749 iure
1638 703 1712 749 se
1752 686 2008 749 ulcisci?
2058 696 2344 766 potuitne

263 772 385 835 civi
417 770 666 848 egregio
697 780 760 835 et
788 771 917 832 viro
953 771 1309 846 fortissimo,
1336 772 1401 833 P.
1432 769 1655 843 Sestio,
1688 770 1925 845 collega
1954 787 2087 843 suo,
2122 778 2341 839 vulne-

267 864 446 918 rato?
476 854 751 931 potuitne
781 853 848 929 Q.
871 854 1172 928 Fabricio,
1203 856 1336 917 viro
1370 852 1621 931 optimo,
1652 868 1837 927 quum
1870 852 1947 913 de
1968 855 2175 918 reditu
2200 874 2341 921 meo

259 943 454 1015 legem
501 940 702 1012 terret,
744 937 960 1013 pulso,
1002 936 1427 999 crudelissima
1464 935 1527 995 in
1570 936 1703 996 foro
1746 936 1937 997 caede
1975 936 2183 999 facta?
2226 959 2337 1017 po·

261 1022 450 1085 tuitne
471 1023 538 1081 L.
555 1018 816 1093 Caecilii,
839 1018 1155 1081 iustissimi
1170 1018 1611 1094 fortissimique
1630 1016 1949 1091 praetoris,
1974 1034 2336 1098 oppugnata

259 1106 489 1167 domo?
523 1102 796 1181 potuitne
829 1100 932 1163 ilto
963 1100 1093 1175 die,
1131 1120 1319 1177 quum
1350 1111 1445 1164 est
1472 1103 1594 1161 lata
1620 1102 1721 1159 lex
1752 1101 1832 1161 de
1860 1108 2005 1161 me?
2028 1121 2217 1178 quum
2248 1115 2337 1168 to·

259 1186 382 1249 tius
403 1187 612 1247 ltaliae
643 1199 1004 1258 concursus,
1055 1201 1237 1259 quem
1268 1201 1403 1247 mea
1426 1185 1595 1247 salus
1618 1182 1968 1256 concitarat,
2002 1185 2149 1249 facti
2175 1187 2337 1249 illius

259 1270 512 1345 gloriam
535 1268 734 1329 libens
755 1267 1130 1341 agnovisset,
1157 1275 1240 1341 ut,
1269 1267 1449 1329 etiam
1478 1265 1532 1329 si
1560 1264 1625 1325 id
1650 1263 1797 1325 Milo
1822 1264 2089 1340 fecisset,
2117 1280 2339 1333 cuncta

261 1352 476 1411 civitas
499 1366 634 1411 eam
657 1350 898 1409 laudem
927 1366 1039 1423 pro
1073 1365 1190 1411 sua
1209 1350 1588 1414 vindicaret?
1612 1349 1744 1409 XV.
1774 1344 1877 1409 39.
1903 1350 1987 1411 At
2014 1353 2187 1426 quod
2208 1362 2338 1414 erat

263 1438 548 1505 tempus?
582 1429 968 1491 Clarissimus
1001 1439 1064 1492 et
1092 1431 1462 1493 fortissimus
1492 1430 1741 1503 consul,
1781 1428 2067 1493 inimicus
2103 1434 2338 1509 Clodio,

259 1514 323 1573 P.
344 1514 657 1586 Lentulus,
689 1514 850 1574 ultor
881 1514 1134 1573 sceleris
1157 1512 1338 1587 illius,
1375 1521 1795 1589 propugnator
1817 1522 2091 1588 senatus,
2120 1517 2336 1578 defen-

259 1613 367 1657 sor
389 1605 632 1658 vestrae
651 1594 998 1669 voluntatis,
1031 1604 1330 1671 patronus
1364 1597 1595 1673 publici
1626 1611 1993 1669 consensuS,
2018 1599 2338 1661 restitutor

261 1679 476 1743 salutis
507 1696 710 1741 menes
740 1687 977 1756 septem
1005 1686 1341 1755 praetores,
1367 1688 1507 1741 octo
1543 1677 1765 1740 tribuni
1793 1678 2015 1755 plebei,
2042 1680 2209 1743 illius
2234 1684 2335 1742 ad-

262 1762 549 1837 versarii,
599 1763 962 1825 defensores
989 1762 1138 1825 mei=
1182 1763 1289 1824 Cn.
1318 1761 1681 1837 Pompeius,
1723 1770 1936 1823 auctor
1967 1769 2029 1821 et
2056 1764 2189 1823 dux
2218 1782 2327 1827 mel

264 1846 531 1920 reditus,
567 1845 732 1908 illius
761 1846 990 1921 hostis,
1025 1845 1201 1908 cuius
1236 1844 1595 1907 sententiam
1624 1852 1875 1907 senatus
1904 1843 2105 1908 omnis
2132 1848 2215 1907 de
2246 1865 2330 1909 sa-

264 1930 386 1991 lute
425 1946 569 1991 mea·
599 1928 1028 2003 gravissimam
1068 1937 1130 1990 et
1161 1927 1609 1990 ornatissimam
1638 1935 1887 1987 secutus
1917 1935 2041 1997 est,
2090 1928 2199 2004 qui
2226 1946 2330 2005 po·

263 2013 472 2087 pulum
503 2012 842 2072 Romanum
876 2020 968 2071 est
1023 2010 1414 2071 cohortatus:
1451 2007 1552 2083 qui
1574 2024 1763 2081 quum
1793 2007 1872 2066 de
1902 2023 2001 2067 me
2024 2007 2335 2067 decretum

267 2095 512 2167 Capuae
535 2094 804 2165 fecisset,
827 2094 964 2169 ipse
1005 2100 1265 2153 cunctae
1278 2091 1485 2152 Italiae
1508 2088 1776 2165 cupienti
1791 2088 2001 2150 eteius
2023 2090 2215 2149 fidem
2237 2089 2329 2150 im-

264 2170 523 2247 ploranti
546 2170 786 2245 signum
809 2171 995 2246 dedit,
1023 2181 1091 2232 ut
1109 2173 1190 2233 ad
1211 2189 1310 2233 me
1332 2171 1771 2233 restituendum
1798 2170 2051 2232 Romam
2077 2187 2333 2235 concur-

261 2263 503 2316 rerent=
548 2254 753 2315 omnia
793 2261 922 2315 tum
961 2255 1226 2331 denique
1266 2255 1328 2315 in
1376 2254 1543 2316 ilium
1585 2252 1729 2315 odia
1768 2251 1990 2313 civium
2039 2254 2338 2316 ardebant

262 2336 572 2400 desiderio
605 2336 743 2410 mei,
775 2352 958 2411 quem
983 2336 1089 2413 qui
1119 2346 1243 2399 tum
1268 2336 1692 2408 interemisset,
1725 2352 1845 2396 non
1872 2336 1951 2397 de
1978 2334 2337 2411 impunitate

262 2418 394 2480 eius
415 2464 432 2492 ,
483 2420 594 2480 sed
624 2420 704 2479 de
735 2418 1022 2494 praemiis
1061 2419 1447 2495 cogitaretur.
1532 2417 1636 2481 40.
1662 2418 1885 2479 Tamen
1914 2434 1986 2479 se
2013 2418 2159 2479 Milo
2190 2436 2336 2481 con·

263 2500 438 2563 tinuit
465 2511 526 2562 et
546 2502 608 2561 P.
641 2501 914 2562 Clodium
943 2502 1006 2561 in
1034 2502 1323 2565 iudicium
1350 2500 1479 2577 bis,
1518 2503 1596 2562 ad
1626 2502 1749 2562 vim
1782 2515 2115 2575 numquam
2152 2518 2336 2563 voca·

261 2584 366 2647 vit.
454 2584 653 2658 Quid?
693 2583 930 2661 privato
961 2582 1186 2645 Milone
1231 2593 1294 2645 et
1332 2600 1439 2644 reo
1471 2585 1553 2644 >ad
1583 2585 1879 2661 populum
1908 2593 2243 2647 accusante
2272 2583 2333 2643 P.

263 2667 496 2742 clodio,
529 2684 716 2746 quum
747 2667 808 2729 in
838 2666 944 2727 Cn.
975 2665 1329 2743 Pompeium
1358 2683 1471 2742 pro
1492 2665 1720 2727 Milone
1744 2664 2043 2728 dicentem
2072 2665 2334 2743 impetus

266 2752 462 2813 factus
485 2762 610 2825 est,
657 2768 816 2828 quae
846 2759 970 2814 tum
1003 2766 1126 2812 non
1154 2750 1342 2823 modo
1372 2748 1655 2823 occasio,
1682 2748 1795 2811 sed
1828 2748 2011 2809 etiam
2042 2764 2235 2812 causa
2267 2747 2331 2808 il·

264 2833 382 2893 lius
428 2834 812 2911 opprimendi
855 2833 1012 2896 fuit?
1049 2834 1258 2908 Nuper
1299 2848 1445 2895 vero
1496 2848 1682 2909 quum
1708 2832 1790 2893 M.
1824 2830 2130 2903 Antonius
2176 2848 2332 2896 sum·

264 2931 424 2976 mam
457 2935 633 2992 spem
659 2918 877 2980 satutis
919 2916 1101 2981 bonis
1145 2915 1431 2980 omnibus
1454 2915 1757 2977 attulisset
1784 2912 2337 2990 gravissimamque

263 2999 630 3061 adolescens
663 2999 1081 3064 nobilissimus
1120 2998 1211 3061 rei
1254 2999 1537 3075 publicae
1572 3006 1803 3072 partem
1834 2996 2169 3065 fortissime
2198 3012 2333 3060 sus·

265 3082 563 3159 cepisset,
605 3091 793 3157 atque
835 3083 994 3143 illam
1037 3083 1310 3158 beluam,
1363 3079 1573 3144 iudicii
1612 3082 1871 3157 laqueos
1911 3079 2335 3151 declinantem,

261 3163 385 3227 iam
419 3164 707 3227 irretitam
731 3173 978 3236 teneret,
1010 3167 1113 3241 qui
1138 3167 1331 3237 locus,
1362 3164 1531 3239 quod
1552 3170 1792 3237 tempus
1813 3161 1982 3236 illud,
2012 3161 2075 3223 di
2095 3162 2331 3224 immor·

263 3249 450 3321 tales,
481 3248 622 3311 fuit!
673 3264 860 3321 quum
887 3264 958 3307 se
992 3248 1094 3307 ille
1122 3246 1367 3323 fugiens
1395 3245 1456 3307 in
1505 3246 1807 3306 scalarum
1851 3245 2138 3308 tenebras
2166 3242 2333 3305 abdi—

263 3326 494 3400 disset,
523 3346 808 3403 magnum
841 3328 1051 3389 Miloni
1087 3328 1200 3389 fuit
1223 3330 1530 3391 conficere
1561 3327 1721 3387 illam
1756 3335 1995 3403 pestem
2023 3328 2193 3387 nulla
2225 3342 2329 3387 sua
