2459 3817
275 197 361 263 94
744 186 818 244 lN
854 184 913 244 C.
949 182 1277 242 VERREM
1309 178 1882 239 ACT.II.LIB.1V.

274 336 511 409 mortui,
544 344 609 396 ut
638 335 769 395 eius
800 333 1001 393 honos
1036 332 1113 391 ab
1146 330 1256 402 eiS,
1290 327 1394 405 qui
1423 344 1502 388 ex
1531 328 1744 388 eadem
1774 324 1998 387 familia
2045 326 2198 399 sint,
2227 326 2331 384 de·

275 421 557 482 fendatur
586 432 787 491 neque
817 416 1014 475 ullum
1036 410 1444 473 adventicium
1477 410 1765 471 auxilium
1806 408 2164 484 requiratur.
2222 408 2330 466 Sin

274 503 451 565 istius
479 500 741 561 amicitia
774 506 833 559 te
860 496 1144 571 impedit,
1192 495 1246 554 si
1275 495 1420 564 hoc,
1455 494 1625 567 quod
1665 508 1780 568 ego
1821 492 1934 552 abs
1971 498 2034 551 te
2064 491 2332 565 postulo,

274 586 471 645 minus
502 584 580 643 ad
612 580 879 643 officium
902 588 1069 639 tuum
1099 578 1402 652 pertinere
1423 575 1822 649 arbitrabere,
1858 574 2183 635 succedam
2214 588 2331 645 ego

277 666 541 729 vicarius
571 674 674 726 tuo
703 663 952 733 muneri,
986 659 1321 735 suscipiam
1355 668 1579 735 partes,
1615 674 1771 733 quas
1799 657 2030 717 alienas
2065 672 2210 716 esse
2237 672 2329 713 ar-

272 749 556 805 bitrabar.
602 746 833 804 Deinde
862 746 981 805 ista
1007 746 1324 819 praeclara
1353 741 1636 800 nobilitas
1664 738 1905 798 desinat
1936 735 2110 810 queri
2130 744 2322 809 popu-

272 830 394 891 lum
423 828 765 888 Romanum
810 827 1155 887 hominibus
1197 824 1376 885 novis
1415 821 1744 883 industriis
1769 821 2026 880 libenter
2053 818 2324 878 honores

274 908 562 968 mandare
595 922 964 981 semperque
994 906 1349 965 mandasse·
1390 921 1512 965 non
1555 912 1654 965 est
1683 906 2060 979 querendum
2112 905 2172 964 in
2215 906 2334 965 hac

274 990 535 1061 civitate,
568 1005 729 1065 quae
760 998 1010 1063 propter
1040 987 1319 1049 virtutem
1363 987 1644 1047 omnibus
1679 987 2026 1049 nationibus
2054 987 2329 1062 imperat,

274 1072 553 1133 virtutem
589 1072 911 1146 plurimum
940 1086 1151 1145 posse.
1202 1070 1293 1131 Sit
1326 1071 1490 1145 apud
1519 1070 1674 1130 alios
1701 1070 1900 1144 imago
1933 1070 1995 1128 P.
2027 1070 2325 1131 Africani:

273 1164 563 1215 ornentur
593 1154 695 1214 alii
728 1155 946 1214 mortui
977 1152 1196 1213 virtute
1224 1169 1298 1211 ac
1333 1154 1605 1212 nomine:
1649 1154 1787 1213 talis
1826 1154 1928 1213 ille
1951 1152 2048 1211 vir
2076 1151 2214 1226 fuit,
2247 1150 2327 1215 ita

276 1238 354 1297 de
384 1238 615 1312 populo
639 1239 916 1297 Romano
944 1235 1192 1295 meritus
1222 1244 1334 1307 est,
1369 1243 1578 1296 utnon
1613 1236 1717 1295 uni
1747 1235 2026 1308 familiae,
2057 1235 2170 1296 sed
2196 1233 2330 1296 uni·

271 1334 491 1381 versae
540 1318 767 1380 civitati
812 1319 1272 1379 commendatus
1315 1334 1458 1379 esse
1500 1317 1735 1378 debeat.
1796 1318 1906 1379 Est
1947 1316 2153 1392 aliqua
2193 1332 2329 1375 mea

278 1423 423 1483 pars
451 1408 665 1478 virilis,
700 1410 868 1482 quod
903 1408 1034 1467 eius
1067 1405 1328 1467 civitatis
1359 1422 1514 1477 sum,
1544 1421 1728 1480 quam
1758 1404 1859 1463 ille
1887 1404 2167 1478 amplam,
2198 1398 2334 1459 illu·

280 1498 467 1552 strem
500 1492 853 1563 claramque
880 1488 1173 1559 reddidit,
1215 1488 1546 1563 praecipue
1588 1488 1753 1562 quod
1783 1486 1838 1545 in
1881 1484 1974 1546 his
2003 1484 2190 1544 rebus
2219 1498 2333 1556 pro

278 1596 413 1641 mea
442 1588 615 1655 parte
642 1594 892 1652 versor,
938 1595 1193 1655 quarum
1216 1580 1320 1641 ille
1355 1579 1646 1655 princeps
1681 1579 1820 1653 fuit,
1865 1579 2199 1655 aequitate,
2243 1578 2332 1639 in-

278 1661 528 1736 dustria,
558 1661 991 1739 temperantia,
1036 1661 1397 1723 defensione
1426 1662 1814 1735 miserorum,
1849 1662 1991 1724 odio
2021 1662 2323 1736 improbo·

274 1762 440 1805 rum:
484 1760 644 1821 quae
688 1744 969 1820 cognatio
1010 1743 1348 1805 studiorum
1390 1753 1450 1805 et
1477 1744 1690 1806 artium
1717 1760 1912 1821 prope
1942 1746 2187 1806 modum
2211 1760 2334 1805 non

275 1827 476 1888 minus
508 1837 603 1889 est
636 1828 975 1900 coniuncta,
1014 1843 1195 1903 quam
1225 1826 1372 1901 ista,
1415 1845 1537 1903 qua
1566 1844 1680 1887 vos
1711 1826 2120 1901 delectamini,
2150 1842 2332 1901 gene·

273 1909 360 1969 ris
388 1919 451 1971 et
478 1909 760 1971 nominis.

443 1992 764 2051 XXXVIII.
820 1992 923 2055 82.
954 1994 1193 2068 Repeto
1224 1992 1336 2052 abs
1365 2000 1456 2065 te,
1494 1993 1752 2065 Verres,
1793 1982 2241 2052 monumentum
2267 1992 2332 2051 P.

275 2071 584 2135 Africani.
622 2089 869 2134 causam
898 2073 1267 2145 Siculorum,
1302 2090 1483 2149 quam
1513 2073 1788 2149 suscepi,
1823 2072 2135 2149 relinquo.
2179 2071 2332 2134 iudi-

276 2156 434 2216 cium
465 2156 545 2216 de
573 2154 852 2230 pecuniis
880 2155 1240 2231 repetundis
1270 2171 1348 2215 ne
1383 2157 1462 2217 sit
1487 2156 1606 2216 hoc
1628 2165 1933 2231 tempore.
1963 2156 2331 2229 Segestano·-

273 2252 406 2299 rum
439 2236 694 2298 iniuriae
728 2236 1139 2334 negligantur·
1182 2237 1352 2297 basis
1382 2237 1444 2295 P.
1470 2237 1779 2313 Scipionis
1807 2238 2182 2299 restituatur.
2224 2254 2331 2297 no-

276 2337 413 2382 men
447 2318 653 2381 invicti
676 2318 1059 2395 imperatoris
1082 2320 1399 2392 incidatur,
1429 2319 1668 2395 signum
1689 2320 2154 2396 pulcherrimum
2179 2320 2332 2379 Kar-

276 2402 518 2478 thagine
552 2411 795 2478 captum
826 2411 1173 2476 reponatur.
1249 2400 1416 2463 Haec
1462 2404 1576 2462 abs
1609 2411 1665 2464 te
1697 2420 1818 2464 non
1855 2402 2194 2463 Siculorum
2225 2402 2324 2461 de·

278 2487 505 2558 sensor,
536 2500 659 2546 non
692 2493 837 2545 tuus
867 2492 1206 2557 accusator,
1245 2501 1366 2545 non
1398 2482 1718 2560 Segestani
1749 2487 2085 2560 postulant,
2114 2484 2229 2546 sed
2256 2483 2331 2558 iS,

280 2567 384 2643 qui
415 2568 656 2627 laudem
696 2566 1076 2642 gloriamque
1107 2568 1172 2627 P.
1196 2566 1468 2627 Africani
1496 2568 1781 2628 tuendam
1821 2568 2329 2629 conservandam·

276 2666 398 2725 que
428 2648 719 2725 suscepit.
775 2651 907 2710 Non
946 2664 1167 2711 vereor
1198 2666 1278 2709 ne
1305 2650 1424 2711 hoc
1445 2648 1722 2712 officium
1751 2666 1951 2710 meum
1979 2650 2042 2709 P.
2072 2648 2332 2711 Servilio

273 2730 458 2794 iudici
480 2748 604 2792 non
630 2734 902 2807 probem,
927 2730 1032 2807 qui
1058 2749 1245 2808 quum
1265 2748 1367 2793 res
1389 2733 1685 2793 maximas
1706 2730 1968 2807 gesserit
1977 2748 2330 2793 monumen-

272 2824 458 2889 taque
486 2830 731 2876 suarum
757 2830 957 2875 rerum
977 2823 1283 2889 gestarum
1307 2831 1492 2889 quum
1517 2814 1777 2875 maxime
1799 2813 2126 2875 constituat
2147 2823 2332 2889 atque

275 2898 336 2959 in
366 2897 443 2957 iis
476 2898 774 2970 elaboret,
817 2898 1092 2973 profecto
1126 2898 1290 2958 volet
1316 2898 1468 2973 haec
1502 2914 1624 2958 non
1657 2898 1854 2959 solum
1887 2894 2016 2957 suis
2046 2894 2333 2973 posteris,

275 2996 485 3042 verum
518 2979 699 3040 etiam
736 2980 1016 3042 omnibus
1060 2979 1205 3041 viris
1247 2979 1504 3041 fortibus
1552 2988 1614 3040 et
1644 2979 1824 3040 bonis
1854 2978 2090 3039 civibus
2119 2979 2329 3040 defen·

274 3064 494 3136 denda,
529 3080 653 3124 non
686 3062 1010 3137 spolianda
1036 3060 1331 3138 improbis
1361 3062 1618 3123 tradere.
1675 3062 1806 3122 Non
1849 3077 2067 3121 vereor
2095 3076 2173 3121 ne
2201 3059 2330 3133 tibi,

275 3147 342 3221 Q.
375 3146 610 3218 Catule,
653 3144 1003 3221 displiceat,
1049 3145 1222 3206 cuius
1253 3144 1692 3221 amplissimum
1725 3143 1856 3205 orbi
1885 3152 2177 3205 terrarum
2207 3145 2328 3203 ela-

271 3229 705 3303 rissimumque
740 3236 1188 3290 monumentum
1222 3235 1348 3302 est,
1402 3244 1582 3303 quam
1614 3226 1908 3302 plurimos
1954 3242 2097 3288 esse
2126 3235 2328 3287 custo-

272 3315 384 3372 des
430 3318 957 3374 monumentorum
1004 3319 1067 3371 et
1104 3319 1321 3386 putare
1363 3325 1575 3372 omnes
1604 3310 1804 3371 bonos
1833 3308 2069 3369 alienae
2096 3307 2332 3384 gloriae

270 3394 694 3455 defensionem
734 3394 811 3454 ad
846 3394 1115 3456 officium
1147 3408 1324 3453 suum
1355 3391 1675 3468 pertinere.
1731 3392 1831 3455 83.
1861 3392 2157 3468 Equidem
2189 3406 2329 3450 cae-
