2459 3817
728 218 896 279 cAP.
924 226 1154 283 8-11-
1198 224 1250 285 s.
1279 224 1544 281 zs-sa
2053 210 2174 279 193

84 365 328 429 referri
363 368 503 428 volo
527 369 626 428 vel
648 366 1037 429 humanitatis
1066 370 1167 429 vel
1198 367 1556 429 clementiae
1587 370 1682 428 vel
1708 366 2190 431 misericordiae.

84 450 206 513 30.
237 450 494 524 GausaS,
518 451 761 524 Caesar,
786 452 884 525 egi
903 452 1124 513 multas
1157 452 1444 527 equidem
1459 460 1676 525 tecum,
1703 452 1849 513 dum
1875 459 1935 512 te
1959 452 2020 513 in
2049 453 2185 513 roro

89 532 306 594 tenuit
347 532 503 595 ratio
548 533 849 595 honorum
891 542 1160 605 tuorum,
1216 543 1383 596 certe
1425 551 1752 609 numquam
1805 534 1927 595 hoc
1967 536 2186 596 modos

88 615 449 691 Ignoscite,
497 614 763 677 iudicesz
794 616 1051 689 erravit,
1080 617 1296 691 lapsus
1327 625 1452 689 est,
1497 634 1620 679 non
1661 616 1929 699 putavit=
1975 618 2030 679 si
2061 636 2188 679 um·

94 716 299 774 quam
327 698 609 776 posthac.
694 699 794 759 Ad
825 707 1134 774 parentem
1164 700 1257 760 sic
1284 698 1384 775 agi
1417 701 1604 773 solet,
1633 701 1714 761 ad
1741 700 2008 762 iudices=
2053 702 2187 763 Non

92 782 271 855 fecit,
302 782 429 843 non
456 780 762 858 cogitavitz
793 782 932 842 salsi
959 790 1183 855 testes,
1218 782 1434 843 fictum
1464 784 1708 843 crimen.
1749 784 1861 843 Dic
1903 792 1996 855 te,
2035 784 2182 845 Cae-

94 881 231 937 sar,
266 866 348 926 de
376 866 537 926 sacto
566 864 786 939 Ligarii
816 864 1081 926 iudicem
1104 881 1280 925 esses
1309 865 1536 939 quibus
1557 865 1619 925 in
1648 864 1974 941 praesidiis
2006 866 2186 928 suerit

98 964 371 1023 quaeres
403 957 613 1021 taceo,
664 965 741 1007 ne
770 948 927 1009 haec
957 948 1203 1022 quidem
1236 948 1492 1023 colligo,
1525 964 1684 1023 quae
1715 950 1979 1009 sortasse
2023 950 2186 1009 vale-

92 1039 245 1091 rent
273 1030 454 1091 etiam
482 1031 651 1105 apud
683 1030 972 1091 iudicem=
1004 1030 1268 1104 Legatus
1296 1039 1438 1091 ante
1463 1030 1688 1091 bellum
1717 1032 2055 1107 profectus,
2085 1048 2182 1093 re-

96 1113 291 1173 lictus
322 1112 383 1172 in
414 1128 589 1187 pace,
620 1113 783 1173 bello
814 1110 1175 1187 oppressuS,
1206 1112 1270 1173 in
1301 1129 1376 1174 eo
1408 1112 1548 1188 ipso
1579 1130 1702 1174 non
1737 1113 2028 1188 acerbuS,
2063 1114 2184 1175 iam

98 1204 206 1255 est
234 1202 402 1255 totus
426 1196 627 1255 animo
658 1210 733 1254 ac
760 1194 965 1256 studio
986 1202 1149 1257 tuus.
1190 1195 1292 1255 Ad
1319 1194 1583 1256 iudicem
1613 1196 1704 1257 sic
1732 1196 1831 1271 agi
1863 1198 2038 1270 solet,
2069 1199 2183 1258 sed

100 1294 229 1353 ego
266 1278 434 1351 apud
463 1286 778 1354 parentem
816 1279 1075 1353 loquor*
1114 1277 1384 1351 Erravit,
1427 1286 1653 1340 temere
1683 1280 1844 1353 fecit,
1879 1280 2182 1354 poeniten

98 1362 189 1421 ad
222 1360 603 1421 clementiam
636 1369 802 1422 tuam
832 1360 1147 1436 confugio,
1194 1361 1398 1422 delicti
1432 1361 1672 1423 veniam
1706 1371 1882 1439 peto,
1915 1371 1983 1423 ut
2009 1364 2182 1438 igno·

102 1453 323 1505 scatur
354 1460 484 1506 oro.
573 1442 641 1505 Si
666 1460 843 1504 nemo
872 1442 1244 1520 impetravit,
1284 1446 1681 1519 adrogantem
1715 1446 1769 1507 si
1810 1446 2077 1521 plurimi,
2116 1450 2182 1509 tu

102 1528 275 1588 idem
308 1527 401 1589 ser
430 1542 643 1603 opem,
690 1526 795 1603 qui
829 1543 1002 1602 spem
1033 1526 1276 1588 dedisti.
1361 1527 1464 1590 31.
1494 1530 1593 1589 An
1626 1528 1914 1605 sperandi
1940 1529 2179 1605 Ligario

106 1627 303 1672 causa
330 1626 455 1671 non
487 1610 593 1681 sit,
643 1626 830 1685 quum
863 1608 1007 1670 mihi
1040 1611 1206 1685 apud
1237 1618 1297 1671 te
1325 1612 1498 1672 locus
1529 1610 1608 1672 sit
1635 1611 1817 1673 etiam
1846 1627 1960 1687 pro
1989 1616 2180 1673 altero

107 1691 531 1767 deprecandi?
570 1693 947 1768 Quamquam
987 1709 1102 1753 nec
1134 1692 1196 1753 in
1224 1693 1342 1753 hac
1371 1693 1648 1754 oratione
1677 1710 1824 1769 spos
1853 1702 1949 1755 est
1979 1697 2176 1769 posita

107 1788 340 1835 causae
368 1773 572 1834 necin
608 1792 819 1836 eorum
844 1773 1093 1847 studiiS,
1124 1774 1231 1850 qui
1259 1792 1296 1835 a
1328 1784 1388 1835 te
1413 1792 1530 1850 pro
1555 1775 1798 1850 Ligario
1824 1785 2062 1851 petunt,
2094 1777 2176 1838 tui

107 1855 468 1918 necessarii.
552 1858 653 1917 XI.
689 1856 832 1917 Vidi
872 1856 1033 1917 enim
1074 1866 1137 1917 et
1164 1858 1428 1932 cognovi
1466 1858 1614 1933 quid
1643 1858 1906 1919 maxime
1939 1868 2174 1934 specta-

108 1957 246 2015 res,
282 1957 468 2015 quum
500 1956 609 2015 pro
640 1939 899 2001 alicuius
927 1940 1123 2000 salute
1151 1939 1319 2001 multi
1346 1940 1728 2003 laborarent:
1760 1942 1983 2003 causas
2011 1942 2173 2017 apud

110 2032 175 2086 te
195 2022 537 2098 rogantium
560 2022 954 2098 gratiosiores
978 2038 1121 2083 esse
1137 2039 1320 2099 quam
1343 2025 1564 2097 vultus,
1603 2040 1806 2100 neque
1828 2035 1886 2086 te
1901 2034 2175 2099 spectaro

116 2122 297 2180 quam
337 2114 479 2168 tuus
526 2114 695 2167 esset
746 2111 1137 2167 necessarius
1180 2102 1268 2179 is,
1315 2107 1420 2181 qui
1471 2115 1533 2167 to
1584 2117 1813 2179 oraret,
1855 2108 1970 2168 sed
1999 2124 2183 2181 quam

116 2190 294 2261 illius,
334 2205 446 2263 pro
480 2205 601 2264 quo
630 2189 953 2251 laboraret.
1039 2190 1252 2264 ltaque
1297 2188 1511 2251 tribuis
1559 2198 1625 2252 tu
1663 2190 1912 2266 quidem
1945 2192 2062 2252 tuis
2097 2191 2180 2253 ita

118 2274 319 2343 multa,
354 2280 423 2333 ut
449 2270 593 2331 mihi
623 2272 930 2334 beatiores
954 2271 1039 2334 illi
1071 2271 1390 2334 videantur
1417 2274 1734 2347 interdum,
1767 2275 1871 2350 qui
1898 2284 2001 2335 tua
2029 2272 2177 2334 libe·

117 2354 348 2415 ralitate
382 2356 677 2431 fruuntur,
713 2372 895 2431 quam
923 2363 987 2415 tu
1014 2356 1169 2431 ipse,
1200 2355 1307 2431 qui
1333 2354 1452 2417 illis
1482 2365 1604 2419 tam
1635 2358 1821 2419 multa
1848 2358 2174 2429 concedas,

124 2440 235 2501 sed
267 2436 449 2499 video
478 2446 677 2498 tamen
707 2439 873 2513 apud
904 2446 964 2498 te
996 2455 1249 2511 causaS,
1296 2446 1364 2498 ut
1391 2438 1548 2513 dixi,
1591 2443 1796 2501 valere
1824 2442 1964 2515 plus
1995 2457 2180 2515 quam

122 2536 355 2596 preces,
387 2522 465 2581 ab
490 2520 691 2596 iisque
712 2530 772 2583 te
799 2520 1033 2583 moveri
1060 2521 1341 2597 maxime,
1371 2538 1630 2597 quorum
1660 2522 2060 2586 iustissimum
2087 2522 2176 2585 vi—

122 2605 267 2664 deas
300 2604 576 2665 dolorem
604 2603 665 2663 in
700 2606 985 2679 petendo.

240 2685 339 2747 32.
380 2688 449 2746 ln
491 2685 557 2760 Q.
586 2686 826 2762 Ligario
873 2689 1298 2751 conservando
1333 2691 1535 2752 multis
1574 2699 1641 2752 tu
1669 2691 1914 2766 quidem
1941 2697 2176 2765 gratum

126 2768 301 2828 facies
316 2770 689 2831 necessariis
702 2771 959 2838 tuis,sed
982 2772 1118 2846 hoc,
1144 2787 1396 2847 quaeSO,
1422 2772 1764 2847 considera,
1797 2774 1966 2849 quod
1988 2775 2175 2833 soles.

124 2854 372 2913 Possum
400 2851 767 2913 fortissimos
790 2852 975 2925 viros,
1010 2854 1292 2925 Sabinos,
1315 2854 1424 2915 tibi
1452 2854 1934 2930 probatissimos,
1960 2864 2178 2918 totum-

130 2952 241 3010 que
267 2950 475 3009 agrum
512 2934 833 3006 Sabinum,
880 2935 1093 2997 florem
1137 2936 1346 2998 ltaliae
1394 2954 1471 2997 ac
1509 2938 1700 2999 robur
1737 2938 1828 2999 rei
1872 2939 2173 3015 publ-icae,

130 3034 478 3093 proponere.
566 3017 739 3081 Nosti
782 3018 1049 3094 optimos
1092 3017 1392 3080 homines.
1481 3019 1914 3084 Animadverte
1958 3022 2178 3085 horum

11 3170 13 3177 ,
131 3100 381 3161 omnium
424 3099 783 3163 maestitiam
826 3110 888 3163 et
926 3102 1231 3163 dolorem:
1273 3100 1455 3164 huius
1487 3104 1558 3165 .Τ.
1602 3104 1892 3177 Brocchi,
1934 3106 2012 3166 de
2049 3124 2176 3183 quo

11 3224 14 3267 ἰ
130 3199 243 3242 non
272 3183 476 3245 dubito
506 3184 649 3260 quid
682 3184 1026 3258 existimes,
1068 3184 1348 3247 lacrimas
1377 3188 1851 3263 squaloremque
1885 3188 2083 3265 ipsius
2117 3197 2180 3252 et

11 3272 14 3347 g
133 3264 230 3324 filii
272 3266 462 3327 vides.
548 3266 649 3331 33.
693 3267 845 3342 Quid
889 3270 967 3329 de
1008 3268 1292 3331 fratribus
1329 3269 1569 3331 dicam?
1608 3270 1760 3343 Noli,
1790 3270 2034 3348 Caesar,
2063 3290 2174 3348 pu·

11 3352 14 3385 ²
136 3358 253 3409 tare
289 3349 365 3409 de
398 3351 576 3411 unius
618 3351 815 3427 capite
860 3368 973 3412 nos
1005 3368 1207 3428 agere.
1297 3356 1418 3412 Aut
1457 3363 1583 3413 tres
1625 3353 1736 3413 tibi-
1771 3354 1992 3429 Ligarii
2037 3352 2175 3417 reti·

138 3430 303 3493 nendi
332 3430 397 3491 in
426 3430 837 3575 civitateIsIunt
863 3444 968 3497 aut
996 3444 1119 3497 tres
1142 3452 1220 3497 ex
1253 3435 1494 3497 civitate
1523 3436 1980 3573 extetirginandi.
2025 3439 2174 3499 Nam

260 3529 379 3573 cto.
431 3526 616 3572 oxu.
741 3558 761 3579 .
