2459 3817
53 0 2455 83 —

603 212 768 271 CAP.
812 219 1078 275 35—37.
1119 219 1172 279 s.
1218 222 1553 275 ιοο-ιοε,
1831 300 1839 305 ⁵
2026 217 2111 283 29

21 379 148 422 res
219 376 557 435 permagna
611 361 826 434 agitur.
911 361 1100 421 Multa
1158 363 1484 434 scelerate,
1531 362 1718 421 multa
1770 361 2114 433 audaciter,

14 446 246 507 multa
270 442 548 517 improbe
572 441 796 502 fecisti=
825 461 1012 503 unum
1040 442 1411 515 stultissime,
1444 445 1723 518 profecto
1750 452 1853 503 tua
1874 451 2117 524 sponte,

11 544 163 586 non
198 526 289 584 de
306 525 511 584 Erucii
540 524 868 586 sententiaa
903 525 1051 585 nihil
1075 542 1233 600 opus
1258 526 1370 585 fuit
1390 534 1448 585 te
1464 524 1605 585 istic
1628 526 1879 597 sedere;
1908 543 2113 601 neque

14 608 212 669 enim
242 615 605 667 accusatore
625 615 789 668 muto
821 623 1019 683 neque
1043 615 1198 669 teste
1222 608 1550 683 quisquam
1571 608 1755 668 utitur
1780 624 1873 681 ec,
1906 608 2010 683 qui
2034 609 2113 669 de

16 689 440 751 accusatoris
463 689 756 750 subsellio
782 690 992 765 surgit.
1054 691 1190 751 Huc
1211 689 1465 763 accedit,
1492 691 1658 764 quod
1681 692 1883 765 paullo
1910 699 2111 750 tamen

16 773 354 833 occultior
377 779 560 847 atque
583 772 798 832 tectior
818 781 1024 834 vestra
1048 774 1166 833 ista
1196 771 1497 847 cupiditas
1537 781 1719 832 esset.
1762 773 1933 832 Nunc
1965 773 2110 847 quid

15 864 128 915 est
166 854 351 929 quod
393 854 718 930 quisquam
760 872 839 915 ex
884 854 1061 915 vobis
1098 854 1311 915 audire
1342 854 1676 928 desideret,
1724 872 1909 930 quum
1952 872 2112 929 quae

19 936 257 997 facitis
283 935 417 997 eius
443 937 610 997 modi
633 936 769 1010 sint,
796 945 862 997 ut
874 952 948 995 ea
963 938 1167 997 dedita
1182 953 1373 1012 opera
1396 936 1625 997 anobis
1647 946 1857 997 contra
1871 947 2111 999 vosmet

18 1021 231 1095 ipsos
257 1020 464 1079 facere
484 1018 855 1079 videamini?
879 1017 1021 1080 105.
1050 1022 1182 1095 Age
1197 1036 1361 1079 nunc
1374 1020 1478 1078 illa
1492 1018 1825 1092 videamuS,
1849 1018 2107 1091 iudiceS,

19 1118 213 1177 quae
241 1101 442 1161 statim
466 1110 798 1162 consecuta
818 1109 975 1162 sunt.
1008 1104 1108 1161 Ad
1131 1104 1485 1162 Volaterras
1505 1100 1566 1160 in
1590 1112 1789 1181 castra
1812 1101 1881 1160 L.
1904 1099 2112 1161 Sullae

19 1201 220 1244 mors
245 1182 392 1243 Sex.
417 1183 628 1244 Roscii
653 1183 992 1258 quadriduo
1010 1230 1026 1258 ,
1062 1202 1184 1259 quo
1207 1185 1263 1244 is
1288 1184 1532 1246 occisus
1555 1192 1668 1259 est,
1704 1184 2108 1260 Chrysogono

19 1266 380 1327 nuntiatur.
431 1264 723 1324 XXXVII.
760 1266 1076 1338 Quaeritur
1095 1266 1278 1327 etiam
1297 1282 1460 1326 nunc
1488 1266 1626 1341 quis
1649 1283 1789 1327 eum
1824 1269 2103 1326 nuntium

21 1347 287 1407 miserit
309 1354 338 1403 ‘e
365 1346 580 1405 Nonne
599 1348 993 1422 perspicuum
1015 1356 1112 1407 est
1134 1349 1415 1409 eumdem
1440 1350 1542 1422 qui
1563 1348 1867 1408 Ameriam
1881 1356 1911 1406 ⁰3
1930 1349 2110 1409 Curat

23 1432 500 1505 chrysogonus
523 1437 589 1489 ut
608 1430 740 1489 eius
755 1430 919 1489 bona
929 1439 1193 1491 veneant
1213 1430 1432 1505 statim,
1461 1430 1701 1507 quinon
1724 1439 1898 1492 norat
1915 1429 2109 1491 homi-

23 1530 186 1571 nem
217 1519 323 1571 aut
339 1527 489 1570 rem.
532 1513 614 1571 At
637 1512 739 1587 qui
765 1512 822 1572 ei
850 1512 1092 1574 venitin
1113 1521 1375 1574 mentem
1396 1513 1649 1589 praedia
1665 1513 2107 1589 concupiscere

29 1592 320 1653 hominis
362 1592 580 1668 ignoti,
617 1611 797 1668 quem
854 1594 1100 1656 omnino
1152 1612 1482 1671 numquam
1524 1596 1798 1657 viderat?
1862 1596 2106 1670 SoletiS,

27 1692 243 1750 quum
267 1674 498 1749 aliquid
519 1676 778 1737 huiusce
801 1677 968 1739 modi
997 1677 1239 1749 auditis,
1264 1678 1521 1751 iudices»,
1557 1679 1844 1740 continuo
1868 1678 2105 1738 dicere=

27 1758 324 1817 Necesse
359 1766 452 1817 est
482 1757 747 1833 aliquem
778 1759 1012 1820 dixisse
1044 1760 1408 1836 municipem
1440 1768 1545 1820 aut
1578 1760 1873 1820 vicinum:
1906 1758 1948 1819 ii
1980 1761 2105 1834 ple-

29 1855 312 1913 rumque
343 1837 643 1900 indicant=
674 1857 788 1915 per
818 1857 928 1901 eos
959 1841 1241 1915 plerique
1276 1843 1629 1915 produntur.
1691 1841 1803 1900 Hic
1836 1840 1981 1900 nihil
2015 1849 2109 1901 est

33 1922 226 1997 quod
259 1920 616 1997 suspicione
637 1924 678 1995 †
701 1920 821 1979 hoc
861 1922 1108 1996 putetis.
1177 1924 1321 1983 106.
1360 1922 1493 1981 Non
1530 1923 1689 1981 enim
1720 1938 1834 1995 ego
1868 1922 1951 1983 ita
1984 1923 2107 1983 dis-

35 2005 314 2077 putabo:
347 2004 499 2062 Veri
532 2003 728 2062 simile
760 2011 857 2062 est
875 2002 1138 2063 Roscios
1171 2004 1347 2064 istam
1378 2020 1504 2063 rem
1528 2005 1609 2063 ad
1643 2003 2104 2081 Chrysogonum

31 2084 388 2154 detulisse;
423 2092 552 2143 erat
575 2081 734 2143 enim
756 2083 846 2144 eis
882 2101 1020 2145 cum
1043 2085 1441 2163 Chrysogono
1471 2085 1589 2146 iam
1611 2094 1787 2147 antea
1809 2088 2099 2159 amicitia;

37 2184 189 2226 nam
234 2182 418 2239 quum
452 2166 672 2225 multos
716 2174 954 2228 veteres
987 2184 1026 2226 a
1059 2168 1387 2229 maioribus
1416 2168 1626 2230 Roscii
1668 2178 1961 2244 patronos
1995 2172 2103 2232 ho·

39 2250 381 2323 spitesque
415 2247 731 2322 haberent,
779 2265 992 2309 omnes
1037 2267 1148 2310 eos
1181 2252 1384 2312 colere
1414 2259 1599 2327 atque
1632 2253 1962 2313 observare
1997 2254 2103 2313 de-

45 2332 340 2391 stiterunt
382 2346 456 2390 ac
501 2348 570 2391 se
612 2332 672 2391 in
709 2331 1088 2408 Chrysogoni
1133 2333 1318 2394 fidem
1363 2341 1423 2395 et
1462 2334 1799 2395 clientelam
1832 2336 2099 2394 contule-

46 2423 209 2475 runt.
311 2410 453 2475 107.
502 2414 669 2474 Haec
723 2431 978 2489 possum
1023 2415 1225 2485 omnia
1274 2433 1419 2476 vere
1462 2417 1694 2488 dicere,
1742 2417 1856 2475 sed
1896 2415 1956 2474 in
1988 2416 2103 2475 hac

49 2512 248 2557 causa
275 2495 624 2557 coniectura
655 2497 801 2556 nihil
835 2514 992 2572 opus
1021 2506 1133 2559 est.
1177 2500 1357 2573 lpsos
1386 2506 1550 2559 certo
1581 2496 1710 2557 scio
1735 2514 1858 2559 non
1882 2513 2104 2572 negare

55 2580 128 2636 ad
161 2580 325 2638 haec
358 2579 522 2638 bona
556 2579 1018 2656 Chrysogonum
1040 2582 1387 2641 accessisse
1410 2582 1674 2660 impulsu
1695 2596 1827 2641 suo.
1860 2577 1926 2640 S1
1945 2594 2101 2654 eum

55 2660 155 2731 qui
184 2659 398 2719 indicii
431 2669 666 2737 partem
705 2662 1026 2737 acceperit,
1064 2662 1259 2723 oculis
1293 2664 1573 2734 cernetiS,
1602 2661 1959 2737 poteritisne
1991 2662 2101 2722 du-

59 2740 280 2815 bitare,
321 2742 585 2815 iudices,
605 2742 744 2817 quis
767 2743 1086 2805 indicarit?
1126 2746 1239 2817 Qui
1272 2754 1413 2805 sunt
1444 2744 1621 2818 igitur
1647 2744 1708 2804 in
1742 2743 1873 2805 istis
1902 2743 2101 2820 boniS,

62 2823 285 2894 quibus
313 2832 543 2897 partem
568 2825 1006 2902 Chrysogonus
1032 2826 1305 2887 dederit?
1335 2828 1469 2887 Duo
1499 2825 1725 2887 Roscii.
1757 2827 1909 2887 Num
1936 2826 2102 2901 quis*

60 2917 189 2964 nam
239 2906 602 2978 praeterea?
665 2909 853 2969 Nemo
889 2916 1001 2983 est,
1035 2908 1291 2969 iudices.
1366 2910 1517 2969 Num
1550 2925 1694 2981 ergo
1729 2910 1976 2970 dubium
2009 2918 2103 2971 est

65 2988 200 3057 quin
236 2986 282 3046 ii
314 2988 638 3049 obtulerint
668 2989 827 3050 hanc
859 2992 1144 3064 praedam
1169 2991 1589 3068 Chrysogono,
1626 2991 1729 3065 qui
1762 2993 1838 3052 ab
1862 3010 1936 3054 eo
1964 3010 2097 3068 par

65 3074 173 3128 tem
217 3066 487 3144 praedae
541 3073 844 3133 tulerunt?
933 3072 1072 3135 108.
1129 3076 1263 3147 Age
1296 3090 1455 3133 nunc
1490 3092 1570 3134 ex
1611 3073 1808 3149 ipsius
1839 3076 2101 3153 Chryso·

68 3154 194 3219 goni
231 3151 457 3213 iudicio
480 3152 840 3215 Rosciorum
868 3154 1089 3217 sactum
1118 3156 1593 3218 consideremus.
1638 3155 1704 3216 Si
1725 3158 1916 3218 nihil
1903 3176 1962 3217 m
1987 3160 2103 3217 ista

71 3246 262 3307 pugna
290 3234 499 3295 Roscii
542 3237 710 3310 quod
740 3253 966 3311 operae
995 3238 1249 3313 pretium
1296 3250 1463 3301 esset
1493 3241 1777 3313 fecerant,
1811 3257 1993 3314 quam
2023 3240 2102 3298 ob

75 3310 304 3376 eausam
334 3334 370 3376 a
406 3316 805 3395 Chrysogono
852 3320 1031 3381 tantis
1064 3321 1347 3395 praemiis
1380 3286 1798 3383 donabantur}
1862 3320 1928 3380 Si
1958 3320 2097 3379 nihil

75 3396 218 3459 uliud
257 3400 544 3473 fecerunt,
577 3401 695 3462 nisi
733 3418 858 3461 rem
889 3403 1258 3477 detulerunt,
1303 3412 1505 3465 nonne
1539 3405 1687 3465 satis
1721 3402 1874 3463 fuit
1860 3402 1934 3461 iis
1968 3418 2102 3477 gra·-
