2459 3817
269 166 354 224 96
839 159 990 216 PRO
1034 158 1099 214 P.
1143 157 1409 216 SEs'no
1454 157 1759 216 ORATIO.

265 311 656 378 eiicerentur,
701 305 758 365 si
781 306 1248 366 Themistoclem
1292 307 1491 379 illum,
1538 321 2033 366 conservatorem
2067 307 2319 384 patriae,

265 411 389 456 non
435 389 726 454 deterruit
766 405 806 448 a
847 405 918 449 re
945 389 1189 464 publica
1215 390 1603 449 defendenda
1640 405 1757 448 nec
1782 388 2036 450 Miltiadi
2076 392 2318 452 calami-

265 486 392 548 tas,
427 475 534 550 qui
561 474 725 533 illam
753 471 1056 532 civitatem
1085 473 1291 546 paullo
1321 481 1463 532 ante
1494 479 1799 544 servarat,
1840 487 2041 545 neque
2065 474 2319 534 Aristidi

263 562 442 633 suga,
473 556 578 632 qui
605 571 766 614 unus
793 555 1064 614 omnium
1091 555 1463 615 iustissimus
1492 555 1687 616 fuisse
1712 553 1983 627 traditur,
2012 555 2067 614 si
2100 565 2320 629 postea

263 639 484 700 summi
519 639 796 698 eiusdem
830 636 1090 701 civitatis
1119 637 1262 710 viri,
1293 653 1455 711 qnos
1484 636 1835 696 nominatim
1868 638 2165 711 appellari
2196 655 2319 699 non

261 731 362 783 est
387 728 648 782 neeesse
664 766 680 793 ,
725 719 1062 796 propositis
1101 729 1194 782 tot
1221 721 1523 795 exemplis
1550 718 1903 780 iracundiae
1930 719 2319 796 levitatisque

264 806 604 881 popularis,
628 813 828 864 tamen
854 819 1028 864 suam
1050 819 1176 862 rem
1198 804 1506 878 publicam
1532 802 1697 864 illam
1722 803 2147 875 defenderunt,
2174 805 2319 878 quid

263 905 382 948 nos
421 889 666 948 tandem
709 887 914 948 iacere
955 886 1283 959 debemuS,
1331 886 1593 961 priunum
1642 885 1705 944 in
1760 901 1836 944 ea
1884 885 2128 945 civitate
2174 887 2313 957 nati,

263 971 432 1032 unde
458 979 592 1032 orta
631 969 776 1028 mihi
815 967 1084 1044 gravitas
1113 977 1173 1029 et
1199 969 1551 1043 magnitudo
1583 968 1765 1027 animi
1796 967 2065 1039 videtur,
2103 975 2228 1028 tum
2254 969 2315 1028 in

265 1062 430 1116 tanta
457 1053 651 1128 gloria
677 1052 1059 1123 insistentes,
1105 1060 1174 1111 ut
1203 1053 1404 1112 omnia
1442 1051 1705 1113 humana
1728 1051 1963 1110 leviora
1992 1049 2179 1110 videri
2208 1053 2315 1110 de-

264 1139 466 1208 beant,
499 1134 724 1195 deinde
750 1135 830 1194 ad
859 1149 995 1194 eam
1022 1151 1152 1194 rem
1180 1135 1483 1210 publicam
1514 1134 1803 1194 tuendam
1823 1132 2118 1207 adgressi,
2152 1149 2315 1208 quae

267 1227 431 1279 tanta
465 1218 754 1293 dignitate
783 1227 910 1290 est,
947 1225 1017 1277 ut
1044 1235 1177 1277 eam
1218 1219 1643 1277 defendentem
1678 1215 1963 1276 occidam
1994 1232 2119 1276 non
2150 1214 2310 1276 aliud

265 1302 346 1361 sit
378 1317 560 1376 quam
589 1308 1045 1374 oppugnantem
1077 1316 1281 1359 rerum
1310 1299 1532 1374 potiri?

428 1383 690 1440 LXVIII.
738 1379 878 1441 142.
939 1381 1233 1440 Homines
1274 1381 1519 1455 Graeci,
1569 1399 1729 1457 quos
1766 1390 1950 1442 antea
1990 1380 2313 1451 nominavi,

267 1463 472 1538 inique
511 1480 549 1521 a
587 1462 719 1522 suis
763 1461 1002 1522 civibus
1044 1464 1309 1524 darnnati
1352 1474 1537 1538 atque
1578 1465 1853 1538 expulsi,
1892 1473 2126 1536 tamen,
2170 1462 2317 1538 quia

264 1548 424 1606 bene
457 1552 599 1606 sunt
629 1546 709 1604 de
743 1544 874 1605 suis
902 1545 1247 1605 civitatibus
1274 1546 1501 1618 meriti,
1532 1555 1695 1606 tanta
1721 1545 1907 1607 hodie
1945 1547 2140 1620 gloria
2176 1555 2321 1605 sunt

267 1645 392 1690 non
427 1629 484 1687 in
519 1627 774 1688 Graecia
802 1629 1020 1700 solum,
1055 1630 1168 1688 sed
1200 1628 1383 1688 etiam
1410 1630 1577 1704 apud
1603 1645 1720 1689 nos
1748 1636 1935 1704 atque
1964 1630 2025 1688 in
2098 1629 2318 1688 ceteris

263 1713 473 1785 terris,
519 1719 587 1772 ut
625 1727 769 1784 eoS,
809 1727 849 1770 a
887 1709 1112 1786 quibus
1151 1711 1238 1772 illi
1280 1711 1565 1787 oppressi
1606 1720 1778 1784 sunt,
1819 1727 1999 1771 nemo
2034 1711 2317 1783 nominet,

265 1798 480 1856 horum
523 1795 921 1855 calamitatem
961 1793 1355 1858 dominationi
1392 1795 1631 1854 illorum
1672 1810 1886 1858 omnes
1926 1802 2315 1868 anteponant.

265 1877 413 1952 Quis
434 1877 1030 1952 Karthaginiensium
1057 1877 1253 1952 pturis
1282 1878 1392 1939 fuit
1409 1877 1748 1938 Hannibale
1776 1876 2055 1950 consino,
2083 1876 2318 1950 virtute,

265 1963 451 2022 rebus
472 1961 704 2036 gestiS‚
734 1959 838 2034 qui
867 1977 1028 2020 unus
1059 1976 1196 2020 cum
1224 1968 1313 2021 tot
1343 1959 1809 2034 imperatoribus
1834 1959 2063 2020 nostris
2094 1975 2205 2034 per
2232 1967 2320 2018 tot

267 2059 464 2102 annos
507 2044 584 2102 de
626 2042 882 2117 imperio
915 2051 977 2102 et
1006 2043 1085 2101 de
1111 2043 1306 2115 gloria
1332 2041 1711 2103 decertavit?
1737 2042 1922 2102 Hunc
1958 2041 2053 2102 sui
2084 2041 2253 2102 cives
2283 2058 2317 2099 e

269 2124 510 2184 civitate
553 2123 891 2184 eieceruntz
933 2139 1049 2182 nos
1091 2125 1270 2184 etiam
1312 2126 1549 2203 hostem
1587 2123 1801 2191 litteris
1842 2126 2067 2185 nostris
2110 2133 2173 2184 et
2198 2140 2319 2184 me·

265 2207 458 2266 moria
483 2205 767 2266 videmus
797 2221 942 2266 esse
971 2207 1355 2268 celebratum.
1423 2205 1563 2267 143.
1618 2207 1749 2280 Qua
1786 2223 1855 2266 re
1882 2207 2183 2268 imitemur
2208 2222 2321 2286 no·⁴

267 2299 428 2350 stros
455 2289 708 2360 Brutos,
757 2287 1072 2362 CamilloS‚
1116 2289 1379 2361 Ahalas,
1421 2289 1679 2364 Decios,
1710 2290 1953 2364 Curio-S,
1986 2288 2315 2360 FabricioS,

263 2371 585 2442 Maximos,
609 2368 954 2444 ScipioneS,
975 2371 1285 2446 LentuloS‚
1308 2372 1620 2442 Aemilios,
1643 2371 2117 2433 innumerabiles
2140 2371 2313 2442 alios,
2374 2432 2385 2436 ,

266 2453 372 2529 qui
403 2453 559 2511 hanc
587 2467 714 2512 rem
742 2453 1046 2527 publicam
1079 2454 1524 2516 stabiliverunt=
1568 2471 1727 2530 quos
1770 2455 2053 2530 equidem
2080 2453 2141 2513 in
2170 2454 2308 2512 deo-

263 2551 397 2598 rum
445 2534 869 2598 immortalium
920 2543 1100 2597 coetu
1147 2554 1222 2596 ac
1272 2554 1523 2598 numero
1564 2554 1821 2613 repono.
1885 2539 2175 2598 Amemus
2208 2551 2315 2609 pa-

263 2617 469 2689 triam,
507 2633 830 2692 pareamus
854 2618 1122 2692 senatui,
1151 2622 1545 2682 consulamus
1568 2620 1775 2682 bonis=
1808 2627 2165 2696 praesentes
2195 2619 2315 2676 fru-

266 2709 402 2761 ctus
435 2701 841 2775 negligamus,
873 2701 1242 2776 posteritatis
1276 2703 1507 2778 gloriae
1539 2703 1909 2765 serviamus:
1942 2703 2007 2763 id
2036 2717 2179 2762 esse
2206 2717 2316 2775 op-

265 2781 472 2842 timum
503 2792 805 2858 putemus,
841 2785 1012 2858 quod
1043 2785 1160 2846 erit
1185 2785 1623 2847 rectissimum=
1655 2802 1977 2862 speremus
2020 2799 2177 2860 quae
2208 2799 2315 2842 vo-

265 2868 496 2937 lumuS,
525 2866 635 2924 sed
667 2866 835 2941 quod
869 2866 1158 2929 acciderit
1186 2871 1480 2931 feramus=
1508 2871 1845 2944 cogitemus
1882 2867 2147 2942 denique
2180 2881 2315 2927 eor-

263 2963 384 3022 pus
425 2946 695 3008 virorum
736 2949 978 3010 fortium
1013 2967 1493 3028 magnorumque
1526 2952 1835 3013 hominum
1870 2967 2013 3012 esse
2040 2949 2317 3022 mortale,

263 3029 446 3092 animi
481 3045 632 3091 vero
673 3040 873 3093 motus
921 3041 982 3094 et
1020 3034 1257 3095 virtutis
1298 3034 1551 3110 gloriam
1602 3037 2065 3111 sempiternam:
2113 3047 2317 3105 neque

263 3113 420 3173 hanc
463 3112 812 3188 opinionem
855 3115 909 3174 si
949 3116 1010 3176 in
1041 3117 1144 3178 illo
1181 3117 1567 3178 sanctissimo
1594 3119 1859 3180 Hercule
1892 3122 2317 3178 consecratam

263 3194 574 3268 videmuS‚
605 3195 780 3258 cuius
810 3213 1070 3274 corpore
1099 3200 1407 3272 ambusto,
1435 3200 1623 3262 vitam
1652 3201 1787 3262 eius
1812 3209 1873 3261 et
1902 3199 2179 3259 virtutem
2206 3195 2317 3256 im-

267 3277 598 3340 mortalitas
639 3280 966 3356 excepisse
1010 3281 1272 3355 dieatur,
1315 3283 1515 3347 minus
1556 3284 1976 3344 existimemus
2020 3296 2161 3353 coe,
2202 3279 2318 3354 qui

265 3357 420 3418 hane
462 3369 682 3422 tantam
721 3379 847 3422 rem
891 3363 1194 3436 publicam
1236 3365 1365 3425 suis
1404 3365 1678 3427 consiliis
1720 3372 1824 3428 aut
1861 3364 2170 3426 laboribus
2206 3367 2319 3421 aut
