2459 3817
223 120 233 125 ·
270 92 397 159 256
577 91 655 149 ΙΝ
680 91 759 150 Μ.
789 88 1193 150 ANTONIUM
1223 87 1509 150 ORATIO
1536 88 1961 149 PHILIPPICA
1983 89 2060 150 11.

272 240 465 302 salvis
500 241 713 302 nobis!
760 240 886 304 Sed
917 256 1169 316 quoquo
1200 240 1384 301 modo
1415 238 1738 301 nobiscum
1771 238 2004 315 egeris,
2033 240 2188 301 dum
2222 240 2348 302 istis

274 323 551 384 consiliis
604 326 825 397 uteriS,
896 340 1021 383 non
1068 331 1281 398 poteS,
1337 321 1484 383 mihi
1533 322 1745 397 crede,
1806 340 1952 383 esse
2003 322 2348 385 diuturnus.

270 406 507 467 Etenim
540 409 657 468 ista
684 417 787 467 tua
816 406 1059 467 minime
1089 422 1276 466 avara
1303 406 1559 479 coniux,
1607 419 1788 481 quam
1819 422 1935 480 ego
1970 406 2107 467 sine
2137 418 2350 469 contu·

272 489 453 549 melia
488 490 805 561 describO,
856 488 1107 549 nimium
1142 491 1249 551 diu
1294 491 1479 551 debet
1522 489 1754 565 populo
1791 490 2072 550 Romano
2111 491 2352 551 tertiam
2392 554 2393 559 χ

274 572 654 649 pensionem.
690 572 887 633 Habet
910 574 1180 647 populus
1192 574 1509 634 Romanus
1533 574 1612 632 ad
1637 589 1796 648 quos
1821 574 2248 648 gubernacula
2271 575 2354 635 rei

270 654 556 731 pubIIcae
584 656 849 715 deferat:
882 656 986 731 qui
1014 655 1386 730 ubicumque
1411 662 1708 717 terraram
1735 665 1895 727 sunt,
1927 654 2011 716 ibi
2043 665 2144 717 est
2174 672 2350 717 omne
2392 676 2393 679 ¹

271 738 361 797 rei
391 736 676 813 publicae
706 740 1082 813 praesidium
1118 740 1214 798 vel
1245 738 1450 814 potius
1479 740 1616 821 ipsa
1649 754 1752 799 res
1782 738 2056 813 publica,
2089 754 2261 814 quae
2291 758 2350 800 se

265 819 473 881 adhuc
512 830 747 882 tantum
787 822 972 883 modo
1017 825 1145 883 ulta
1185 830 1314 892 est,
1357 822 1626 883 nondum
1672 821 2078 897 recuperavit.
2159 824 2352 883 Habet
2392 830 2393 864 ἒ

272 903 521 979 quidem
570 915 733 966 certe
772 920 874 965 res
920 906 1163 981 publica
1190 906 1618 965 adolescentes
1647 904 2066 965 nobilissimos
2100 916 2348 980 paratos

268 988 656 1048 defensores.
750 988 940 1062 Quam
986 990 1223 1061 volent,
1277 986 1364 1046 illi
1416 988 1665 1062 cedant,
1721 988 1848 1049 otio
1920 989 2348 1050 consulentes:

271 1081 472 1131 tamen
503 1087 539 1130 a
574 1086 643 1131 re
673 1071 920 1147 publica
946 1073 1416 1133 revocabuntur.
1480 1070 1558 1130 Et
1584 1086 1806 1132 nomen
1835 1072 2010 1146 pacis
2041 1072 2232 1133 dulce
2263 1081 2348 1131 est

267 1160 331 1213 et
357 1152 496 1228 ipsa
527 1168 630 1215 res
660 1154 965 1230 salutarie,
1010 1154 1122 1215 sed
1152 1154 1310 1215 inter
1330 1167 1546 1229 pacem
1569 1162 1630 1215 et
1651 1153 2002 1216 servitutem
2024 1154 2350 1229 plurimum

268 1236 537 1299 interest.
622 1236 750 1297 Pax
804 1247 899 1298 est
946 1237 1270 1313 tranquilla
1318 1237 1594 1311 libertast,
1653 1236 1920 1299 servitus
1971 1240 2347 1311 postremum
2392 1272 2393 1309 l

269 1320 565 1378 malorum
615 1320 911 1393 omnium,
956 1338 1077 1381 non
1110 1320 1295 1381 modo
1329 1321 1490 1381 bello
1511 1366 1526 1393 ,
1556 1314 1678 1381 “sed
1711 1328 1905 1381 morte
1937 1318 2120 1381 etiam
2154 1324 2348 1397 repel-
2392 1312 2393 1335 ¹

268 1400 534 1459 lendum.
605 1400 753 1463 114.
796 1402 972 1475 Quod
1010 1404 1061 1463 si
1094 1419 1163 1463 se
1191 1404 1366 1479 ipsos
1396 1403 1482 1463 illi
1511 1404 1702 1464 nostri
1732 1403 2096 1464 liberatores
2133 1418 2168 1463 e
2204 1420 2340 1464 con·
2392 1424 2393 1485 5

268 1491 487 1556 spectu
543 1492 755 1545 nostro
808 1486 1218 1561 abstulerunt,
1275 1494 1338 1547 at
1379 1488 1728 1561 exemplum
1769 1486 1912 1547 facti
1949 1484 2346 1561 reliquerunt.
2392 1486 2393 1512 *

266 1564 389 1639 Illi,
437 1567 605 1643 quod
636 1585 815 1630 nemo
849 1568 1104 1643 fecerat,
1142 1567 1434 1630 recerunt.
1505 1569 1896 1645 Tarquinium
1927 1569 2158 1631 Brutus
2190 1570 2346 1630 bello

268 1658 367 1710 est
396 1661 792 1725 persecutus:
838 1652 942 1728 qui
972 1662 1097 1713 tum
1128 1668 1242 1713 rex
1273 1651 1400 1725 l'uit,
1437 1668 1624 1729 quum
1650 1668 1796 1713 esse
1822 1654 2056 1714 Romae
2091 1653 2346 1732 [regem]

266 1734 507 1795 licebat.
555 1734 659 1812 Sp.
696 1735 965 1808 Cassius,
1002 1736 1111 1811 Sp.
1140 1734 1430 1807 Maestae,
1460 1734 1541 1795 M.
1571 1735 1832 1796 Manlius
1861 1743 2117 1811 propter
2145 1736 2342 1811 suspi·

266 1819 495 1881 tionem
527 1819 701 1895 regni
730 1818 1063 1894 appetendi
1094 1825 1241 1878 sunt
1267 1816 1486 1877 necati.
1553 1816 1629 1875 Hi
1663 1817 1922 1892 primum
1953 1834 2090 1877 cum
2125 1821 2347 1893 gladiis

268 1904 483 1963 nonin
508 1920 764 1976 regnum
797 1907 1210 1977 appetentem,
1245 1902 1358 1959 sed
1387 1901 1446 1960 in
1479 1909 1834 1975 regnantem
1859 1902 2156 1976 impetum
2193 1904 2347 1964 fece-

265 1995 425 2047 runt.
475 1986 655 2061 Quod
678 2002 865 2061 quum
889 1984 1091 2060 ipsum
1124 1985 1350 2043 factum
1379 2000 1494 2059 per
1521 2000 1593 2043 se
1623 1986 2006 2059 praeclarum
2037 1993 2138 2045 est
2161 1995 2348 2061 atquc

267 2071 540 2130 divinum
565 2079 693 2129 tum
720 2069 1072 2144 expositum
1106 2068 1185 2125 ad
1207 2067 1565 2127 imitandum
1603 2074 1730 2143 est,
1763 2070 2130 2143 praesertim
2161 2088 2348 2145 quum

267 2148 351 2207 illi
392 2164 525 2209 eam
568 2150 821 2224 gloriam
869 2152 1183 2211 consecuti
1226 2150 1349 2211 sint
1395 2168 1553 2226 quae
1593 2152 1696 2211 vix
1741 2154 1912 2213 caelo
1963 2151 2101 2227 capi
2157 2167 2351 2228 posse

268 2229 565 2291 videatur.
607 2232 735 2293 Etsi
768 2233 927 2295 enim
958 2233 1107 2295 satis
1136 2233 1199 2293 in
1228 2234 1365 2309 ipsa
1388 2234 1764 2296 conscientia
1789 2234 2188 2311 pulcherrimi
2213 2234 2350 2296 facti

269 2312 499 2373 fructus
531 2324 686 2385 erat,
718 2323 918 2378 tamen
954 2316 1191 2378 mortali
1223 2316 1730 2379 immortalitatem
1763 2336 1887 2380 non
1917 2317 2186 2380 arbitror
2212 2336 2348 2381 esse

269 2397 797 2457 contemnendam.

388 2478 569 2539 XLV.
614 2478 756 2542 115.
786 2483 1138 2545 Recordare
1171 2482 1356 2559 igitur
1382 2485 1579 2557 illum,
1608 2486 1691 2545 M.
1711 2483 1971 2557 Antoni,
2002 2482 2194 2559 diem,
2229 2501 2346 2559 quo

266 2560 626 2624 dictaturam
656 2564 974 2625 sustulisti.
1016 2567 1182 2627 Pone
1210 2578 1354 2629 ante
1387 2570 1600 2630 oculos
1631 2566 1916 2627 laetitiam
1947 2576 2211 2629 senatus
2241 2585 2346 2644 po-

265 2646 520 2721 pulique
546 2646 836 2708 Romani:
882 2650 1098 2709 confer
1134 2666 1272 2711 cum
1317 2652 1432 2711 hac
1477 2649 1720 2710 immani
1763 2648 2211 2711 nundinatione
2253 2659 2349 2711 tua

263 2735 662 2806 tuorumque:
706 2738 831 2791 turn
873 2731 1173 2807 intelliges
1220 2741 1512 2809 quantum
1553 2735 1707 2793 inter
1739 2734 1973 2793 lucrum
2007 2742 2070 2793 et
2097 2734 2348 2796 laudem

264 2809 519 2873 intersit.
592 2812 717 2874 Sed
758 2812 1064 2887 nimirum,
1109 2823 1176 2877 ut
1217 2816 1463 2893 quidam
1503 2817 1717 2877 morbo
1761 2814 1968 2891 aliquo
2009 2824 2072 2876 et
2121 2834 2350 2878 sensus

263 2901 517 2968 stupore
558 2896 919 2958 suavitatem
966 2899 1082 2959 cibi
1124 2916 1248 2960 non
1295 2902 1586 2974 sentiunt,
1635 2900 1723 2959 sic
1763 2897 2106 2969 libidinosi,
2161 2900 2350 2971 avari,

264 2977 597 3038 facinerosi
630 2994 814 3041 verae
842 2982 1040 3042 laudis
1070 2992 1376 3057 gustatum
1405 3000 1525 3044 non
1555 2984 1799 3043 habent.
1867 2980 1992 3041 Sed
2026 2982 2082 3042 si
2123 2992 2186 3045 te
2215 2987 2348 3046 laus

262 3060 529 3121 adlicere
571 3062 652 3121 ad
696 3072 863 3139 recte
904 3065 1251 3126 faciendum
1292 3082 1416 3127 non
1462 3074 1694 3143 potest,
1741 3082 1816 3126 ne
1853 3071 2052 3126 metus
2091 3066 2346 3142 quidem

258 3157 301 3199 a
338 3143 711 3206 foedissimis
754 3145 930 3206 factis
962 3155 1167 3222 potest
1198 3157 1504 3211 avocare?
1545 3148 1775 3211 Iudicia
1804 3166 1928 3210 non
1957 3151 2215 3213 metuis.
2293 3149 2350 3211 Si

264 3232 517 3299 propter
545 3228 982 3303 innocentiam,
1022 3232 1238 3292 laudo:
1285 3232 1378 3292 sin
1415 3241 1665 3309 propter
1693 3232 1842 3309 vim,
1878 3248 2000 3293 non
2030 3232 2345 3313 intelligis,

264 3304 370 3375 qui
415 3306 533 3367 isto
586 3310 769 3371 modo
819 3312 1043 3374 iudicia
1084 3330 1206 3375 non
1249 3314 1483 3389 timeat,
1547 3317 1603 3376 ei
1647 3315 1792 3391 quid
1840 3315 2184 3379 timendum
2237 3322 2346 3380 sit²
