2459 3817
834 158 1001 218 CAP.
1034 165 1227 220 4—6.
1269 162 1318 222 S.
1353 161 1580 218 6—13.
2171 150 2254 216 35

198 329 378 388 quum
414 309 825 373 mediocribus
858 310 1060 370 multis
1090 317 1150 368 et
1178 315 1284 367 aut
1314 307 1476 367 nulla
1506 312 1612 366 aut
1649 302 1858 364 humili
1889 303 2095 378 aliqua
2125 313 2254 365 arte

198 395 482 471 praeditis
511 393 768 470 gratuito
802 393 1103 454 civitatem
1127 389 1187 450 in
1220 389 1474 450 Graecia
1501 387 1781 450 homines
1811 385 2252 462 impertiebant,

198 478 463 550 Reginos
520 475 705 532 credo
750 485 856 537 aut
882 477 1223 536 Locrenses
1255 480 1360 534 aut
1391 473 1824 546 Neapolitanos
1855 478 1958 531 aut
1985 469 2252 539 Tarenti-
2301 509 2304 513 -

196 577 340 633 neS,
398 560 565 634 quod
620 557 923 620 scaenicis
982 557 1316 618 artificibus
1369 555 1571 630 largiri
1628 555 1938 628 solebant,
1993 553 2058 613 id
2110 552 2252 612 huic

196 659 429 704 summa
459 641 685 716 ingenii
715 640 989 717 praedito
1020 640 1211 716 gloria
1243 637 1547 700 noluisse!
1585 636 1784 711 Quid?
1813 653 1999 712 quum
2073 635 2252 698 ceteri

193 743 309 786 non
341 727 522 786 modo
554 733 695 800 post
738 724 1039 785 civitatem
1082 725 1312 794 datam,
1359 723 1471 783 sed
1513 721 1692 783 etiam
1736 730 1880 796 post
1919 723 2113 796 legem
2143 721 2250 780 Pa-

190 811 349 885 piam
390 809 597 884 ali-quo
645 808 829 869 modo
871 808 931 866 in
976 823 1183 868 eorum
1216 805 1678 880 municipiorum
1723 805 1960 864 tabulas
1988 803 2249 878 irrepse-

190 899 355 965 runt,
385 891 515 966 hic,
551 892 655 966 qui
690 907 768 952 ne
800 889 984 952 utitur
1014 889 1261 964 quidem
1295 888 1443 962 illis,
1493 887 1552 947 in
1587 887 1810 962 quibus
1839 894 1936 947 est
1967 887 2250 961 scriptuS‚

191 976 355 1050 quod
392 991 636 1050 semper
670 990 740 1035 se
773 973 1227 1034 Heracliensem
1275 988 1419 1032 esse
1461 971 1680 1045 voluit,
1719 969 2076 1042 reficietur?
2149 968 2249 1030 11.

190 1059 425 1119 Census
461 1065 706 1118 nostros
747 1055 1009 1132 requiris
1045 1055 1296 1116 scilicet.
1381 1055 1491 1116 Est
1533 1053 1694 1115 enim
1739 1054 2068 1114 obscurum
2112 1067 2250 1126 pro-

188 1141 367 1200 ximis
396 1141 757 1200 censoribus
777 1139 938 1198 hunc
967 1153 1104 1198 cum
1134 1138 1473 1198 clarissimo
1503 1137 1869 1211 imperatore
1902 1137 1965 1196 L.
1998 1135 2252 1196 Lucullo

188 1223 355 1296 apud
388 1223 721 1282 exercitum
755 1221 977 1294 fuisse,
1026 1219 1448 1296 superioribus
1493 1237 1628 1280 cum
1673 1220 1890 1280 eodem
1923 1226 2250 1294 quaestore

190 1303 382 1366 fuisse
428 1303 487 1363 in
516 1304 695 1378 Asia,
742 1303 953 1379 primis
984 1303 1133 1365 Iulio
1177 1310 1239 1364 et
1267 1303 1489 1364 Crasso
1523 1304 1747 1364 nullam
1781 1303 1991 1379 populi
2019 1311 2250 1378 partem

190 1403 335 1448 esse
358 1404 624 1448 censam.
670 1389 793 1450 Sed
817 1389 1103 1464 quoniam
1129 1403 1356 1449 census
1379 1387 1620 1448 nonius
1643 1386 1906 1448 civitatis
1929 1387 2250 1448 confirmat

189 1487 263 1532 ac
291 1479 521 1532 tantum
554 1474 739 1534 modo
768 1473 997 1533 indicat
1026 1489 1191 1544 eum,
1231 1470 1336 1546 qui
1365 1470 1444 1530 sit
1472 1485 1730 1542 census»,
1761 1471 1844 1532 ita
1874 1487 1944 1530 se
1974 1471 2090 1530 iam
2119 1479 2246 1534 tum

181 1555 456 1631 gessisse
500 1574 612 1633 pro
660 1557 825 1631 cive,
876 1556 951 1617 iis
991 1556 1401 1632 temporibus,
1463 1554 1644 1634 q'uem
1688 1566 1752 1619 tu
1795 1556 2132 1618 criminaris
2166 1573 2243 1617 ne

180 1639 376 1716 ipsius
412 1641 655 1715 quidem
685 1639 924 1701 ¹iudicio
965 1638 1026 1700 in
1068 1641 1290 1703 civium
1318 1643 1729 1703 Romanorum
1768 1641 1899 1700 iure
1930 1657 2074 1702 esse
2109 1657 2244 1700 ver-

180 1732 408 1796 satum,
458 1729 519 1783 et
560 1731 984 1785 testamentum
1032 1741 1221 1800 saepe
1263 1725 1406 1784 fecit
1445 1725 1674 1785 nostris
1714 1723 1952 1797 legibus
1996 1730 2058 1783 et
2098 1721 2244 1782 adiit

180 1805 547 1866 hereditates
590 1805 810 1866 civium
844 1807 1254 1867 Romanorum
1295 1815 1356 1866 et
1394 1805 1454 1865 in
1485 1805 1800 1866 beneficiis
1839 1807 1916 1864 ad
1947 1805 2242 1865 aerarium

179 1890 418 1949 delatus
446 1896 541 1948 est
560 1904 597 1947 a
619 1887 683 1946 L.
708 1887 959 1948 Lucullo
991 1905 1103 1962 pro
1135 1889 1407 1949 consule.
1471 1890 1573 1948 Vl.
1605 1888 1842 1962 Quaere
1871 1895 2240 1962 argumenta,

168 1969 226 2028 si
246 1984 408 2042 quae
418 1978 633 2044 potes:
656 1985 981 2045 numquam
1012 1969 1171 2030 enim
1200 1970 1299 2030 hic
1324 1986 1525 2045 neque
1547 1987 1662 2031 suo
1687 1986 1889 2044 neque
1911 1969 2239 2031 amicorum

176 2053 406 2114 iudiclo
436 2053 797 2114 revincetur.
1661 2065 1676 2074 ·

351 2135 446 2197 12.
486 2135 756 2209 Quaeres
784 2153 823 2196 a
856 2135 1055 2209 nobiS,
1090 2135 1275 2210 Grati,
1311 2153 1419 2198 cur
1443 2145 1607 2198 tanto
1633 2153 1821 2213 opere
1848 2137 1968 2198 hoc
1995 2135 2242 2200 homine

172 2219 563 2280 delectemur.
646 2217 797 2292 Quia
837 2220 1186 2294 suppeditat
1236 2220 1415 2281 nobis
1458 2219 1563 2281 ubi
1615 2228 1675 2281 et
1715 2219 1948 2281 animus
1998 2237 2078 2281 ex
2121 2221 2238 2281 hoe

174 2301 409 2362 rorensi
462 2301 715 2376 strepitu
760 2303 1075 2363 reficiatur
1112 2313 1174 2365 et
1212 2319 1396 2364 aures
1443 2304 1713 2366 convitio
1768 2305 2051 2367 defessae
2095 2319 2238 2364 con·

170 2385 517 2460 quiescant.
578 2389 673 2444 An
702 2393 765 2446 tu
795 2384 1109 2446 existimas
1138 2393 1243 2446 aut
1275 2381 1605 2463 suppetere
1633 2386 1812 2447 nobis
1849 2403 2040 2462 posse
2073 2387 2242 2462 quod

167 2466 402 2529 cotidie
429 2467 702 2529 dicamus
731 2467 791 2528 in
822 2477 987 2530 tanta
1016 2469 1305 2530 varietate
1334 2486 1553 2542 rerum,
1587 2469 1706 2530 nisi
1725 2469 1962 2530 animos
1991 2480 2240 2532 nostros

162 2550 451 2612 doctrina
480 2553 863 2624 excolamus,
913 2562 1017 2614 aut
1046 2553 1203 2613 serre
1232 2553 1469 2614 animos
1503 2561 1728 2614 tantam
1763 2569 1953 2629 posse
1989 2559 2239 2615 conten—

162 2633 416 2706 tionem,
450 2634 567 2695 nisi
596 2651 707 2695 eos
739 2635 1013 2696 doctrina
1042 2637 1257 2697 eadem
1286 2639 1673 2697 relaxemus?
1716 2637 1845 2712 Ego
1872 2653 2019 2697 vero
2045 2637 2242 2698 fateor

159 2733 271 2778 me
304 2716 398 2782 his
434 2717 651 2780 studiis
685 2733 829 2779 esse
859 2719 1156 2781 deditum:
1243 2728 1488 2782 ceteros
1521 2719 1776 2794 pudeat,
1821 2718 1876 2780 si
1911 2721 2015 2794 qui
2057 2735 2126 2780 se
2155 2719 2242 2780 ita

158 2799 386 2861 litteris
412 2800 801 2876 abdiderunt,
844 2811 908 2862 ut
946 2802 1092 2862 nihil
1120 2803 1365 2875 possint
1391 2818 1470 2862 ex
1497 2801 1594 2862 his
1626 2819 1829 2876 neque
1859 2803 1937 2862 ad
1969 2819 2236 2864 commu-

159 2899 311 2944 nem
340 2884 580 2944 adl'erre
615 2884 867 2945 fructum
898 2901 1101 2960 neque
1129 2887 1189 2944 in
1221 2894 1538 2958 aspectum
1574 2887 1896 2960 lucemque
1930 2888 2237 2961 proferre=

158 2983 269 3028 me
298 2977 499 3029 autem
530 2965 674 3040 quid
708 2967 963 3041 pudeat,
1001 2967 1105 3041 qui
1134 2975 1221 3028 tot
1250 2982 1445 3027 annos
1478 2966 1560 3028 ita
1588 2967 1762 3043 vivo,
1809 2967 2078 3044 iudices,
2108 2978 2172 3031 ut
2198 2985 2234 3028 a

158 3050 395 3111 nullius
426 3065 712 3123 umquam
746 3065 842 3108 me
870 3057 1143 3124 tempore
1172 3058 1274 3110 aut
1312 3051 1633 3112 commodo
1669 3059 1770 3113 aut
1793 3052 1983 3112 otium
2039 3069 2232 3114 meum

45 3209 53 3216 .
154 3131 537 3193 abstraxerit
571 3141 675 3192 aut
706 3133 987 3206 voluptas
1022 3133 1293 3194 avocarit
1326 3141 1429 3194 aut
1459 3132 1726 3209 denique
1761 3151 2015 3196 somnus
2046 3145 2232 3196 retar-

153 3214 371 3276 darit?
428 3212 680 3290 132Qua
702 3231 770 3274 re
794 3213 931 3290 quis
961 3215 1205 3276 tandem
1235 3233 1330 3276 me
1358 3217 1764 3290 reprehendat
1791 3225 1894 3280 aut
1925 3217 2062 3294 quis
2091 3217 2233 3278 mihi

153 3298 305 3360 iure
336 3304 717 3370 suscenseat,
756 3295 826 3370 si,
867 3308 1154 3372 quantum
1223 3298 1442 3361 ceteris
1473 3299 1553 3359 ad
1583 3316 1728 3360 suas
1757 3317 1859 3361 res
1895 3300 2232 3370 obeundam,

1733 3382 1814 3446 3*
