2459 3817
0 0 2459 50 —y-:f

510 201 674 261 cAP.
715 205 978 262 37—39.
1015 206 1071 266 s.
1099 208 1367 272 siff-85.
1437 169 1440 172 ⁴
1866 198 1952 262 95

0 371 40 414 is
70 350 245 412 istius
278 349 451 411 furtis
482 358 665 424 atque
692 348 937 424 flagitiis
966 349 1049 410 ita
1076 365 1359 422 moveor,
1400 358 1466 410 ut
1505 367 1580 410 ea
1619 351 1946 425 reprehen-

0 436 96 494 1da
108 443 335 495 tantum
355 437 527 494 modo
550 440 781 508 putem:
805 431 903 491 hic
919 448 1063 492 vero
1084 440 1246 492 tanto
1271 432 1482 492 dolore
1493 433 1764 504 adficior,
1783 435 1946 494 utni-

0 515 142 576 mihi
166 515 491 590 indignius,
513 514 657 574 nihil
670 515 1210 574 minus-serendum
1230 529 1380 574 esse
1401 513 1698 576 videatur.
1718 516 1946 576 Verres

0 599 167 660 ·icani
202 597 603 659 monumentis
643 598 889 657 domum
932 613 1108 656 suam
1149 599 1393 672 plenam
1435 597 1663 672 stupri,
1705 598 1948 672 plenam

0 681 135 757 gitii,
186 683 427 755 plenam
456 679 780 740 dedecoris
820 679 1101 758 ornabit?
1158 681 1386 739 Verres
1413 680 1947 754 temperantissimi

0 763 389 837 1ctissimique
420 761 534 821 viri
562 769 1046 834 monimentum,
1072 761 1306 822 Dianae
1337 760 1725 822 sitnuiaerum
1766 762 1942 838 virgi-

0 892 11 919 ,
60 847 119 904 in
150 863 223 906 ea
244 847 427 906 domo
451 842 789 916 collocabit,
830 844 899 902 -in
936 861 1057 916 qua
1088 858 1332 918 semper
1363 843 1748 904 meretricum
1777 847 1944 905 leno·

0 945 159 1001 nque
192 927 419 1002 flagitia
452 933 815 988 versantur?

60 1010 321 1070 XXXIX.
360 1008 462 1072 84.
522 1013 605 1068 At
642 1009 763 1068 hoc
797 1010 1001 1069 solum
1028 1007 1303 1068 Africani
1328 1016 1786 1069 monumentum
1812 1008 1934 1069 vio⁴

0 1091 77 1153 ti?
118 1093 289 1164 Quid,
322 1111 359 1152 a
390 1091 817 1168 Tyndaritanis
845 1107 965 1151 non
997 1090 1274 1151 eiusdem
1304 1089 1616 1165 Scipionis
1642 1091 1944 1152 beneficio

0 1175 163 1236 situm
198 1175 583 1234 simulacrum
611 1171 894 1233 Mercurii
920 1173 1326 1248 pulcherrime
1355 1173 1578 1234 sactum
1611 1173 1947 1234 sustulisti?

16 1271 199 1330 quem
226 1258 304 1314 ad
332 1257 607 1328 modum,
656 1255 719 1314 di
757 1255 1157 1316 immortales!
1196 1270 1384 1330 quam
1412 1257 1734 1328 audacter,
1762 1273 1948 1330 >quam

0 1338 254 1409 maesse,
288 1353 471 1412 quam
498 1337 907 1412 impudenter!
947 1337 1228 1398 >Audis-tis
1253 1354 1448 1412 nuper
1469 1337 1684 1398 dicere
1711 1339 1946 1412 legatos

0 1420 344 1481 ndaritanos
365 1466 380 1493 ,
421 1421 697 1481 homines
722 1420 1190 1482 honestissimos
1225 1437 1298 1480 ac
1330 1419 1640 1495 principes
1669 1419 1947 1495 civitatis,

0 1502 289 1576 munium,
318 1502 422 1578 qui
456 1502 649 1564 sacris
680 1503 1113 1564 anniversariis
1144 1503 1316 1578 apud
1354 1519 1465 1564 eos
1497 1519 1570 1563 ac
1601 1519 1835 1563 summa
1853 1519 1946 1563 re-

0 1601 122 1646 one
154 1587 483 1660 coleretur,
530 1603 711 1660 quem
736 1586 800 1645 P.
822 1587 1151 1646 Africanus
1178 1585 1550 1661 Karthagine
1581 1594 1762 1661 capta
1788 1587 1947 1661 Tyn-

0 1669 184 1728 ·itanis
228 1685 350 1729 non
390 1671 593 1730 solum
621 1685 773 1730 suae
800 1666 1123 1738 victoriae,
1178 1669 1292 1730 sed
1329 1668 1506 1728 etiam
1536 1667 1773 1728 illorum
1803 1668 1948 1727 fidei

0 1751 331 1826 :ietatisque
376 1759 829 1811 monumentum
869 1759 1053 1824 atque
1094 1749 1380 1810 indicium
1415 1749 1716 1822 dedisset,
1765 1750 1946 1810 huius

4 1834 239 1893 scelere
264 1831 648 1907 imperioque
669 1849 811 1892 esse
828 1833 1151 1893 sublatum.
1202 1832 1400 1905 Quint
1424 1831 1682 1907 primum
1707 1831 1770 1891 in
1800 1831 1946 1891 illud

0 1915 188 1974 ›idum
218 1914 401 1986 venit,
433 1915 650 1986 statim,
670 1922 979 1988 tamquam
1003 1916 1085 1974 ita
1102 1914 1236 1974 fieri
1261 1931 1380 1975 non
1405 1917 1600 1976 solum
1624 1913 1948 1991 oporteret,

0 2000 7 2056 l
35 1997 216 2057 etiam
248 2011 509 2056 necesse
538 2000 731 2068 esset,
784 2005 1090 2071 tamquam
1132 1995 1252 2056 hoc
1293 2005 1544 2058 senatus
1575 1999 1944 2069 mandasset,

0 2081 167 2152 ‚iulus
194 2079 507 2138 Romanus
533 2076 836 2151 iussisset,
866 2077 948 2139 ita
978 2077 1296 2149 continuo,
1331 2079 1568 2153 signum
1597 2088 1664 2140 ut
1695 2079 1948 2140 demoli-

0 2168 103 2220 tur
131 2167 191 2220 et
210 2157 557 2220 Messanam
592 2160 999 2236 deportarent,
1030 2160 1366 2236 imperavit.
1423 2160 1523 2224 85.
1555 2161 1733 2234 Quod
1763 2179 1947 2237 quum

0 2259 34 2317 ι,
66 2241 172 2317 qui
200 2243 471 2319 aderant,
506 2241 849 2318 indignum,
884 2243 988 2319 qui
1020 2243 1364 2318 audiebant,
1397 2243 1752 2304 incredibile
1779 2245 1946 2304 vide-

0 2342 92 2400 ur,
146 2341 268 2386 non
301 2333 399 2385 est
424 2325 500 2385 ab
533 2324 682 2398 isto,
736 2326 929 2401 primo
975 2326 1078 2387 illo
1120 2327 1421 2400 adventu,
1467 2335 1945 2402 perseveratum.

0 2407 235 2490 medens
278 2409 523 2468 mandat
567 2423 873 2484 proagoro
912 2409 1205 2483 Sopatro,
1237 2409 1426 2469 cuius
1454 2409 1642 2468 verba
1671 2407 1947 2473 audistis,

9 2489 383 2551 demoliatur.
463 2489 658 2562 Quum
708 2499 1047 2562 recusaret,
1100 2492 1490 2552 vehementer
1529 2490 1790 2552 minatur
1815 2535 1832 2562 ,
1891 2505 1950 2554 et

0 2571 97 2632 tim
126 2588 202 2632 ex
234 2571 336 2632 illo
370 2572 601 2648 oppido
631 2571 1057 2647 proficiscitur.
1120 2574 1329 2634 Refert
1366 2589 1492 2632 rem
1523 2573 1624 2633 ille
1663 2573 1743 2632 ad
1768 2589 1943 2633 sena-

0 2671 45 2712 t:
81 2654 473 2714 vehementer
500 2654 773 2729 undique
804 2657 1181 2716 reclamatur.
1228 2656 1318 2716 Ne
1347 2656 1559 2727 multa,
1587 2655 1801 2716 iterum
1830 2654 1948 2715 iste

7 2735 145 2796 illos
179 2736 490 2812 aliquanto
521 2745 665 2812 post
692 2736 879 2812 venit,
910 2737 1143 2812 quaerit
1171 2739 1454 2798 continuo
1486 2737 1564 2798 de
1593 2736 1789 2812 signo.
1828 2739 1948 2798 Re·

0 2818 231 2878 indetur
261 2819 319 2879 ei
362 2827 636 2880 senatum
679 2836 801 2880 non
837 2818 1208 2895 permitteret
1252 2835 1514 2894 poenam
1555 2819 1772 2894 capitis
1803 2835 1946 2880 con-

0 2907 177 2972 utam,
210 2899 265 2961 si
292 2900 532 2961 iniussu
550 2911 801 2962 senatus
826 2902 1151 2976 quisquam
1172 2899 1502 2975 attigisset:
1535 2901 1714 2962 simul
1733 2901 1945 2977 religio

0 2992 418 3044 nmemoratur.
490 2986 639 3043 Tum
677 2984 822 3044 iste=
880 2983 1068 3056 Quam
1115 2983 1260 3044 mini
1299 2983 1654 3058 religionem
1693 2991 1948 3045 narras?

0 3081 77 3124 tm
124 3073 431 3140 poenam?
482 3081 664 3141 quern
711 3073 1032 3127 senatum?
1072 3066 1274 3126 vivum
1316 3075 1376 3126 te
1413 3083 1538 3127 non
1578 3067 1947 3141 relinquam=

0 3147 153 3208 riere
182 3146 405 3222 virgiS,
456 3146 575 3208 nisi
615 3146 759 3207 mihi
802 3147 1044 3223 signum
1086 3147 1355 3210 traditur.
1433 3149 1693 3225 Sopater
1731 3149 1947 3210 iterum

0 3247 50 3291 is
98 3231 179 3290 ad
222 3237 499 3292 senatum
540 3246 665 3291 rem
713 3232 936 3306 defert,
994 3230 1170 3292 istius
1214 3231 1600 3307 cupiditatem
1627 3230 1949 3304 minasque

0 3320 287 3376 nonstrat.
354 3311 617 3374 Senatus
659 3313 921 3389 Sopatro
961 3330 1330 3390 responsum
1371 3316 1600 3375 nullum
1651 3314 1784 3384 dat,
1835 3311 1946 3372 sed

0 3404 231 3456 amotus
261 3397 771 3474 perturbatusque
800 3395 1075 3468 discedit.
1140 3397 1249 3457 Ille
1281 3395 1584 3471 praetoris
1615 3393 1946 3455 arcessitus
