2459 3817
762 156 947 229 ,CAR
976 166 1171 221 6--s.
1214 162 1267 223 s.
1299 167 1366 219 11
1384 190 1452 201 —
1475 164 1561 217 18.
2080 163 2202 230 227

103 318 251 373 tum
280 306 465 371 etiam
492 306 775 373 Ballioni.
831 309 881 372 0
911 311 1258 373 foeditatem
1299 306 1562 369 hominis
1593 306 1994 385 flagitiosam!
2025 324 2064 371 o
2093 308 2204 373 im-

100 393 511 471 pudentiam,
552 392 925 469 nequitiam,
956 391 1268 454 libidinem
1311 407 1435 453 non
1479 392 1823 454 ferendam!
1893 392 1984 453 Tu
2014 410 2203 468 quum

102 476 467 553 principem
511 485 893 552 senatorem,
946 476 1145 537 civem
1200 474 1568 549 singularem
1627 484 1752 536 tam
1788 476 2204 553 propinquum

100 560 387 635 habeaS,
427 562 509 621 ad
553 575 693 621 eum
724 560 803 620 de
831 576 900 621 re
934 557 1183 637 publica
1209 556 1360 620 nihil
1385 560 1619 621 referas
1634 580 1650 613 a
1688 560 1925 619 referas
1966 561 2047 620 ad
2070 573 2206 633 eos,

104 644 223 717 qui
252 659 431 705 suam
456 657 587 704 rem
613 642 839 705 nullam
866 643 1091 703 habent
1106 687 1125 715 ‚
1168 648 1334 705 tuam
1363 640 1776 704 exhauriunt?
1835 642 2002 703 Tuus
2033 643 2201 703 vide·

100 726 259 788 licet
300 726 586 789 salutaris
626 726 1015 800 consulatue,
1054 724 1444 802 perniciosus
1483 741 1678 785 meus.
1763 725 1896 785 vn.
1940 726 2203 787 Adeone

48 844 53 847 -
104 795 422 885 pudorem
450 824 589 882 eum
634 808 929 887 pudicitia
962 806 1323 886 perdidisti,
1367 815 1438 869 ut
1479 808 1600 869 hoc
1643 807 1704 867 in
1736 824 1811 869 eo
1852 811 2079 884 templo
2109 808 2198 869 di-

102 908 258 953 cere
288 908 483 956 ausus
511 891 633 966 sie,
666 894 728 952 in
758 909 883 968 quo
912 908 1029 967 ego
1060 899 1340 953 senatum
1369 890 1569 963 illum,
1613 892 1716 966 qui
1747 891 2059 966 quondam
2087 891 2200 953 flo-

100 992 261 1036 rens
311 974 445 1040 orbi
502 982 799 1037 terrarum
845 974 1272 1049 praesidebat,
1319 974 1753 1045 consulebam,
1806 983 1876 1035 tu
1921 971 2202 1035 homines

102 1056 569 1134 perditissimos
605 1073 744 1118 cum
775 1055 998 1132 gladiis
1032 1054 1481 1118 collocavistiv.
1545 1056 1643 1118 16.
1686 1058 1770 1117 At
1799 1057 1980 1118 etiam
2002 1072 2202 1121 ,ausus

105 1156 181 1201 es
222 1174 298 1187 --
334 1139 486 1216 quid
518 1148 721 1202 autem
747 1148 845 1201 est
889 1140 1061 1215 quod
1102 1148 1169 1202 tu
1195 1156 1322 1200 non
1349 1140 1630 1201 audeas?
1653 1174 1734 1186 --
1768 1138 1992 1200 clivum
2023 1139 2202 1215 Capi-

104 1222 369 1286 tolinum
420 1220 629 1285 dicere
680 1239 779 1284 me
836 1224 1093 1285 consule
1142 1224 1394 1299 plenum
1453 1240 1774 1285 servorum
1831 1230 2202 1286 armatorum

107 1306 331 1367 fuisse.
387 1305 469 1367 Ut
498 1306 632 1379 illa,
666 1305 885 1379 credo,
917 1304 1151 1367 nefaria
1178 1313 1428 1367 senatus
1460 1310 1742 1368 consulta
1787 1306 2041 1380 fierent,
2077 1306 2198 1367 vim

108 1390 469 1451 adferebam
505 1388 765 1451 senatui.
826 1387 874 1450 Ο
906 1388 1125 1465 miser,
1158 1388 1294 1450 sive
1321 1390 1422 1450 illa
1455 1390 1560 1451 tibi
1595 1398 1740 1453 nota
1769 1407 1894 1451 non
1925 1398 2070 1453 sunt
2107 1422 2209 1435 -—·

108 1470 263 1533 nihil
304 1472 465 1535 enim
508 1472 655 1534 boni
684 1474 851 1535 nosti
877 1508 961 1519 —-
994 1474 1128 1534 sive
1154 1483 1328 1547 sunt,
1360 1473 1466 1549 qui
1494 1475 1664 1549 apud
1690 1476 1844 1535 tales
1876 1473 2046 1536 viros
2074 1481 2200 1535 tam

108 1556 508 1632 impudenter
531 1557 819 1633 loquare!
874 1556 1021 1632 Quis
1055 1556 1217 1617 enim
1247 1558 1812 1633 equesRomanuS,
1846 1556 1986 1635 quis
2023 1572 2198 1634 prae·

110 1647 297 1701 terte
326 1641 697 1703 adolescens
738 1640 997 1715 nobilis,
1040 1640 1180 1715 quis
1221 1640 1408 1703 ullius
1439 1639 1701 1715 ordinis,
1749 1640 1854 1715 qui
1894 1657 1965 1702 se
2001 1642 2198 1701 civem

111 1736 261 1782 esse
282 1718 694 1793 meminisset,
732 1737 921 1796 quum
949 1729 1203 1782 senatus
1226 1721 1290 1780 in
1312 1722 1435 1781 hoc
1455 1722 1688 1797 templo
1715 1727 1903 1791 esset,
1937 1718 1998 1778 in
2023 1718 2188 1780 clivo

113 1802 457 1879 Capitolino
490 1818 617 1864 non
647 1802 801 1865 suit?
839 1805 980 1879 quis
1010 1820 1238 1865 nomen
1268 1818 1394 1863 non
1424 1804 1632 1866 dedit?
1668 1818 2038 1880 quamquam
2069 1818 2190 1863 nec

110 1886 354 1948 scribae
366 1887 655 1949 sufficere
678 1902 795 1947 nec
821 1886 1063 1950 tabulae
1081 1883 1578 1946 nominaillorum
1606 1899 1831 1959 capere
1847 1890 2194 1959 potuerunt.

113 1966 214 2034 17.
255 1970 493 2031 Etenim
524 1986 711 2046 quum
738 1967 1020 2030 homines
1069 1965 1285 2028 nefarii
1311 1967 1390 2029 de
1418 1966 1652 2043 patriae
1685 1964 2015 2043 parricidio
2045 1981 2191 2026 con-

113 2055 459 2127 fiterentur,
503 2053 893 2115 consciorum
931 2050 1208 2124 indiciis,
1258 2068 1390 2118 sua⁴
1415 2067 1628 2123 manu,
1675 2066 1830 2111 voce
1873 2064 2074 2124 paene
2098 2049 2190 2109 lit·

113 2146 378 2199 terarum
418 2135 617 2198 coacti
658 2152 729 2197 se
765 2137 978 2198 urbem
1022 2134 1432 2208 inflammare,
1483 2133 1653 2195 cives
1706 2132 2042 2204 trucidare,
2085 2148 2190 2193 va·

118 2228 279 2281 stare
323 2220 587 2294 Italiam,
649 2220 857 2281 delere
904 2234 1035 2279 rem
1084 2216 1394 2294 publicam
1447 2215 1878 2291 consensisse,
1933 2216 2071 2291 quis
2095 2230 2193 2277 es-

117 2312 213 2365 set
240 2301 347 2380 qui
388 2304 469 2364 ad
510 2302 768 2364 salutem
808 2317 1189 2365 communem
1230 2300 1680 2362 defendendam
1724 2315 1846 2361 non
1895 2298 2190 2360 excitare-

116 2394 254 2449 tur?
281 2387 641 2463 praesertim
674 2402 861 2460 quum
889 2392 1143 2447 senatus
1169 2385 1567 2461 populusque
1595 2384 1910 2457 Romanus
1939 2383 2195 2443 haberet

120 2470 355 2545 ducem,
386 2468 585 2546 qualis
613 2470 669 2531 si
699 2471 804 2546 qui
832 2484 995 2531 nunc
1022 2476 1207 2541 esset,
1241 2465 1350 2529 tibi
1376 2465 1570 2542 idem,
1605 2468 1774 2543 quod
1802 2468 1920 2527 illis
1948 2465 2190 2537 accidit,

120 2552 490 2629 contigisset.
532 2554 633 2613 Ad
662 2554 1038 2628 sepulturam
1065 2567 1294 2627 corpus
1325 2549 1521 2612 vitrici
1550 2550 1649 2613 sui
1681 2557 1862 2627 negat
1889 2565 1928 2610 a
1955 2565 2052 2610 me
2084 2550 2189 2609 da-

118 2645 260 2697 tum.
308 2638 442 2698 Hoc
474 2652 621 2698 vero
652 2654 731 2698 ne
762 2636 825 2695 Ρ.
857 2637 1103 2711 quidem
1137 2633 1388 2695 Clodius
1431 2634 1586 2695 dixit
1623 2648 1936 2709 umquam=
1989 2648 2190 2706 quem,

124 2719 263 2793 quia
290 2720 423 2779 iure
450 2720 508 2779 ei
536 2719 815 2781 inimicus
848 2721 934 2780 fui
953 2766 969 2793 ‚
1012 2720 1193 2780 doleo
1237 2734 1276 2777 a
1303 2727 1364 2779 te
1393 2716 1678 2778 omnibus
1705 2714 1874 2776 vitiis
1899 2715 2018 2776 iam
2046 2730 2191 2775 esse

127 2809 492 2877 superatum.
560 2800 661 2864 18.
684 2802 799 2878 Qui
843 2811 1044 2864 autem
1084 2799 1191 2863 tibi
1235 2799 1490 2862 venitin
1520 2808 1784 2861 mentem
1809 2798 2094 2875 redigere
2123 2796 2186 2856 in

124 2883 473 2946 memoriam
505 2892 779 2947 nostram
816 2893 877 2946 te
919 2882 1085 2946 domi
1125 2884 1188 2943 P.
1217 2882 1456 2943 Lentuli
1486 2898 1630 2943 esse
1659 2882 2026 2943 educatum?
2086 2879 2186 2940 An

128 2969 413 3031 verebare
442 2984 521 3030 ne
547 2984 669 3029 non
692 2976 1047 3044 putaremus
1068 2975 1285 3028 natura
1310 2974 1370 3028 te
1395 2964 1674 3040 potuisse
1693 2974 1816 3027 tam
1845 2964 2187 3041 improbum

128 3052 411 3126 evadere,
439 3052 560 3114 nisi
580 3050 953 3114 accessisset
978 3049 1160 3113 etiam
1182 3046 1548 3131 disciplina?
1629 3050 1789 3109 VIII.
1817 3049 1961 3109 Tam
1989 3056 2188 3109 autem

129 3150 259 3195 eras
295 3149 548 3210 excors,
588 3143 655 3200 ut
692 3143 819 3198 tota
865 3134 929 3195 in
972 3132 1248 3196 oratione
1291 3142 1395 3195 tua
1435 3142 1636 3195 tecum
1677 3131 1814 3208 ipse
1861 3146 2188 3207 pugnareS,

130 3234 247 3279 non
296 3222 481 3281 modo
538 3230 661 3280 non
693 3215 1084 3280 cohaerentia
1130 3215 1287 3279 inter
1324 3232 1396 3279 se
1443 3218 1713 3290 dicereS,
1769 3216 1884 3277 sed
1927 3213 2190 3275 maxime

132 3299 387 3363 diiuncta
414 3312 599 3379 atque
629 3301 948 3375 contraria,
977 3311 1046 3363 ut
1074 3316 1197 3361 non
1226 3308 1394 3363 tanta
1427 3316 1698 3372 mecum,
1731 3305 1957 3373 quanta
1979 3294 2089 3359 tibi
2111 3304 2196 3357 te-

133 3400 262 3445 cum
284 3392 455 3447 esset
484 3384 817 3446 contentio.
876 3383 1171 3451 vitricum
1217 3391 1386 3446 tuum
1425 3383 1618 3445 fuisse
1659 3382 1932 3516 i1i5t3nto
1958 3382 2190 3443 scelere
