<?xml version="1.0" encoding="UTF-8"?>
<!DOCTYPE html PUBLIC "-//W3C//DTD XHTML 1.0 Transitional//EN"
    "http://www.w3.org/TR/xhtml1/DTD/xhtml1-transitional.dtd">
<html xmlns="http://www.w3.org/1999/xhtml" xml:lang="en" lang="en">
 <head>
  <title>
</title>
<meta http-equiv="Content-Type" content="text/html;charset=utf-8" />
  <meta name='ocr-system' content='tesseract 3.04.00' />
  <meta name='ocr-capabilities' content='ocr_page ocr_carea ocr_par ocr_line ocrx_word'/>
</head>
<body>
  <div class='ocr_page' id='page_1' title='image "./mtulliiciceroni00klotgoog_0019.png"; bbox 0 0 2459 3817; ppageno 0'>
   <div class='ocr_carea' id='block_1_1' title="bbox 231 81 1959 148">
    <p class='ocr_par' dir='ltr' id='par_1_1' title="bbox 231 81 1959 148">
     <span class='ocr_line' id='line_1_1' title="bbox 231 81 1959 148; baseline -0.001 -5"><span class='ocrx_word' id='word_1_1' title='bbox 231 82 274 143; x_wconf 85' lang='lat'>8</span> <span class='ocrx_word' id='word_1_2' title='bbox 549 87 696 148; x_wconf 87' lang='lat' dir='ltr'><strong>PRO</strong></span> <span class='ocrx_word' id='word_1_3' title='bbox 741 88 908 147; x_wconf 86' lang='lat' dir='ltr'><strong>SEX.</strong></span> <span class='ocrx_word' id='word_1_4' title='bbox 943 86 1220 147; x_wconf 79' lang='lat' dir='ltr'><strong>Roscio</strong></span> <span class='ocrx_word' id='word_1_5' title='bbox 1262 81 1609 146; x_wconf 81' lang='lat' dir='ltr'><strong>AMERINO</strong></span> <span class='ocrx_word' id='word_1_6' title='bbox 1656 84 1959 145; x_wconf 88' lang='lat' dir='ltr'>ORATIO.</span> 
     </span>
    </p>
   </div>
   <div class='ocr_carea' id='block_1_2' title="bbox 153 232 2282 2522">
    <p class='ocr_par' dir='ltr' id='par_1_2' title="bbox 153 232 2282 2522">
     <span class='ocr_line' id='line_1_2' title="bbox 229 232 2279 311; baseline -0 -17"><span class='ocrx_word' id='word_1_7' title='bbox 229 233 332 296; x_wconf 90' lang='lat' dir='ltr'><strong>ille</strong></span> <span class='ocrx_word' id='word_1_8' title='bbox 374 238 792 311; x_wconf 80' lang='lat' dir='ltr'><strong>pertimuerat,</strong></span> <span class='ocrx_word' id='word_1_9' title='bbox 829 244 895 297; x_wconf 91' lang='lat' dir='ltr'><strong>ut</strong></span> <span class='ocrx_word' id='word_1_10' title='bbox 931 234 1086 295; x_wconf 88' lang='lat' dir='ltr'><strong>mori</strong></span> <span class='ocrx_word' id='word_1_11' title='bbox 1124 235 1329 295; x_wconf 88' lang='lat' dir='ltr'><strong>mallet</strong></span> <span class='ocrx_word' id='word_1_12' title='bbox 1363 251 1543 309; x_wconf 90' lang='lat' dir='ltr'><strong>quam</strong></span> <span class='ocrx_word' id='word_1_13' title='bbox 1586 234 1664 293; x_wconf 92' lang='lat' dir='ltr'><strong>de</strong></span> <span class='ocrx_word' id='word_1_14' title='bbox 1701 234 1797 293; x_wconf 91' lang='lat' dir='ltr'><strong>his</strong></span> <span class='ocrx_word' id='word_1_15' title='bbox 1836 233 2021 293; x_wconf 88' lang='lat' dir='ltr'><strong>rebus</strong></span> <span class='ocrx_word' id='word_1_16' title='bbox 2051 232 2279 293; x_wconf 81' lang='lat' dir='ltr'>Sullam</span> 
     </span>
     <span class='ocr_line' id='line_1_3' title="bbox 231 315 2280 392; baseline -0.001 -15"><span class='ocrx_word' id='word_1_17' title='bbox 231 318 458 379; x_wconf 89' lang='lat' dir='ltr'><strong>doceri.</strong></span> <span class='ocrx_word' id='word_1_18' title='bbox 503 318 796 377; x_wconf 87' lang='lat' dir='ltr'><strong>Homines</strong></span> <span class='ocrx_word' id='word_1_19' title='bbox 829 315 1092 391; x_wconf 82' lang='lat' dir='ltr'><strong>antiqui,</strong></span> <span class='ocrx_word' id='word_1_20' title='bbox 1140 317 1245 392; x_wconf 87' lang='lat' dir='ltr'><strong>qui</strong></span> <span class='ocrx_word' id='word_1_21' title='bbox 1284 332 1364 376; x_wconf 88' lang='lat' dir='ltr'><strong>ex</strong></span> <span class='ocrx_word' id='word_1_22' title='bbox 1392 332 1507 377; x_wconf 87' lang='lat' dir='ltr'><strong>sua</strong></span> <span class='ocrx_word' id='word_1_23' title='bbox 1533 324 1750 377; x_wconf 81' lang='lat' dir='ltr'><strong>natura</strong></span> <span class='ocrx_word' id='word_1_24' title='bbox 1780 320 2057 377; x_wconf 87' lang='lat' dir='ltr'><strong>caeteros</strong></span> <span class='ocrx_word' id='word_1_25' title='bbox 2086 316 2280 389; x_wconf 85' lang='lat' dir='ltr'><strong>finge-</strong></span> 
     </span>
     <span class='ocr_line' id='line_1_4' title="bbox 231 395 2281 475; baseline -0.001 -16"><span class='ocrx_word' id='word_1_26' title='bbox 231 409 393 473; x_wconf 85' lang='lat' dir='ltr'><strong>rent,</strong></span> <span class='ocrx_word' id='word_1_27' title='bbox 428 417 614 475; x_wconf 87' lang='lat' dir='ltr'><strong>quum</strong></span> <span class='ocrx_word' id='word_1_28' title='bbox 649 401 750 459; x_wconf 88' lang='lat' dir='ltr'><strong>ille</strong></span> <span class='ocrx_word' id='word_1_29' title='bbox 793 400 1178 459; x_wconf 87' lang='lat' dir='ltr'><strong>confirmaret</strong></span> <span class='ocrx_word' id='word_1_30' title='bbox 1217 414 1367 459; x_wconf 81' lang='lat' dir='ltr'><strong>sese.</strong></span> <span class='ocrx_word' id='word_1_31' title='bbox 1391 414 1611 459; x_wconf 87' lang='lat' dir='ltr'><strong>nomen</strong></span> <span class='ocrx_word' id='word_1_32' title='bbox 1650 396 1793 457; x_wconf 86' lang='lat' dir='ltr'><strong>Sex.</strong></span> <span class='ocrx_word' id='word_1_33' title='bbox 1825 395 2034 458; x_wconf 84' lang='lat' dir='ltr'><strong>Roscii</strong></span> <span class='ocrx_word' id='word_1_34' title='bbox 2078 398 2157 457; x_wconf 91' lang='lat' dir='ltr'><strong>de</strong></span> <span class='ocrx_word' id='word_1_35' title='bbox 2188 406 2281 457; x_wconf 85' lang='lat' dir='ltr'><strong>ta-</strong></span> 
     </span>
     <span class='ocr_line' id='line_1_5' title="bbox 230 478 2279 558; baseline -0.002 -15"><span class='ocrx_word' id='word_1_36' title='bbox 230 482 388 543; x_wconf 86' lang='lat' dir='ltr'><strong>bulis</strong></span> <span class='ocrx_word' id='word_1_37' title='bbox 431 490 849 558; x_wconf 84' lang='lat' dir='ltr'><strong>exempturum</strong></span> <span class='ocrx_word' id='word_1_38' title='bbox 863 528 878 554; x_wconf 92' lang='lat'><strong>,</strong></span> <span class='ocrx_word' id='word_1_39' title='bbox 931 480 1181 555; x_wconf 85' lang='lat' dir='ltr'><strong>praedia</strong></span> <span class='ocrx_word' id='word_1_40' title='bbox 1222 496 1417 539; x_wconf 90' lang='lat' dir='ltr'><strong>vacua</strong></span> <span class='ocrx_word' id='word_1_41' title='bbox 1455 479 1580 539; x_wconf 88' lang='lat' dir='ltr'><strong>filio</strong></span> <span class='ocrx_word' id='word_1_42' title='bbox 1624 478 1977 539; x_wconf 83' lang='lat' dir='ltr'><strong>traditurum</strong></span> <span class='ocrx_word' id='word_1_43' title='bbox 1992 525 2009 554; x_wconf 94' lang='lat'><strong>,</strong></span> <span class='ocrx_word' id='word_1_44' title='bbox 2064 496 2279 555; x_wconf 90' lang='lat' dir='ltr'><strong>quum-</strong></span> 
     </span>
     <span class='ocr_line' id='line_1_6' title="bbox 234 560 2282 640; baseline -0.001 -16"><span class='ocrx_word' id='word_1_45' title='bbox 234 582 354 640; x_wconf 91' lang='lat' dir='ltr'><strong>que</strong></span> <span class='ocrx_word' id='word_1_46' title='bbox 393 564 459 624; x_wconf 91' lang='lat' dir='ltr'><strong>id</strong></span> <span class='ocrx_word' id='word_1_47' title='bbox 498 564 580 625; x_wconf 85' lang='lat' dir='ltr'><strong>ita</strong></span> <span class='ocrx_word' id='word_1_48' title='bbox 619 565 882 625; x_wconf 73' lang='lat' dir='ltr'><strong>futurum</strong></span> <span class='ocrx_word' id='word_1_49' title='bbox 920 564 984 621; x_wconf 90' lang='lat' dir='ltr'><strong>T.</strong></span> <span class='ocrx_word' id='word_1_50' title='bbox 1014 560 1280 623; x_wconf 81' lang='lat' dir='ltr'><strong>Roscius</strong></span> <span class='ocrx_word' id='word_1_51' title='bbox 1313 560 1555 637; x_wconf 85' lang='lat' dir='ltr'><strong>capito,</strong></span> <span class='ocrx_word' id='word_1_52' title='bbox 1597 560 1790 637; x_wconf 90' lang='lat' dir='ltr'><strong>quiin</strong></span> <span class='ocrx_word' id='word_1_53' title='bbox 1819 561 2036 622; x_wconf 87' lang='lat' dir='ltr'><strong>decem</strong></span> <span class='ocrx_word' id='word_1_54' title='bbox 2061 562 2282 636; x_wconf 86' lang='lat' dir='ltr'><strong>legatis</strong></span> 
     </span>
     <span class='ocr_line' id='line_1_7' title="bbox 232 642 2277 720; baseline -0.002 -14"><span class='ocrx_word' id='word_1_55' title='bbox 232 654 392 720; x_wconf 88' lang='lat' dir='ltr'><strong>erat,</strong></span> <span class='ocrx_word' id='word_1_56' title='bbox 423 645 912 720; x_wconf 82' lang='lat' dir='ltr'><strong>appromitteret,</strong></span> <span class='ocrx_word' id='word_1_57' title='bbox 939 644 1354 704; x_wconf 83' lang='lat' dir='ltr'><strong>crediderunt=</strong></span> <span class='ocrx_word' id='word_1_58' title='bbox 1400 644 1703 703; x_wconf 84' lang='lat' dir='ltr'><strong>Ameriam</strong></span> <span class='ocrx_word' id='word_1_59' title='bbox 1730 660 1798 703; x_wconf 91' lang='lat' dir='ltr'><strong>re</strong></span> <span class='ocrx_word' id='word_1_60' title='bbox 1817 642 2053 703; x_wconf 85' lang='lat' dir='ltr'><strong>inorata</strong></span> <span class='ocrx_word' id='word_1_61' title='bbox 2071 660 2277 703; x_wconf 90' lang='lat' dir='ltr'><strong>rever-</strong></span> 
     </span>
     <span class='ocr_line' id='line_1_8' title="bbox 230 725 2281 803; baseline -0.002 -14"><span class='ocrx_word' id='word_1_62' title='bbox 230 735 446 789; x_wconf 88' lang='lat' dir='ltr'><strong>terunt.</strong></span> <span class='ocrx_word' id='word_1_63' title='bbox 514 729 606 788; x_wconf 90' lang='lat' dir='ltr'><strong>Ac</strong></span> <span class='ocrx_word' id='word_1_64' title='bbox 637 727 832 803; x_wconf 90' lang='lat' dir='ltr'><strong>primo</strong></span> <span class='ocrx_word' id='word_1_65' title='bbox 877 742 1003 786; x_wconf 89' lang='lat' dir='ltr'><strong>rem</strong></span> <span class='ocrx_word' id='word_1_66' title='bbox 1039 725 1284 785; x_wconf 84' lang='lat' dir='ltr'><strong>differre</strong></span> <span class='ocrx_word' id='word_1_67' title='bbox 1328 725 1549 786; x_wconf 81' lang='lat' dir='ltr'><strong>cotidie</strong></span> <span class='ocrx_word' id='word_1_68' title='bbox 1581 742 1655 785; x_wconf 89' lang='lat' dir='ltr'><strong>ac</strong></span> <span class='ocrx_word' id='word_1_69' title='bbox 1684 725 2135 799; x_wconf 81' lang='lat' dir='ltr'><strong>procrastinare</strong></span> <span class='ocrx_word' id='word_1_70' title='bbox 2174 725 2281 785; x_wconf 86' lang='lat' dir='ltr'><strong>isti</strong></span> 
     </span>
     <span class='ocr_line' id='line_1_9' title="bbox 233 806 2277 884; baseline -0.001 -14"><span class='ocrx_word' id='word_1_71' title='bbox 233 818 592 884; x_wconf 78' lang='lat' dir='ltr'><strong>coeperunt=</strong></span> <span class='ocrx_word' id='word_1_72' title='bbox 630 808 853 869; x_wconf 89' lang='lat' dir='ltr'><strong>deinde</strong></span> <span class='ocrx_word' id='word_1_73' title='bbox 881 809 1190 883; x_wconf 80' lang='lat' dir='ltr'><strong>aliquanto</strong></span> <span class='ocrx_word' id='word_1_74' title='bbox 1218 808 1470 882; x_wconf 73' lang='lat' dir='ltr'><strong>lentina,</strong></span> <span class='ocrx_word' id='word_1_75' title='bbox 1515 806 1661 866; x_wconf 87' lang='lat' dir='ltr'><strong>nihil</strong></span> <span class='ocrx_word' id='word_1_76' title='bbox 1685 823 1867 881; x_wconf 86' lang='lat' dir='ltr'><strong>agere</strong></span> <span class='ocrx_word' id='word_1_77' title='bbox 1894 816 2077 882; x_wconf 90' lang='lat' dir='ltr'><strong>atque</strong></span> <span class='ocrx_word' id='word_1_78' title='bbox 2107 808 2277 867; x_wconf 89' lang='lat' dir='ltr'><strong>delu—</strong></span> 
     </span>
     <span class='ocr_line' id='line_1_10' title="bbox 232 888 2281 966; baseline -0.001 -14"><span class='ocrx_word' id='word_1_79' title='bbox 232 893 408 952; x_wconf 88' lang='lat' dir='ltr'><strong>dere=</strong></span> <span class='ocrx_word' id='word_1_80' title='bbox 439 899 752 966; x_wconf 86' lang='lat' dir='ltr'><strong>postremo</strong></span> <span class='ocrx_word' id='word_1_81' title='bbox 779 924 865 936; x_wconf 90' lang='lat'><strong>-—</strong></span> <span class='ocrx_word' id='word_1_82' title='bbox 891 891 953 949; x_wconf 92' lang='lat' dir='ltr'><strong>id</strong></span> <span class='ocrx_word' id='word_1_83' title='bbox 985 890 1150 966; x_wconf 90' lang='lat' dir='ltr'><strong>quod</strong></span> <span class='ocrx_word' id='word_1_84' title='bbox 1185 890 1362 949; x_wconf 79' lang='lat' dir='ltr'><strong>facile</strong></span> <span class='ocrx_word' id='word_1_85' title='bbox 1388 889 1756 950; x_wconf 87' lang='lat' dir='ltr'><strong>intellectum</strong></span> <span class='ocrx_word' id='word_1_86' title='bbox 1784 897 1880 949; x_wconf 91' lang='lat' dir='ltr'><strong>est</strong></span> <span class='ocrx_word' id='word_1_87' title='bbox 1913 923 1987 933; x_wconf 89' lang='lat'><strong>—-</strong></span> <span class='ocrx_word' id='word_1_88' title='bbox 2016 888 2281 949; x_wconf 78' lang='lat' dir='ltr'><strong>insidIas</strong></span> 
     </span>
     <span class='ocr_line' id='line_1_11' title="bbox 231 969 2279 1047; baseline -0 -15"><span class='ocrx_word' id='word_1_89' title='bbox 231 972 390 1033; x_wconf 89' lang='lat' dir='ltr'><strong>vitae</strong></span> <span class='ocrx_word' id='word_1_90' title='bbox 419 972 675 1035; x_wconf 86' lang='lat' dir='ltr'><strong>huiusce</strong></span> <span class='ocrx_word' id='word_1_91' title='bbox 699 972 841 1033; x_wconf 84' lang='lat' dir='ltr'><strong>Sex.</strong></span> <span class='ocrx_word' id='word_1_92' title='bbox 859 971 1078 1034; x_wconf 83' lang='lat' dir='ltr'><strong>Roscii</strong></span> <span class='ocrx_word' id='word_1_93' title='bbox 1091 988 1341 1047; x_wconf 87' lang='lat' dir='ltr'><strong>parare,</strong></span> <span class='ocrx_word' id='word_1_94' title='bbox 1379 988 1581 1047; x_wconf 89' lang='lat' dir='ltr'><strong>neque</strong></span> <span class='ocrx_word' id='word_1_95' title='bbox 1610 988 1751 1031; x_wconf 88' lang='lat' dir='ltr'><strong>sese</strong></span> <span class='ocrx_word' id='word_1_96' title='bbox 1778 969 2054 1032; x_wconf 84' lang='lat' dir='ltr'><strong>arbitrari</strong></span> <span class='ocrx_word' id='word_1_97' title='bbox 2080 987 2279 1046; x_wconf 90' lang='lat' dir='ltr'><strong>posse</strong></span> 
     </span>
     <span class='ocr_line' id='line_1_12' title="bbox 231 1051 2280 1131; baseline -0.002 -16"><span class='ocrx_word' id='word_1_98' title='bbox 231 1054 456 1117; x_wconf 89' lang='lat' dir='ltr'><strong>diutius</strong></span> <span class='ocrx_word' id='word_1_99' title='bbox 491 1056 751 1116; x_wconf 89' lang='lat' dir='ltr'><strong>alienam</strong></span> <span class='ocrx_word' id='word_1_100' title='bbox 778 1054 1102 1131; x_wconf 89' lang='lat' dir='ltr'><strong>pecuniam</strong></span> <span class='ocrx_word' id='word_1_101' title='bbox 1132 1052 1377 1113; x_wconf 89' lang='lat' dir='ltr'><strong>domino</strong></span> <span class='ocrx_word' id='word_1_102' title='bbox 1407 1052 1691 1113; x_wconf 86' lang='lat' dir='ltr'><strong>incolumi</strong></span> <span class='ocrx_word' id='word_1_103' title='bbox 1716 1052 2006 1113; x_wconf 88' lang='lat' dir='ltr'><strong>obtinere.</strong></span> <span class='ocrx_word' id='word_1_104' title='bbox 2066 1052 2140 1111; x_wconf 90' lang='lat' dir='ltr'><strong>X.</strong></span> <span class='ocrx_word' id='word_1_105' title='bbox 2170 1051 2280 1115; x_wconf 80' lang='lat'><strong>27.</strong></span> 
     </span>
     <span class='ocr_line' id='line_1_13' title="bbox 234 1134 2277 1211; baseline -0.001 -14"><span class='ocrx_word' id='word_1_106' title='bbox 234 1138 409 1211; x_wconf 84' lang='lat' dir='ltr'><strong>Quod</strong></span> <span class='ocrx_word' id='word_1_107' title='bbox 450 1137 550 1196; x_wconf 91' lang='lat' dir='ltr'><strong>hic</strong></span> <span class='ocrx_word' id='word_1_108' title='bbox 585 1138 762 1198; x_wconf 92' lang='lat' dir='ltr'><strong>simul</strong></span> <span class='ocrx_word' id='word_1_109' title='bbox 797 1144 980 1211; x_wconf 86' lang='lat' dir='ltr'><strong>atque</strong></span> <span class='ocrx_word' id='word_1_110' title='bbox 1013 1134 1231 1209; x_wconf 88' lang='lat' dir='ltr'><strong>sensit,</strong></span> <span class='ocrx_word' id='word_1_111' title='bbox 1282 1136 1359 1195; x_wconf 91' lang='lat' dir='ltr'><strong>de</strong></span> <span class='ocrx_word' id='word_1_112' title='bbox 1390 1136 1719 1195; x_wconf 88' lang='lat' dir='ltr'><strong>amicorum</strong></span> <span class='ocrx_word' id='word_1_113' title='bbox 1755 1144 2277 1209; x_wconf 81' lang='lat' dir='ltr'><strong>cognatorumque</strong></span> 
     </span>
     <span class='ocr_line' id='line_1_14' title="bbox 231 1216 2273 1293; baseline -0.001 -14"><span class='ocrx_word' id='word_1_114' title='bbox 231 1218 528 1279; x_wconf 87' lang='lat' dir='ltr'><strong>sententia</strong></span> <span class='ocrx_word' id='word_1_115' title='bbox 554 1220 810 1280; x_wconf 85' lang='lat' dir='ltr'><strong>Romam</strong></span> <span class='ocrx_word' id='word_1_116' title='bbox 839 1218 1112 1293; x_wconf 81' lang='lat' dir='ltr'><strong>confugit</strong></span> <span class='ocrx_word' id='word_1_117' title='bbox 1147 1226 1208 1277; x_wconf 88' lang='lat' dir='ltr'><strong>et</strong></span> <span class='ocrx_word' id='word_1_118' title='bbox 1236 1234 1378 1278; x_wconf 89' lang='lat' dir='ltr'><strong>sese</strong></span> <span class='ocrx_word' id='word_1_119' title='bbox 1406 1218 1488 1277; x_wconf 87' lang='lat' dir='ltr'><strong>ad</strong></span> <span class='ocrx_word' id='word_1_120' title='bbox 1515 1216 1833 1277; x_wconf 88' lang='lat' dir='ltr'><strong>Caeciliam</strong></span> <span class='ocrx_word' id='word_1_121' title='bbox 1876 1216 2163 1293; x_wconf 82' lang='lat' dir='ltr'><strong>[NepotiS</strong></span> <span class='ocrx_word' id='word_1_122' title='bbox 2204 1218 2273 1277; x_wconf 87' lang='lat' dir='ltr'><strong>fi-</strong></span> 
     </span>
     <span class='ocr_line' id='line_1_15' title="bbox 227 1298 2279 1377; baseline -0.001 -16"><span class='ocrx_word' id='word_1_123' title='bbox 227 1302 423 1377; x_wconf 85' lang='lat' dir='ltr'><strong>liamJ,</strong></span> <span class='ocrx_word' id='word_1_124' title='bbox 452 1318 634 1376; x_wconf 88' lang='lat' dir='ltr'><strong>quam</strong></span> <span class='ocrx_word' id='word_1_125' title='bbox 661 1300 914 1362; x_wconf 90' lang='lat' dir='ltr'><strong>honoris</strong></span> <span class='ocrx_word' id='word_1_126' title='bbox 938 1317 1126 1362; x_wconf 86' lang='lat' dir='ltr'><strong>causa</strong></span> <span class='ocrx_word' id='word_1_127' title='bbox 1155 1299 1429 1372; x_wconf 89' lang='lat' dir='ltr'><strong>nomin0‚</strong></span> <span class='ocrx_word' id='word_1_128' title='bbox 1462 1298 1739 1373; x_wconf 88' lang='lat' dir='ltr'><strong>contulit,</strong></span> <span class='ocrx_word' id='word_1_129' title='bbox 1771 1316 1892 1373; x_wconf 87' lang='lat' dir='ltr'><strong>qua</strong></span> <span class='ocrx_word' id='word_1_130' title='bbox 1918 1306 2093 1375; x_wconf 86' lang='lat' dir='ltr'><strong>pater</strong></span> <span class='ocrx_word' id='word_1_131' title='bbox 2117 1316 2279 1359; x_wconf 90' lang='lat' dir='ltr'><strong>usus</strong></span> 
     </span>
     <span class='ocr_line' id='line_1_16' title="bbox 230 1380 2277 1457; baseline 0 -17"><span class='ocrx_word' id='word_1_132' title='bbox 230 1390 358 1441; x_wconf 88' lang='lat' dir='ltr'><strong>erat</strong></span> <span class='ocrx_word' id='word_1_133' title='bbox 384 1383 733 1455; x_wconf 82' lang='lat' dir='ltr'><strong>plurimum:</strong></span> <span class='ocrx_word' id='word_1_134' title='bbox 762 1382 824 1442; x_wconf 89' lang='lat' dir='ltr'><strong>in</strong></span> <span class='ocrx_word' id='word_1_135' title='bbox 858 1399 978 1457; x_wconf 88' lang='lat' dir='ltr'><strong>qua</strong></span> <span class='ocrx_word' id='word_1_136' title='bbox 1000 1381 1281 1454; x_wconf 89' lang='lat' dir='ltr'><strong>muliere,</strong></span> <span class='ocrx_word' id='word_1_137' title='bbox 1311 1380 1573 1454; x_wconf 84' lang='lat' dir='ltr'><strong>iudiceS‚</strong></span> <span class='ocrx_word' id='word_1_138' title='bbox 1597 1380 1775 1441; x_wconf 88' lang='lat' dir='ltr'><strong>etiam</strong></span> <span class='ocrx_word' id='word_1_139' title='bbox 1794 1397 1983 1454; x_wconf 89' lang='lat' dir='ltr'><strong>nunc,</strong></span> <span class='ocrx_word' id='word_1_140' title='bbox 2011 1380 2077 1440; x_wconf 88' lang='lat' dir='ltr'><strong>id</strong></span> <span class='ocrx_word' id='word_1_141' title='bbox 2105 1382 2277 1456; x_wconf 90' lang='lat' dir='ltr'><strong>quod</strong></span> 
     </span>
     <span class='ocr_line' id='line_1_17' title="bbox 233 1462 2278 1539; baseline -0 -16"><span class='ocrx_word' id='word_1_142' title='bbox 233 1479 446 1523; x_wconf 90' lang='lat' dir='ltr'><strong>omnes</strong></span> <span class='ocrx_word' id='word_1_143' title='bbox 473 1480 716 1537; x_wconf 86' lang='lat' dir='ltr'><strong>semper</strong></span> <span class='ocrx_word' id='word_1_144' title='bbox 745 1463 1271 1536; x_wconf 85' lang='lat' dir='ltr'><strong>existimaverunt,</strong></span> <span class='ocrx_word' id='word_1_145' title='bbox 1306 1462 1483 1539; x_wconf 86' lang='lat' dir='ltr'><strong>quasi</strong></span> <span class='ocrx_word' id='word_1_146' title='bbox 1507 1463 1769 1537; x_wconf 88' lang='lat' dir='ltr'><strong>exempli</strong></span> <span class='ocrx_word' id='word_1_147' title='bbox 1799 1480 1987 1523; x_wconf 86' lang='lat' dir='ltr'><strong>causa</strong></span> <span class='ocrx_word' id='word_1_148' title='bbox 2017 1462 2278 1537; x_wconf 86' lang='lat' dir='ltr'><strong>vestigia</strong></span> 
     </span>
     <span class='ocr_line' id='line_1_18' title="bbox 231 1543 2276 1620; baseline 0 -16"><span class='ocrx_word' id='word_1_149' title='bbox 231 1543 461 1620; x_wconf 88' lang='lat' dir='ltr'><strong>antiqui</strong></span> <span class='ocrx_word' id='word_1_150' title='bbox 491 1545 672 1605; x_wconf 85' lang='lat' dir='ltr'><strong>officii</strong></span> <span class='ocrx_word' id='word_1_151' title='bbox 703 1554 1034 1605; x_wconf 88' lang='lat' dir='ltr'><strong>remanent.</strong></span> <span class='ocrx_word' id='word_1_152' title='bbox 1087 1546 1176 1603; x_wconf 90' lang='lat' dir='ltr'><strong>Ea</strong></span> <span class='ocrx_word' id='word_1_153' title='bbox 1207 1545 1352 1605; x_wconf 85' lang='lat' dir='ltr'><strong>Sex.</strong></span> <span class='ocrx_word' id='word_1_154' title='bbox 1381 1544 1673 1607; x_wconf 89' lang='lat' dir='ltr'><strong>Roscium</strong></span> <span class='ocrx_word' id='word_1_155' title='bbox 1705 1546 1980 1619; x_wconf 87' lang='lat' dir='ltr'><strong>inopem,</strong></span> <span class='ocrx_word' id='word_1_156' title='bbox 2013 1544 2276 1605; x_wconf 86' lang='lat' dir='ltr'><strong>eiectum</strong></span> 
     </span>
     <span class='ocr_line' id='line_1_19' title="bbox 153 1626 2275 1705; baseline 0 -18"><span class='ocrx_word' id='word_1_157' title='bbox 153 1698 168 1705; x_wconf 59' lang='lat'><strong>-</strong></span> <span class='ocrx_word' id='word_1_158' title='bbox 231 1628 412 1687; x_wconf 89' lang='lat' dir='ltr'><strong>domo</strong></span> <span class='ocrx_word' id='word_1_159' title='bbox 456 1636 639 1701; x_wconf 87' lang='lat' dir='ltr'><strong>atque</strong></span> <span class='ocrx_word' id='word_1_160' title='bbox 682 1628 1005 1701; x_wconf 86' lang='lat' dir='ltr'><strong>expulsum</strong></span> <span class='ocrx_word' id='word_1_161' title='bbox 1046 1643 1126 1687; x_wconf 86' lang='lat' dir='ltr'><strong>ex</strong></span> <span class='ocrx_word' id='word_1_162' title='bbox 1172 1626 1302 1687; x_wconf 87' lang='lat' dir='ltr'><strong>suis</strong></span> <span class='ocrx_word' id='word_1_163' title='bbox 1344 1627 1550 1699; x_wconf 77' lang='lat' dir='ltr'><strong>boniS,</strong></span> <span class='ocrx_word' id='word_1_164' title='bbox 1606 1626 1931 1701; x_wconf 81' lang='lat' dir='ltr'><strong>fugientem</strong></span> <span class='ocrx_word' id='word_1_165' title='bbox 1972 1628 2275 1687; x_wconf 90' lang='lat' dir='ltr'><strong>latronum</strong></span> 
     </span>
     <span class='ocr_line' id='line_1_20' title="bbox 233 1708 2273 1785; baseline 0 -16"><span class='ocrx_word' id='word_1_166' title='bbox 233 1710 350 1769; x_wconf 87' lang='lat' dir='ltr'><strong>tela</strong></span> <span class='ocrx_word' id='word_1_167' title='bbox 373 1716 434 1769; x_wconf 87' lang='lat' dir='ltr'><strong>et</strong></span> <span class='ocrx_word' id='word_1_168' title='bbox 460 1708 653 1769; x_wconf 89' lang='lat' dir='ltr'><strong>minas</strong></span> <span class='ocrx_word' id='word_1_169' title='bbox 676 1708 908 1783; x_wconf 88' lang='lat' dir='ltr'><strong>recepit</strong></span> <span class='ocrx_word' id='word_1_170' title='bbox 929 1710 1174 1769; x_wconf 86' lang='lat' dir='ltr'><strong>domurn</strong></span> <span class='ocrx_word' id='word_1_171' title='bbox 1201 1708 1553 1785; x_wconf 88' lang='lat' dir='ltr'><strong>hospitique</strong></span> <span class='ocrx_word' id='word_1_172' title='bbox 1576 1725 1876 1784; x_wconf 88' lang='lat' dir='ltr'><strong>oppresso</strong></span> <span class='ocrx_word' id='word_1_173' title='bbox 1907 1708 2025 1768; x_wconf 89' lang='lat' dir='ltr'><strong>iam</strong></span> <span class='ocrx_word' id='word_1_174' title='bbox 2048 1709 2273 1783; x_wconf 89' lang='lat' dir='ltr'><strong>despe-</strong></span> 
     </span>
     <span class='ocr_line' id='line_1_21' title="bbox 227 1791 2274 1866; baseline 0.001 -17"><span class='ocrx_word' id='word_1_175' title='bbox 227 1798 484 1866; x_wconf 89' lang='lat' dir='ltr'><strong>ratoque</strong></span> <span class='ocrx_word' id='word_1_176' title='bbox 523 1792 599 1852; x_wconf 89' lang='lat' dir='ltr'><strong>ab</strong></span> <span class='ocrx_word' id='word_1_177' title='bbox 645 1793 922 1853; x_wconf 88' lang='lat' dir='ltr'><strong>omnibus</strong></span> <span class='ocrx_word' id='word_1_178' title='bbox 965 1791 1257 1866; x_wconf 84' lang='lat' dir='ltr'><strong>opitulata</strong></span> <span class='ocrx_word' id='word_1_179' title='bbox 1284 1800 1397 1852; x_wconf 91' lang='lat' dir='ltr'><strong>est.</strong></span> <span class='ocrx_word' id='word_1_180' title='bbox 1451 1791 1599 1851; x_wconf 89' lang='lat' dir='ltr'><strong>Eius</strong></span> <span class='ocrx_word' id='word_1_181' title='bbox 1632 1791 1883 1864; x_wconf 90' lang='lat' dir='ltr'><strong>virtute,</strong></span> <span class='ocrx_word' id='word_1_182' title='bbox 1936 1791 2091 1863; x_wconf 90' lang='lat' dir='ltr'><strong>fide,</strong></span> <span class='ocrx_word' id='word_1_183' title='bbox 2138 1791 2274 1851; x_wconf 89' lang='lat' dir='ltr'><strong>dili-</strong></span> 
     </span>
     <span class='ocr_line' id='line_1_22' title="bbox 233 1872 2275 1949; baseline 0.002 -18"><span class='ocrx_word' id='word_1_184' title='bbox 233 1875 432 1945; x_wconf 87' lang='lat' dir='ltr'><strong>gentia</strong></span> <span class='ocrx_word' id='word_1_185' title='bbox 460 1876 682 1935; x_wconf 85' lang='lat' dir='ltr'><strong>factum</strong></span> <span class='ocrx_word' id='word_1_186' title='bbox 705 1884 830 1947; x_wconf 90' lang='lat' dir='ltr'><strong>est,</strong></span> <span class='ocrx_word' id='word_1_187' title='bbox 871 1884 938 1934; x_wconf 87' lang='lat' dir='ltr'><strong>ut</strong></span> <span class='ocrx_word' id='word_1_188' title='bbox 965 1874 1063 1935; x_wconf 90' lang='lat' dir='ltr'><strong>hic</strong></span> <span class='ocrx_word' id='word_1_189' title='bbox 1091 1875 1299 1949; x_wconf 91' lang='lat' dir='ltr'><strong>potius</strong></span> <span class='ocrx_word' id='word_1_190' title='bbox 1342 1872 1518 1933; x_wconf 88' lang='lat' dir='ltr'><strong>vivus</strong></span> <span class='ocrx_word' id='word_1_191' title='bbox 1546 1872 1609 1932; x_wconf 92' lang='lat' dir='ltr'><strong>in</strong></span> <span class='ocrx_word' id='word_1_192' title='bbox 1634 1888 1778 1933; x_wconf 89' lang='lat' dir='ltr'><strong>reos</strong></span> <span class='ocrx_word' id='word_1_193' title='bbox 1813 1890 1995 1946; x_wconf 86' lang='lat' dir='ltr'><strong>quam</strong></span> <span class='ocrx_word' id='word_1_194' title='bbox 2024 1872 2275 1935; x_wconf 86' lang='lat' dir='ltr'><strong>occisus</strong></span> 
     </span>
     <span class='ocr_line' id='line_1_23' title="bbox 229 1952 2273 2030; baseline 0.001 -17"><span class='ocrx_word' id='word_1_195' title='bbox 229 1952 288 2013; x_wconf 92' lang='lat' dir='ltr'><strong>in</strong></span> <span class='ocrx_word' id='word_1_196' title='bbox 323 1954 700 2030; x_wconf 90' lang='lat' dir='ltr'><strong>proscriptos</strong></span> <span class='ocrx_word' id='word_1_197' title='bbox 732 1958 1076 2017; x_wconf 86' lang='lat' dir='ltr'><strong>referretur.</strong></span> <span class='ocrx_word' id='word_1_198' title='bbox 1159 1954 1261 2018; x_wconf 77' lang='lat'><strong>28.</strong></span> <span class='ocrx_word' id='word_1_199' title='bbox 1304 1956 1453 2015; x_wconf 91' lang='lat' dir='ltr'><strong>Nam</strong></span> <span class='ocrx_word' id='word_1_200' title='bbox 1483 1962 1803 2029; x_wconf 88' lang='lat' dir='ltr'><strong>postquam</strong></span> <span class='ocrx_word' id='word_1_201' title='bbox 1832 1954 1933 2016; x_wconf 90' lang='lat' dir='ltr'><strong>isti</strong></span> <span class='ocrx_word' id='word_1_202' title='bbox 1960 1955 2273 2017; x_wconf 88' lang='lat' dir='ltr'><strong>intellexe-</strong></span> 
     </span>
     <span class='ocr_line' id='line_1_24' title="bbox 226 2036 2275 2112; baseline 0.001 -17"><span class='ocrx_word' id='word_1_203' title='bbox 226 2044 368 2095; x_wconf 88' lang='lat' dir='ltr'><strong>runt</strong></span> <span class='ocrx_word' id='word_1_204' title='bbox 395 2052 628 2095; x_wconf 86' lang='lat' dir='ltr'><strong>summa</strong></span> <span class='ocrx_word' id='word_1_205' title='bbox 656 2036 966 2110; x_wconf 88' lang='lat' dir='ltr'><strong>diligentia</strong></span> <span class='ocrx_word' id='word_1_206' title='bbox 985 2036 1168 2097; x_wconf 88' lang='lat' dir='ltr'><strong>vitam</strong></span> <span class='ocrx_word' id='word_1_207' title='bbox 1192 2037 1335 2097; x_wconf 90' lang='lat' dir='ltr'><strong>Sex.</strong></span> <span class='ocrx_word' id='word_1_208' title='bbox 1363 2036 1576 2098; x_wconf 92' lang='lat' dir='ltr'><strong>Roscii</strong></span> <span class='ocrx_word' id='word_1_209' title='bbox 1598 2036 1895 2098; x_wconf 87' lang='lat' dir='ltr'><strong>custodiri</strong></span> <span class='ocrx_word' id='word_1_210' title='bbox 1925 2054 2124 2112; x_wconf 90' lang='lat' dir='ltr'><strong>neque</strong></span> <span class='ocrx_word' id='word_1_211' title='bbox 2154 2038 2275 2099; x_wconf 91' lang='lat' dir='ltr'><strong>sibi</strong></span> 
     </span>
     <span class='ocr_line' id='line_1_25' title="bbox 229 2118 2275 2193; baseline 0.002 -16"><span class='ocrx_word' id='word_1_212' title='bbox 229 2118 410 2177; x_wconf 88' lang='lat' dir='ltr'><strong>ullam</strong></span> <span class='ocrx_word' id='word_1_213' title='bbox 439 2118 646 2178; x_wconf 88' lang='lat' dir='ltr'><strong>caedis</strong></span> <span class='ocrx_word' id='word_1_214' title='bbox 683 2119 1002 2179; x_wconf 82' lang='lat' dir='ltr'><strong>faciundae</strong></span> <span class='ocrx_word' id='word_1_215' title='bbox 1032 2126 1394 2193; x_wconf 87' lang='lat' dir='ltr'><strong>potestatem</strong></span> <span class='ocrx_word' id='word_1_216' title='bbox 1423 2119 1583 2190; x_wconf 90' lang='lat' dir='ltr'><strong>dari,</strong></span> <span class='ocrx_word' id='word_1_217' title='bbox 1628 2119 1949 2180; x_wconf 85' lang='lat' dir='ltr'><strong>consilium</strong></span> <span class='ocrx_word' id='word_1_218' title='bbox 1977 2130 2275 2193; x_wconf 87' lang='lat' dir='ltr'><strong>ceperunt</strong></span> 
     </span>
     <span class='ocr_line' id='line_1_26' title="bbox 225 2199 2275 2276; baseline 0.003 -18"><span class='ocrx_word' id='word_1_219' title='bbox 225 2201 472 2275; x_wconf 88' lang='lat' dir='ltr'><strong>plenum</strong></span> <span class='ocrx_word' id='word_1_220' title='bbox 515 2199 766 2261; x_wconf 89' lang='lat' dir='ltr'><strong>sceleris</strong></span> <span class='ocrx_word' id='word_1_221' title='bbox 811 2208 872 2260; x_wconf 90' lang='lat' dir='ltr'><strong>et</strong></span> <span class='ocrx_word' id='word_1_222' title='bbox 897 2200 1221 2274; x_wconf 90' lang='lat' dir='ltr'><strong>audaciae,</strong></span> <span class='ocrx_word' id='word_1_223' title='bbox 1269 2210 1335 2261; x_wconf 84' lang='lat' dir='ltr'><strong>ut</strong></span> <span class='ocrx_word' id='word_1_224' title='bbox 1373 2217 1593 2261; x_wconf 90' lang='lat' dir='ltr'><strong>nomen</strong></span> <span class='ocrx_word' id='word_1_225' title='bbox 1622 2200 1803 2261; x_wconf 90' lang='lat' dir='ltr'><strong>huius</strong></span> <span class='ocrx_word' id='word_1_226' title='bbox 1838 2203 1915 2261; x_wconf 91' lang='lat' dir='ltr'><strong>de</strong></span> <span class='ocrx_word' id='word_1_227' title='bbox 1942 2200 2275 2276; x_wconf 90' lang='lat' dir='ltr'><strong>parricidio</strong></span> 
     </span>
     <span class='ocr_line' id='line_1_27' title="bbox 228 2280 2277 2357; baseline 0.002 -16"><span class='ocrx_word' id='word_1_228' title='bbox 228 2282 559 2356; x_wconf 86' lang='lat' dir='ltr'><strong>deferrent,</strong></span> <span class='ocrx_word' id='word_1_229' title='bbox 616 2290 684 2342; x_wconf 90' lang='lat' dir='ltr'><strong>ut</strong></span> <span class='ocrx_word' id='word_1_230' title='bbox 737 2282 818 2342; x_wconf 90' lang='lat' dir='ltr'><strong>ad</strong></span> <span class='ocrx_word' id='word_1_231' title='bbox 866 2300 1001 2343; x_wconf 90' lang='lat' dir='ltr'><strong>eam</strong></span> <span class='ocrx_word' id='word_1_232' title='bbox 1047 2299 1176 2343; x_wconf 88' lang='lat' dir='ltr'><strong>rem</strong></span> <span class='ocrx_word' id='word_1_233' title='bbox 1221 2284 1485 2357; x_wconf 83' lang='lat' dir='ltr'><strong>aliquem</strong></span> <span class='ocrx_word' id='word_1_234' title='bbox 1534 2292 1953 2344; x_wconf 85' lang='lat' dir='ltr'><strong>accusatorem</strong></span> <span class='ocrx_word' id='word_1_235' title='bbox 2001 2280 2277 2346; x_wconf 82' lang='lat' dir='ltr'><strong>veterem</strong></span> 
     </span>
     <span class='ocr_line' id='line_1_28' title="bbox 229 2364 2273 2440; baseline 0.002 -17"><span class='ocrx_word' id='word_1_236' title='bbox 229 2372 678 2439; x_wconf 86' lang='lat' dir='ltr'><strong>compararent,</strong></span> <span class='ocrx_word' id='word_1_237' title='bbox 723 2364 827 2439; x_wconf 90' lang='lat' dir='ltr'><strong>qui</strong></span> <span class='ocrx_word' id='word_1_238' title='bbox 856 2367 934 2424; x_wconf 89' lang='lat' dir='ltr'><strong>de</strong></span> <span class='ocrx_word' id='word_1_239' title='bbox 963 2382 1036 2424; x_wconf 90' lang='lat' dir='ltr'><strong>ea</strong></span> <span class='ocrx_word' id='word_1_240' title='bbox 1065 2382 1133 2425; x_wconf 90' lang='lat' dir='ltr'><strong>re</strong></span> <span class='ocrx_word' id='word_1_241' title='bbox 1164 2373 1381 2439; x_wconf 88' lang='lat' dir='ltr'><strong>posset</strong></span> <span class='ocrx_word' id='word_1_242' title='bbox 1410 2365 1617 2425; x_wconf 89' lang='lat' dir='ltr'><strong>dicere</strong></span> <span class='ocrx_word' id='word_1_243' title='bbox 1650 2364 1915 2440; x_wconf 87' lang='lat' dir='ltr'><strong>aliquid,</strong></span> <span class='ocrx_word' id='word_1_244' title='bbox 1957 2364 2019 2425; x_wconf 88' lang='lat' dir='ltr'><strong>in</strong></span> <span class='ocrx_word' id='word_1_245' title='bbox 2054 2383 2175 2440; x_wconf 90' lang='lat' dir='ltr'><strong>qua</strong></span> <span class='ocrx_word' id='word_1_246' title='bbox 2202 2384 2273 2427; x_wconf 88' lang='lat' dir='ltr'><strong>re</strong></span> 
     </span>
     <span class='ocr_line' id='line_1_29' title="bbox 228 2445 2269 2522; baseline 0.001 -18"><span class='ocrx_word' id='word_1_247' title='bbox 228 2447 392 2505; x_wconf 86' lang='lat' dir='ltr'><strong>nulla</strong></span> <span class='ocrx_word' id='word_1_248' title='bbox 436 2447 722 2508; x_wconf 88' lang='lat' dir='ltr'><strong>subesset</strong></span> <span class='ocrx_word' id='word_1_249' title='bbox 763 2445 1066 2519; x_wconf 90' lang='lat' dir='ltr'><strong>suspicio,</strong></span> <span class='ocrx_word' id='word_1_250' title='bbox 1110 2446 1374 2522; x_wconf 89' lang='lat' dir='ltr'><strong>denique</strong></span> <span class='ocrx_word' id='word_1_251' title='bbox 1409 2456 1502 2519; x_wconf 83' lang='lat' dir='ltr'><strong>ut,</strong></span> <span class='ocrx_word' id='word_1_252' title='bbox 1548 2450 1835 2521; x_wconf 87' lang='lat' dir='ltr'><strong>quoniam</strong></span> <span class='ocrx_word' id='word_1_253' title='bbox 1866 2446 2113 2508; x_wconf 87' lang='lat' dir='ltr'><strong>crimine</strong></span> <span class='ocrx_word' id='word_1_254' title='bbox 2143 2466 2269 2509; x_wconf 89' lang='lat' dir='ltr'><strong>non</strong></span> 
     </span>
    </p>
   </div>
   <div class='ocr_carea' id='block_1_3' title="bbox 226 2527 2406 2605">
    <p class='ocr_par' dir='ltr' id='par_1_3' title="bbox 226 2527 2406 2605">
     <span class='ocr_line' id='line_1_30' title="bbox 226 2527 2406 2605; baseline 0.002 -18"><span class='ocrx_word' id='word_1_255' title='bbox 226 2536 533 2603; x_wconf 85' lang='lat' dir='ltr'><strong>poterant,</strong></span> <span class='ocrx_word' id='word_1_256' title='bbox 568 2537 839 2602; x_wconf 79' lang='lat' dir='ltr'><strong>tempore</strong></span> <span class='ocrx_word' id='word_1_257' title='bbox 873 2527 1011 2602; x_wconf 89' lang='lat' dir='ltr'><strong>ipso</strong></span> <span class='ocrx_word' id='word_1_258' title='bbox 1042 2537 1396 2603; x_wconf 85' lang='lat' dir='ltr'><strong>pugnarent.</strong></span> <span class='ocrx_word' id='word_1_259' title='bbox 1440 2527 1529 2589; x_wconf 90' lang='lat' dir='ltr'><strong>Ita</strong></span> <span class='ocrx_word' id='word_1_260' title='bbox 1556 2528 1727 2605; x_wconf 90' lang='lat' dir='ltr'><strong>loqui</strong></span> <span class='ocrx_word' id='word_1_261' title='bbox 1753 2530 2063 2591; x_wconf 85' lang='lat' dir='ltr'><strong>homines=</strong></span> <span class='ocrx_word' id='word_1_262' title='bbox 2114 2534 2278 2605; x_wconf 81' lang='lat' dir='ltr'><strong>quod</strong></span> <span class='ocrx_word' id='word_1_263' title='bbox 2367 2529 2372 2535; x_wconf 83' lang='lat'>&#39;</span> <span class='ocrx_word' id='word_1_264' title='bbox 2405 2588 2406 2603; x_wconf 63' lang='grc'>,</span> 
     </span>
    </p>
   </div>
   <div class='ocr_carea' id='block_1_4' title="bbox 218 2610 2271 3325">
    <p class='ocr_par' dir='ltr' id='par_1_4' title="bbox 218 2610 2271 3325">
     <span class='ocr_line' id='line_1_31' title="bbox 227 2610 2271 2687; baseline 0.002 -18"><span class='ocrx_word' id='word_1_265' title='bbox 227 2611 449 2670; x_wconf 81' lang='lat' dir='ltr'><strong>iudicia</strong></span> <span class='ocrx_word' id='word_1_266' title='bbox 483 2617 600 2670; x_wconf 76' lang='lat' dir='ltr'><strong>tam</strong></span> <span class='ocrx_word' id='word_1_267' title='bbox 639 2611 744 2670; x_wconf 80' lang='lat' dir='ltr'><strong>diu</strong></span> <span class='ocrx_word' id='word_1_268' title='bbox 777 2610 951 2683; x_wconf 81' lang='lat' dir='ltr'><strong>facta</strong></span> <span class='ocrx_word' id='word_1_269' title='bbox 989 2627 1105 2670; x_wconf 86' lang='lat' dir='ltr'><strong>non</strong></span> <span class='ocrx_word' id='word_1_270' title='bbox 1131 2620 1321 2670; x_wconf 77' lang='lat' dir='ltr'><strong>essent</strong></span> <span class='ocrx_word' id='word_1_271' title='bbox 1332 2657 1346 2683; x_wconf 90' lang='lat'><strong>,</strong></span> <span class='ocrx_word' id='word_1_272' title='bbox 1388 2614 1774 2673; x_wconf 84' lang='lat' dir='ltr'><strong>condemnari</strong></span> <span class='ocrx_word' id='word_1_273' title='bbox 1810 2629 1941 2672; x_wconf 83' lang='lat' dir='ltr'><strong>eum</strong></span> <span class='ocrx_word' id='word_1_274' title='bbox 1980 2620 2271 2687; x_wconf 80' lang='lat' dir='ltr'><strong>oportere,</strong></span> 
     </span>
     <span class='ocr_line' id='line_1_32' title="bbox 223 2693 2271 2769; baseline 0.001 -18"><span class='ocrx_word' id='word_1_275' title='bbox 223 2696 330 2767; x_wconf 77' lang='lat' dir='ltr'><strong>qui</strong></span> <span class='ocrx_word' id='word_1_276' title='bbox 351 2695 586 2767; x_wconf 78' lang='lat' dir='ltr'><strong>primus</strong></span> <span class='ocrx_word' id='word_1_277' title='bbox 628 2695 690 2751; x_wconf 79' lang='lat' dir='ltr'><strong>in</strong></span> <span class='ocrx_word' id='word_1_278' title='bbox 716 2693 996 2753; x_wconf 79' lang='lat' dir='ltr'><strong>iudicium</strong></span> <span class='ocrx_word' id='word_1_279' title='bbox 1025 2694 1317 2754; x_wconf 80' lang='lat' dir='ltr'><strong>adductus</strong></span> <span class='ocrx_word' id='word_1_280' title='bbox 1343 2704 1519 2753; x_wconf 80' lang='lat' dir='ltr'><strong>esset.-</strong></span> <span class='ocrx_word' id='word_1_281' title='bbox 1572 2694 1713 2753; x_wconf 91' lang='lat' dir='ltr'><strong>huic</strong></span> <span class='ocrx_word' id='word_1_282' title='bbox 1740 2702 1939 2754; x_wconf 89' lang='lat' dir='ltr'><strong>autem</strong></span> <span class='ocrx_word' id='word_1_283' title='bbox 1974 2702 2271 2769; x_wconf 87' lang='lat' dir='ltr'><strong>patronos</strong></span> 
     </span>
     <span class='ocr_line' id='line_1_33' title="bbox 226 2773 2265 2848; baseline 0.002 -18"><span class='ocrx_word' id='word_1_284' title='bbox 226 2782 473 2847; x_wconf 82' lang='lat' dir='ltr'><strong>propter</strong></span> <span class='ocrx_word' id='word_1_285' title='bbox 503 2773 882 2848; x_wconf 80' lang='lat' dir='ltr'><strong>chrysogoni</strong></span> <span class='ocrx_word' id='word_1_286' title='bbox 912 2773 1166 2847; x_wconf 84' lang='lat' dir='ltr'><strong>gratiam</strong></span> <span class='ocrx_word' id='word_1_287' title='bbox 1201 2774 1545 2847; x_wconf 80' lang='lat' dir='ltr'><strong>defuturos:</strong></span> <span class='ocrx_word' id='word_1_288' title='bbox 1607 2777 1685 2836; x_wconf 90' lang='lat' dir='ltr'><strong>de</strong></span> <span class='ocrx_word' id='word_1_289' title='bbox 1712 2777 2011 2837; x_wconf 87' lang='lat' dir='ltr'><strong>bonorum</strong></span> <span class='ocrx_word' id='word_1_290' title='bbox 2055 2777 2265 2835; x_wconf 90' lang='lat' dir='ltr'><strong>vendi-</strong></span> 
     </span>
     <span class='ocr_line' id='line_1_34' title="bbox 226 2852 2269 2918; baseline -0.001 -4"><span class='ocrx_word' id='word_1_291' title='bbox 226 2852 388 2914; x_wconf 86' lang='lat' dir='ltr'><strong>tione</strong></span> <span class='ocrx_word' id='word_1_292' title='bbox 427 2862 488 2913; x_wconf 89' lang='lat' dir='ltr'><strong>et</strong></span> <span class='ocrx_word' id='word_1_293' title='bbox 531 2855 609 2913; x_wconf 90' lang='lat' dir='ltr'><strong>de</strong></span> <span class='ocrx_word' id='word_1_294' title='bbox 649 2854 770 2914; x_wconf 78' lang='lat' dir='ltr'><strong>&#39;ista</strong></span> <span class='ocrx_word' id='word_1_295' title='bbox 813 2852 1104 2916; x_wconf 81' lang='lat' dir='ltr'><strong>societate</strong></span> <span class='ocrx_word' id='word_1_296' title='bbox 1144 2855 1396 2916; x_wconf 89' lang='lat' dir='ltr'><strong>verbum</strong></span> <span class='ocrx_word' id='word_1_297' title='bbox 1434 2873 1576 2917; x_wconf 90' lang='lat' dir='ltr'><strong>esse</strong></span> <span class='ocrx_word' id='word_1_298' title='bbox 1611 2860 1905 2917; x_wconf 87' lang='lat' dir='ltr'><strong>facturum</strong></span> <span class='ocrx_word' id='word_1_299' title='bbox 1933 2856 2269 2918; x_wconf 74' lang='lat' dir='ltr'><strong>neminem:</strong></span> 
     </span>
     <span class='ocr_line' id='line_1_35' title="bbox 221 2935 2265 3012; baseline 0.001 -17"><span class='ocrx_word' id='word_1_300' title='bbox 221 2935 361 3009; x_wconf 88' lang='lat' dir='ltr'><strong>ipso</strong></span> <span class='ocrx_word' id='word_1_301' title='bbox 416 2936 658 2996; x_wconf 88' lang='lat' dir='ltr'><strong>nomine</strong></span> <span class='ocrx_word' id='word_1_302' title='bbox 711 2935 1018 3011; x_wconf 87' lang='lat' dir='ltr'><strong>parricidii</strong></span> <span class='ocrx_word' id='word_1_303' title='bbox 1070 2946 1130 2997; x_wconf 88' lang='lat' dir='ltr'><strong>et</strong></span> <span class='ocrx_word' id='word_1_304' title='bbox 1183 2940 1497 2999; x_wconf 83' lang='lat' dir='ltr'><strong>atrocitate</strong></span> <span class='ocrx_word' id='word_1_305' title='bbox 1541 2938 1807 3000; x_wconf 89' lang='lat' dir='ltr'><strong>criminis</strong></span> <span class='ocrx_word' id='word_1_306' title='bbox 1854 2941 2012 3012; x_wconf 82' lang='lat' dir='ltr'><strong>sore,</strong></span> <span class='ocrx_word' id='word_1_307' title='bbox 2061 2948 2127 3001; x_wconf 92' lang='lat' dir='ltr'><strong>ut</strong></span> <span class='ocrx_word' id='word_1_308' title='bbox 2164 2939 2265 2999; x_wconf 90' lang='lat' dir='ltr'><strong>hic</strong></span> 
     </span>
     <span class='ocr_line' id='line_1_36' title="bbox 221 3017 2265 3093; baseline 0.001 -16"><span class='ocrx_word' id='word_1_309' title='bbox 221 3017 385 3077; x_wconf 90' lang='lat' dir='ltr'><strong>nullo</strong></span> <span class='ocrx_word' id='word_1_310' title='bbox 416 3020 654 3092; x_wconf 89' lang='lat' dir='ltr'><strong>negotio</strong></span> <span class='ocrx_word' id='word_1_311' title='bbox 705 3020 1041 3092; x_wconf 87' lang='lat' dir='ltr'><strong>tolleretur,</strong></span> <span class='ocrx_word' id='word_1_312' title='bbox 1074 3037 1259 3093; x_wconf 91' lang='lat' dir='ltr'><strong>quum</strong></span> <span class='ocrx_word' id='word_1_313' title='bbox 1286 3020 1363 3079; x_wconf 89' lang='lat' dir='ltr'><strong>ab</strong></span> <span class='ocrx_word' id='word_1_314' title='bbox 1395 3023 1556 3082; x_wconf 89' lang='lat' dir='ltr'><strong>nullo</strong></span> <span class='ocrx_word' id='word_1_315' title='bbox 1588 3022 1879 3083; x_wconf 81' lang='lat' dir='ltr'><strong>defensus</strong></span> <span class='ocrx_word' id='word_1_316' title='bbox 1910 3030 2096 3083; x_wconf 89' lang='lat' dir='ltr'><strong>esset.</strong></span> <span class='ocrx_word' id='word_1_317' title='bbox 2159 3021 2265 3083; x_wconf 82' lang='lat'><strong>29.</strong></span> 
     </span>
     <span class='ocr_line' id='line_1_37' title="bbox 218 3099 2263 3180; baseline 0.002 -21"><span class='ocrx_word' id='word_1_318' title='bbox 218 3100 352 3160; x_wconf 92' lang='lat' dir='ltr'><strong>Hoc</strong></span> <span class='ocrx_word' id='word_1_319' title='bbox 395 3099 648 3161; x_wconf 87' lang='lat' dir='ltr'><strong>consilio</strong></span> <span class='ocrx_word' id='word_1_320' title='bbox 692 3108 874 3175; x_wconf 85' lang='lat' dir='ltr'><strong>atque</strong></span> <span class='ocrx_word' id='word_1_321' title='bbox 923 3099 1078 3161; x_wconf 89' lang='lat' dir='ltr'><strong>adeo</strong></span> <span class='ocrx_word' id='word_1_322' title='bbox 1125 3102 1242 3160; x_wconf 91' lang='lat' dir='ltr'><strong>hac</strong></span> <span class='ocrx_word' id='word_1_323' title='bbox 1283 3103 1541 3163; x_wconf 90' lang='lat' dir='ltr'><strong>amentia</strong></span> <span class='ocrx_word' id='word_1_324' title='bbox 1584 3102 1859 3180; x_wconf 90' lang='lat' dir='ltr'><strong>impulsi,</strong></span> <span class='ocrx_word' id='word_1_325' title='bbox 1920 3120 2099 3179; x_wconf 90' lang='lat' dir='ltr'><strong>quem</strong></span> <span class='ocrx_word' id='word_1_326' title='bbox 2141 3102 2263 3179; x_wconf 88' lang='lat' dir='ltr'><strong>ipsi</strong></span> 
     </span>
     <span class='ocr_line' id='line_1_38' title="bbox 223 3183 2259 3263; baseline 0.001 -21"><span class='ocrx_word' id='word_1_327' title='bbox 223 3198 406 3256; x_wconf 85' lang='lat' dir='ltr'><strong>quum</strong></span> <span class='ocrx_word' id='word_1_328' title='bbox 459 3189 750 3256; x_wconf 86' lang='lat' dir='ltr'><strong>cuperent</strong></span> <span class='ocrx_word' id='word_1_329' title='bbox 787 3198 909 3244; x_wconf 90' lang='lat' dir='ltr'><strong>non</strong></span> <span class='ocrx_word' id='word_1_330' title='bbox 953 3191 1278 3257; x_wconf 88' lang='lat' dir='ltr'><strong>potuerunt</strong></span> <span class='ocrx_word' id='word_1_331' title='bbox 1318 3183 1629 3259; x_wconf 86' lang='lat' dir='ltr'><strong>occidere,</strong></span> <span class='ocrx_word' id='word_1_332' title='bbox 1684 3202 1821 3247; x_wconf 90' lang='lat' dir='ltr'><strong>eum</strong></span> <span class='ocrx_word' id='word_1_333' title='bbox 1868 3186 2259 3263; x_wconf 85' lang='lat' dir='ltr'><strong>iugulandum</strong></span> 
     </span>
     <span class='ocr_line' id='line_1_39' title="bbox 218 3263 824 3325; baseline 0 -4"><span class='ocrx_word' id='word_1_334' title='bbox 218 3264 398 3325; x_wconf 84' lang='lat' dir='ltr'><strong>vobis</strong></span> <span class='ocrx_word' id='word_1_335' title='bbox 431 3263 824 3325; x_wconf 89' lang='lat' dir='ltr'><strong>tradiderunt.</strong></span> 
     </span>
    </p>
   </div>
   <div class='ocr_carea' id='block_1_5' title="bbox 643 3566 810 3751">
    <p class='ocr_par' dir='ltr' id='par_1_5' title="bbox 575 3480 810 3751">
     <span class='ocr_line' id='line_1_40' title="bbox 643 3566 810 3751; baseline 0 -268"><span class='ocrx_word' id='word_1_336' title='bbox 643 3566 810 3751; x_wconf 37' lang='grc' dir='ltr'>Χ</span> 
     </span>
    </p>
   </div>
   <div class='ocr_carea' id='block_1_6' title="bbox 2398 1090 2413 3089">
    <p class='ocr_par' dir='ltr' id='par_1_6' title="bbox 2398 1090 2413 3089">
     <span class='ocr_line' id='line_1_41' title="bbox 2398 1090 2413 3089; baseline 0 0"><span class='ocrx_word' id='word_1_337' title='bbox 2398 1090 2413 3089; x_wconf 95' lang='lat' dir='ltr'><strong> </strong></span> 
     </span>
    </p>
   </div>
   <div class='ocr_carea' id='block_1_7' title="bbox 2403 3250 2408 3750">
    <p class='ocr_par' dir='ltr' id='par_1_7' title="bbox 2403 3250 2408 3750">
     <span class='ocr_line' id='line_1_42' title="bbox 2403 3250 2408 3750; baseline 0 0"><span class='ocrx_word' id='word_1_338' title='bbox 2403 3250 2408 3750; x_wconf 95' lang='lat' dir='ltr'><strong> </strong></span> 
     </span>
    </p>
   </div>
  </div>
 </body>
</html>
