<?xml version="1.0" encoding="UTF-8"?>
<!DOCTYPE html PUBLIC "-//W3C//DTD XHTML 1.0 Transitional//EN"
    "http://www.w3.org/TR/xhtml1/DTD/xhtml1-transitional.dtd">
<html xmlns="http://www.w3.org/1999/xhtml" xml:lang="en" lang="en">
 <head>
  <title>
</title>
<meta http-equiv="Content-Type" content="text/html;charset=utf-8" />
  <meta name='ocr-system' content='tesseract 3.04.00' />
  <meta name='ocr-capabilities' content='ocr_page ocr_carea ocr_par ocr_line ocrx_word'/>
</head>
<body>
  <div class='ocr_page' id='page_1' title='image "./mtulliiciceroni00klotgoog_0324.png"; bbox 0 0 2459 3817; ppageno 0'>
   <div class='ocr_carea' id='block_1_1' title="bbox 794 157 2254 228">
    <p class='ocr_par' dir='ltr' id='par_1_1' title="bbox 794 157 2254 228">
     <span class='ocr_line' id='line_1_1' title="bbox 794 157 2254 228; baseline 0.004 -8"><span class='ocrx_word' id='word_1_1' title='bbox 794 157 961 220; x_wconf 75' lang='lat' dir='ltr'><strong>GAP.</strong></span> <span class='ocrx_word' id='word_1_2' title='bbox 992 166 1258 222; x_wconf 74' lang='lat'><strong>30—32.</strong></span> <span class='ocrx_word' id='word_1_3' title='bbox 1300 165 1352 228; x_wconf 70' lang='lat' dir='ltr'><strong>S.</strong></span> <span class='ocrx_word' id='word_1_4' title='bbox 1379 165 1646 226; x_wconf 78' lang='lat'><strong>85—91.</strong></span> <span class='ocrx_word' id='word_1_5' title='bbox 2166 161 2254 226; x_wconf 79' lang='lat'><strong>29</strong></span> 
     </span>
    </p>
   </div>
   <div class='ocr_carea' id='block_1_2' title="bbox 188 308 2295 3444">
    <p class='ocr_par' dir='ltr' id='par_1_2' title="bbox 188 308 2295 3444">
     <span class='ocr_line' id='line_1_2' title="bbox 192 308 2257 386; baseline 0.001 -14"><span class='ocrx_word' id='word_1_6' title='bbox 192 309 513 380; x_wconf 83' lang='lat' dir='ltr'><strong>liberatus,</strong></span> <span class='ocrx_word' id='word_1_7' title='bbox 546 325 705 386; x_wconf 86' lang='lat' dir='ltr'><strong>quae</strong></span> <span class='ocrx_word' id='word_1_8' title='bbox 732 309 918 371; x_wconf 85' lang='lat' dir='ltr'><strong>habet</strong></span> <span class='ocrx_word' id='word_1_9' title='bbox 943 317 1296 371; x_wconf 81' lang='lat' dir='ltr'><strong>ornamenta</strong></span> <span class='ocrx_word' id='word_1_10' title='bbox 1313 355 1327 382; x_wconf 93' lang='lat'><strong>,</strong></span> <span class='ocrx_word' id='word_1_11' title='bbox 1363 327 1522 386; x_wconf 87' lang='lat' dir='ltr'><strong>quae</strong></span> <span class='ocrx_word' id='word_1_12' title='bbox 1565 308 1798 372; x_wconf 87' lang='lat' dir='ltr'><strong>solacia</strong></span> <span class='ocrx_word' id='word_1_13' title='bbox 1827 308 2064 386; x_wconf 87' lang='lat' dir='ltr'><strong>reliqua</strong></span> <span class='ocrx_word' id='word_1_14' title='bbox 2095 310 2257 374; x_wconf 83' lang='lat' dir='ltr'><strong>vitae</strong></span> 
     </span>
     <span class='ocr_line' id='line_1_3' title="bbox 192 392 2255 469; baseline -0 -16"><span class='ocrx_word' id='word_1_15' title='bbox 192 392 419 469; x_wconf 88' lang='lat' dir='ltr'><strong>quibus</strong></span> <span class='ocrx_word' id='word_1_16' title='bbox 443 392 652 454; x_wconf 86' lang='lat' dir='ltr'><strong>laetari</strong></span> <span class='ocrx_word' id='word_1_17' title='bbox 674 401 734 453; x_wconf 89' lang='lat' dir='ltr'><strong>et</strong></span> <span class='ocrx_word' id='word_1_18' title='bbox 753 393 983 469; x_wconf 77' lang='lat' dir='ltr'><strong>perfrui</strong></span> <span class='ocrx_word' id='word_1_19' title='bbox 1005 394 1245 468; x_wconf 66' lang='lat' dir='ltr'><strong>possit?</strong></span> <span class='ocrx_word' id='word_1_20' title='bbox 1276 393 1505 454; x_wconf 88' lang='lat' dir='ltr'><strong>Domus</strong></span> <span class='ocrx_word' id='word_1_21' title='bbox 1528 393 1640 453; x_wconf 87' lang='lat' dir='ltr'><strong>erit</strong></span> <span class='ocrx_word' id='word_1_22' title='bbox 1654 440 1668 465; x_wconf 94' lang='lat'><strong>,</strong></span> <span class='ocrx_word' id='word_1_23' title='bbox 1691 395 1878 454; x_wconf 87' lang='lat' dir='ltr'><strong>credo</strong></span> <span class='ocrx_word' id='word_1_24' title='bbox 1894 438 1910 467; x_wconf 92' lang='lat'><strong>,</strong></span> <span class='ocrx_word' id='word_1_25' title='bbox 1929 403 2255 455; x_wconf 78' lang='lat' dir='ltr'><strong>exornata=</strong></span> 
     </span>
     <span class='ocr_line' id='line_1_4' title="bbox 194 474 2258 551; baseline 0.001 -16"><span class='ocrx_word' id='word_1_26' title='bbox 194 475 541 550; x_wconf 87' lang='lat' dir='ltr'><strong>aperientur</strong></span> <span class='ocrx_word' id='word_1_27' title='bbox 587 474 883 536; x_wconf 84' lang='lat' dir='ltr'><strong>maiorum</strong></span> <span class='ocrx_word' id='word_1_28' title='bbox 932 475 1262 550; x_wconf 69' lang='lat' dir='ltr'><strong>imaginesz</strong></span> <span class='ocrx_word' id='word_1_29' title='bbox 1322 475 1459 551; x_wconf 89' lang='lat' dir='ltr'><strong>ipse</strong></span> <span class='ocrx_word' id='word_1_30' title='bbox 1515 483 1792 536; x_wconf 87' lang='lat' dir='ltr'><strong>ornatum</strong></span> <span class='ocrx_word' id='word_1_31' title='bbox 1850 491 1924 536; x_wconf 86' lang='lat' dir='ltr'><strong>ac</strong></span> <span class='ocrx_word' id='word_1_32' title='bbox 1973 476 2258 538; x_wconf 87' lang='lat' dir='ltr'><strong>vestitum</strong></span> 
     </span>
     <span class='ocr_line' id='line_1_5' title="bbox 192 557 2255 634; baseline 0 -17"><span class='ocrx_word' id='word_1_33' title='bbox 192 557 511 634; x_wconf 88' lang='lat' dir='ltr'><strong>pristinum</strong></span> <span class='ocrx_word' id='word_1_34' title='bbox 544 557 947 633; x_wconf 80' lang='lat' dir='ltr'><strong>recuperabit.</strong></span> <span class='ocrx_word' id='word_1_35' title='bbox 1017 557 1263 632; x_wconf 89' lang='lat' dir='ltr'><strong>Omnia,</strong></span> <span class='ocrx_word' id='word_1_36' title='bbox 1305 557 1571 629; x_wconf 88' lang='lat' dir='ltr'><strong>iudices,</strong></span> <span class='ocrx_word' id='word_1_37' title='bbox 1622 558 1777 618; x_wconf 88' lang='lat' dir='ltr'><strong>haec</strong></span> <span class='ocrx_word' id='word_1_38' title='bbox 1817 557 2047 619; x_wconf 86' lang='lat' dir='ltr'><strong>amissa</strong></span> <span class='ocrx_word' id='word_1_39' title='bbox 2083 568 2255 621; x_wconf 68' lang='lat' dir='ltr'><strong>sunta</strong></span> 
     </span>
     <span class='ocr_line' id='line_1_6' title="bbox 194 638 2258 716; baseline 0.002 -16"><span class='ocrx_word' id='word_1_40' title='bbox 194 639 399 700; x_wconf 85' lang='lat' dir='ltr'><strong>omnia</strong></span> <span class='ocrx_word' id='word_1_41' title='bbox 437 639 713 715; x_wconf 76' lang='lat' dir='ltr'><strong>generiS,</strong></span> <span class='ocrx_word' id='word_1_42' title='bbox 753 639 1043 712; x_wconf 85' lang='lat' dir='ltr'><strong>nominis,</strong></span> <span class='ocrx_word' id='word_1_43' title='bbox 1086 640 1340 702; x_wconf 88' lang='lat' dir='ltr'><strong>honoris</strong></span> <span class='ocrx_word' id='word_1_44' title='bbox 1383 638 1644 715; x_wconf 85' lang='lat' dir='ltr'><strong>insignia</strong></span> <span class='ocrx_word' id='word_1_45' title='bbox 1681 650 1867 716; x_wconf 89' lang='lat' dir='ltr'><strong>atque</strong></span> <span class='ocrx_word' id='word_1_46' title='bbox 1905 650 2258 704; x_wconf 86' lang='lat' dir='ltr'><strong>ornamenta</strong></span> 
     </span>
     <span class='ocr_line' id='line_1_7' title="bbox 191 722 2256 801; baseline 0.001 -17"><span class='ocrx_word' id='word_1_47' title='bbox 191 723 374 784; x_wconf 85' lang='lat' dir='ltr'><strong>unius</strong></span> <span class='ocrx_word' id='word_1_48' title='bbox 396 723 604 784; x_wconf 89' lang='lat' dir='ltr'><strong>iudicii</strong></span> <span class='ocrx_word' id='word_1_49' title='bbox 621 722 959 785; x_wconf 78' lang='lat' dir='ltr'><strong>calamitate</strong></span> <span class='ocrx_word' id='word_1_50' title='bbox 983 723 1358 784; x_wconf 88' lang='lat' dir='ltr'><strong>occiderunt.</strong></span> <span class='ocrx_word' id='word_1_51' title='bbox 1403 722 1527 784; x_wconf 90' lang='lat' dir='ltr'><strong>Sed</strong></span> <span class='ocrx_word' id='word_1_52' title='bbox 1552 739 1628 782; x_wconf 90' lang='lat' dir='ltr'><strong>ne</strong></span> <span class='ocrx_word' id='word_1_53' title='bbox 1651 723 1984 784; x_wconf 73' lang='lat' dir='ltr'><strong>exstinctor</strong></span> <span class='ocrx_word' id='word_1_54' title='bbox 2009 728 2256 801; x_wconf 71' lang='lat' dir='ltr'><strong>patriae,</strong></span> 
     </span>
     <span class='ocr_line' id='line_1_8' title="bbox 192 806 2250 882; baseline 0.002 -16"><span class='ocrx_word' id='word_1_55' title='bbox 192 821 276 866; x_wconf 86' lang='lat' dir='ltr'><strong>ne·</strong></span> <span class='ocrx_word' id='word_1_56' title='bbox 304 807 605 880; x_wconf 79' lang='lat' dir='ltr'><strong>proditor,</strong></span> <span class='ocrx_word' id='word_1_57' title='bbox 644 822 724 866; x_wconf 90' lang='lat' dir='ltr'><strong>ne</strong></span> <span class='ocrx_word' id='word_1_58' title='bbox 755 806 951 867; x_wconf 88' lang='lat' dir='ltr'><strong>hostis</strong></span> <span class='ocrx_word' id='word_1_59' title='bbox 986 807 1354 882; x_wconf 81' lang='lat' dir='ltr'><strong>appelletur,</strong></span> <span class='ocrx_word' id='word_1_60' title='bbox 1383 822 1460 865; x_wconf 87' lang='lat' dir='ltr'><strong>ne</strong></span> <span class='ocrx_word' id='word_1_61' title='bbox 1489 806 1646 865; x_wconf 90' lang='lat' dir='ltr'><strong>hanc</strong></span> <span class='ocrx_word' id='word_1_62' title='bbox 1671 806 1866 877; x_wconf 76' lang='lat' dir='ltr'><strong>labem</strong></span> <span class='ocrx_word' id='word_1_63' title='bbox 1896 807 2040 868; x_wconf 87' lang='lat' dir='ltr'><strong>tanti</strong></span> <span class='ocrx_word' id='word_1_64' title='bbox 2064 811 2250 870; x_wconf 90' lang='lat' dir='ltr'><strong>scele-</strong></span> 
     </span>
     <span class='ocr_line' id='line_1_9' title="bbox 188 886 2257 965; baseline 0.002 -17"><span class='ocrx_word' id='word_1_65' title='bbox 188 888 278 950; x_wconf 86' lang='lat' dir='ltr'><strong>ris</strong></span> <span class='ocrx_word' id='word_1_66' title='bbox 302 886 365 947; x_wconf 89' lang='lat' dir='ltr'><strong>in</strong></span> <span class='ocrx_word' id='word_1_67' title='bbox 398 888 621 948; x_wconf 85' lang='lat' dir='ltr'><strong>familia</strong></span> <span class='ocrx_word' id='word_1_68' title='bbox 652 887 983 964; x_wconf 86' lang='lat' dir='ltr'><strong>relinquat,</strong></span> <span class='ocrx_word' id='word_1_69' title='bbox 1014 888 1078 948; x_wconf 92' lang='lat' dir='ltr'><strong>id</strong></span> <span class='ocrx_word' id='word_1_70' title='bbox 1106 889 1369 961; x_wconf 86' lang='lat' dir='ltr'><strong>laborat,</strong></span> <span class='ocrx_word' id='word_1_71' title='bbox 1397 887 1460 947; x_wconf 89' lang='lat' dir='ltr'><strong>id</strong></span> <span class='ocrx_word' id='word_1_72' title='bbox 1489 887 1725 960; x_wconf 89' lang='lat' dir='ltr'><strong>metuit,</strong></span> <span class='ocrx_word' id='word_1_73' title='bbox 1753 905 1832 949; x_wconf 91' lang='lat' dir='ltr'><strong>ne</strong></span> <span class='ocrx_word' id='word_1_74' title='bbox 1861 889 2128 965; x_wconf 90' lang='lat' dir='ltr'><strong>denique</strong></span> <span class='ocrx_word' id='word_1_75' title='bbox 2158 891 2257 952; x_wconf 89' lang='lat' dir='ltr'><strong>hic</strong></span> 
     </span>
     <span class='ocr_line' id='line_1_10' title="bbox 191 969 2254 1046; baseline -0.001 -15"><span class='ocrx_word' id='word_1_76' title='bbox 191 969 381 1031; x_wconf 87' lang='lat' dir='ltr'><strong>miser</strong></span> <span class='ocrx_word' id='word_1_77' title='bbox 409 969 709 1032; x_wconf 85' lang='lat' dir='ltr'><strong>coniurati</strong></span> <span class='ocrx_word' id='word_1_78' title='bbox 739 979 801 1030; x_wconf 77' lang='lat' dir='ltr'><strong>et</strong></span> <span class='ocrx_word' id='word_1_79' title='bbox 834 969 1233 1032; x_wconf 81' lang='lat' dir='ltr'><strong>conscelerati</strong></span> <span class='ocrx_word' id='word_1_80' title='bbox 1262 979 1324 1031; x_wconf 81' lang='lat' dir='ltr'><strong>et</strong></span> <span class='ocrx_word' id='word_1_81' title='bbox 1341 971 1669 1046; x_wconf 87' lang='lat' dir='ltr'><strong>proditoris</strong></span> <span class='ocrx_word' id='word_1_82' title='bbox 1694 970 1856 1032; x_wconf 85' lang='lat' dir='ltr'><strong>filius</strong></span> <span class='ocrx_word' id='word_1_83' title='bbox 1885 971 2254 1033; x_wconf 71' lang='lat' dir='ltr'><strong>nomineturz</strong></span> 
     </span>
     <span class='ocr_line' id='line_1_11' title="bbox 190 1052 2258 1128; baseline 0.001 -15"><span class='ocrx_word' id='word_1_84' title='bbox 190 1053 335 1113; x_wconf 81' lang='lat' dir='ltr'><strong>huic</strong></span> <span class='ocrx_word' id='word_1_85' title='bbox 378 1069 605 1128; x_wconf 89' lang='lat' dir='ltr'><strong>puero,</strong></span> <span class='ocrx_word' id='word_1_86' title='bbox 648 1053 756 1128; x_wconf 91' lang='lat' dir='ltr'><strong>qui</strong></span> <span class='ocrx_word' id='word_1_87' title='bbox 800 1061 899 1114; x_wconf 81' lang='lat' dir='ltr'><strong>est</strong></span> <span class='ocrx_word' id='word_1_88' title='bbox 936 1053 995 1113; x_wconf 92' lang='lat' dir='ltr'><strong>ei</strong></span> <span class='ocrx_word' id='word_1_89' title='bbox 1034 1052 1158 1114; x_wconf 82' lang='lat' dir='ltr'><strong>vita</strong></span> <span class='ocrx_word' id='word_1_90' title='bbox 1200 1069 1316 1114; x_wconf 90' lang='lat' dir='ltr'><strong>sua</strong></span> <span class='ocrx_word' id='word_1_91' title='bbox 1354 1054 1542 1113; x_wconf 85' lang='lat' dir='ltr'><strong>multo</strong></span> <span class='ocrx_word' id='word_1_92' title='bbox 1597 1052 1822 1126; x_wconf 85' lang='lat' dir='ltr'><strong>carior,</strong></span> <span class='ocrx_word' id='word_1_93' title='bbox 1879 1055 2112 1127; x_wconf 87' lang='lat' dir='ltr'><strong>metuit,</strong></span> <span class='ocrx_word' id='word_1_94' title='bbox 2158 1055 2258 1116; x_wconf 89' lang='lat' dir='ltr'><strong>cui</strong></span> 
     </span>
     <span class='ocr_line' id='line_1_12' title="bbox 192 1135 2256 1210; baseline 0.002 -16"><span class='ocrx_word' id='word_1_95' title='bbox 192 1135 445 1195; x_wconf 84' lang='lat' dir='ltr'><strong>honoris</strong></span> <span class='ocrx_word' id='word_1_96' title='bbox 475 1135 747 1210; x_wconf 83' lang='lat' dir='ltr'><strong>integros</strong></span> <span class='ocrx_word' id='word_1_97' title='bbox 777 1136 1009 1196; x_wconf 81' lang='lat' dir='ltr'><strong>fructus</strong></span> <span class='ocrx_word' id='word_1_98' title='bbox 1038 1151 1161 1195; x_wconf 89' lang='lat' dir='ltr'><strong>non</strong></span> <span class='ocrx_word' id='word_1_99' title='bbox 1192 1135 1274 1196; x_wconf 79' lang='lat' dir='ltr'><strong>sit</strong></span> <span class='ocrx_word' id='word_1_100' title='bbox 1298 1136 1657 1208; x_wconf 79' lang='lat' dir='ltr'><strong>tradituruS,</strong></span> <span class='ocrx_word' id='word_1_101' title='bbox 1688 1153 1767 1196; x_wconf 89' lang='lat' dir='ltr'><strong>ne</strong></span> <span class='ocrx_word' id='word_1_102' title='bbox 1795 1146 2102 1197; x_wconf 77' lang='lat' dir='ltr'><strong>aeternam</strong></span> <span class='ocrx_word' id='word_1_103' title='bbox 2133 1153 2256 1198; x_wconf 88' lang='lat' dir='ltr'><strong>me·</strong></span> 
     </span>
     <span class='ocr_line' id='line_1_13' title="bbox 193 1216 2258 1294; baseline 0.001 -17"><span class='ocrx_word' id='word_1_104' title='bbox 193 1217 449 1277; x_wconf 88' lang='lat' dir='ltr'><strong>moriam</strong></span> <span class='ocrx_word' id='word_1_105' title='bbox 478 1217 800 1278; x_wconf 82' lang='lat' dir='ltr'><strong>dedecoris</strong></span> <span class='ocrx_word' id='word_1_106' title='bbox 828 1216 1147 1292; x_wconf 85' lang='lat' dir='ltr'><strong>relinquat.</strong></span> <span class='ocrx_word' id='word_1_107' title='bbox 1204 1217 1306 1280; x_wconf 78' lang='lat'><strong>89.</strong></span> <span class='ocrx_word' id='word_1_108' title='bbox 1341 1217 1454 1278; x_wconf 91' lang='lat' dir='ltr'><strong>Hic</strong></span> <span class='ocrx_word' id='word_1_109' title='bbox 1481 1234 1599 1279; x_wconf 89' lang='lat' dir='ltr'><strong>vos</strong></span> <span class='ocrx_word' id='word_1_110' title='bbox 1631 1226 1790 1292; x_wconf 89' lang='lat' dir='ltr'><strong>orat,</strong></span> <span class='ocrx_word' id='word_1_111' title='bbox 1822 1218 2089 1292; x_wconf 80' lang='lat' dir='ltr'><strong>iudiceS‚</strong></span> <span class='ocrx_word' id='word_1_112' title='bbox 2119 1237 2258 1294; x_wconf 89' lang='lat' dir='ltr'><strong>par-</strong></span> 
     </span>
     <span class='ocr_line' id='line_1_14' title="bbox 194 1299 2256 1378; baseline 0.001 -18"><span class='ocrx_word' id='word_1_113' title='bbox 194 1315 344 1372; x_wconf 86' lang='lat' dir='ltr'><strong>vus,</strong></span> <span class='ocrx_word' id='word_1_114' title='bbox 396 1307 463 1362; x_wconf 90' lang='lat' dir='ltr'><strong>ut</strong></span> <span class='ocrx_word' id='word_1_115' title='bbox 492 1316 563 1360; x_wconf 91' lang='lat' dir='ltr'><strong>se</strong></span> <span class='ocrx_word' id='word_1_116' title='bbox 592 1300 921 1374; x_wconf 80' lang='lat' dir='ltr'><strong>aliquando</strong></span> <span class='ocrx_word' id='word_1_117' title='bbox 977 1299 1031 1361; x_wconf 93' lang='lat' dir='ltr'><strong>si</strong></span> <span class='ocrx_word' id='word_1_118' title='bbox 1075 1316 1197 1361; x_wconf 91' lang='lat' dir='ltr'><strong>non</strong></span> <span class='ocrx_word' id='word_1_119' title='bbox 1228 1300 1461 1374; x_wconf 83' lang='lat' dir='ltr'><strong>integra</strong></span> <span class='ocrx_word' id='word_1_120' title='bbox 1494 1302 1768 1374; x_wconf 85' lang='lat' dir='ltr'><strong>fortuna,</strong></span> <span class='ocrx_word' id='word_1_121' title='bbox 1816 1309 1878 1361; x_wconf 87' lang='lat' dir='ltr'><strong>at</strong></span> <span class='ocrx_word' id='word_1_122' title='bbox 1905 1310 1971 1362; x_wconf 89' lang='lat' dir='ltr'><strong>ut</strong></span> <span class='ocrx_word' id='word_1_123' title='bbox 1992 1301 2256 1378; x_wconf 83' lang='lat' dir='ltr'><strong>adflicta,</strong></span> 
     </span>
     <span class='ocr_line' id='line_1_15' title="bbox 197 1380 2258 1459; baseline 0.002 -18"><span class='ocrx_word' id='word_1_124' title='bbox 197 1380 355 1459; x_wconf 86' lang='lat' dir='ltr'><strong>patri</strong></span> <span class='ocrx_word' id='word_1_125' title='bbox 383 1399 499 1442; x_wconf 90' lang='lat' dir='ltr'><strong>suo</strong></span> <span class='ocrx_word' id='word_1_126' title='bbox 538 1381 823 1457; x_wconf 81' lang='lat' dir='ltr'><strong>gratulari</strong></span> <span class='ocrx_word' id='word_1_127' title='bbox 850 1381 1096 1444; x_wconf 80' lang='lat' dir='ltr'><strong>sinatis:</strong></span> <span class='ocrx_word' id='word_1_128' title='bbox 1129 1381 1272 1443; x_wconf 88' lang='lat' dir='ltr'><strong>huic</strong></span> <span class='ocrx_word' id='word_1_129' title='bbox 1315 1383 1538 1444; x_wconf 82' lang='lat' dir='ltr'><strong>misero</strong></span> <span class='ocrx_word' id='word_1_130' title='bbox 1580 1382 1820 1444; x_wconf 86' lang='lat' dir='ltr'><strong>notiora</strong></span> <span class='ocrx_word' id='word_1_131' title='bbox 1862 1392 2006 1445; x_wconf 89' lang='lat' dir='ltr'><strong>sunt</strong></span> <span class='ocrx_word' id='word_1_132' title='bbox 2041 1384 2258 1446; x_wconf 87' lang='lat' dir='ltr'><strong>itinera</strong></span> 
     </span>
     <span class='ocr_line' id='line_1_16' title="bbox 194 1463 2259 1546; baseline 0.001 -20"><span class='ocrx_word' id='word_1_133' title='bbox 194 1463 557 1526; x_wconf 88' lang='lat' dir='ltr'><strong>iudiciorum</strong></span> <span class='ocrx_word' id='word_1_134' title='bbox 600 1473 662 1526; x_wconf 83' lang='lat' dir='ltr'><strong>et</strong></span> <span class='ocrx_word' id='word_1_135' title='bbox 703 1465 816 1526; x_wconf 77' lang='lat' dir='ltr'><strong>rori</strong></span> <span class='ocrx_word' id='word_1_136' title='bbox 864 1482 1046 1540; x_wconf 90' lang='lat' dir='ltr'><strong>quam</strong></span> <span class='ocrx_word' id='word_1_137' title='bbox 1086 1464 1286 1542; x_wconf 88' lang='lat' dir='ltr'><strong>campi</strong></span> <span class='ocrx_word' id='word_1_138' title='bbox 1333 1475 1394 1526; x_wconf 82' lang='lat' dir='ltr'><strong>et</strong></span> <span class='ocrx_word' id='word_1_139' title='bbox 1427 1464 1902 1546; x_wconf 85' lang='lat' dir='ltr'><strong>disciplinarum.</strong></span> <span class='ocrx_word' id='word_1_140' title='bbox 1964 1468 2098 1530; x_wconf 82' lang='lat' dir='ltr'><strong>Non</strong></span> <span class='ocrx_word' id='word_1_141' title='bbox 2139 1468 2259 1528; x_wconf 86' lang='lat' dir='ltr'><strong>iam</strong></span> 
     </span>
     <span class='ocr_line' id='line_1_17' title="bbox 198 1546 2260 1624; baseline 0.003 -16"><span class='ocrx_word' id='word_1_142' title='bbox 198 1549 279 1608; x_wconf 89' lang='lat' dir='ltr'><strong>de</strong></span> <span class='ocrx_word' id='word_1_143' title='bbox 305 1546 431 1609; x_wconf 87' lang='lat' dir='ltr'><strong>vita</strong></span> <span class='ocrx_word' id='word_1_144' title='bbox 456 1548 520 1611; x_wconf 92' lang='lat' dir='ltr'><strong>P.</strong></span> <span class='ocrx_word' id='word_1_145' title='bbox 544 1547 778 1622; x_wconf 78' lang='lat' dir='ltr'><strong>Sullae,</strong></span> <span class='ocrx_word' id='word_1_146' title='bbox 809 1547 1045 1610; x_wconf 87' lang='lat' dir='ltr'><strong>iudices</strong></span> <span class='ocrx_word' id='word_1_147' title='bbox 1060 1595 1075 1622; x_wconf 95' lang='lat'><strong>,</strong></span> <span class='ocrx_word' id='word_1_148' title='bbox 1110 1550 1225 1611; x_wconf 88' lang='lat' dir='ltr'><strong>sed</strong></span> <span class='ocrx_word' id='word_1_149' title='bbox 1246 1549 1327 1608; x_wconf 88' lang='lat' dir='ltr'><strong>de</strong></span> <span class='ocrx_word' id='word_1_150' title='bbox 1349 1551 1664 1624; x_wconf 81' lang='lat' dir='ltr'><strong>sepultura</strong></span> <span class='ocrx_word' id='word_1_151' title='bbox 1689 1550 2104 1611; x_wconf 70' lang='lat' dir='ltr'><strong>contenditurz</strong></span> <span class='ocrx_word' id='word_1_152' title='bbox 2135 1551 2260 1614; x_wconf 86' lang='lat' dir='ltr'><strong>vita</strong></span> 
     </span>
     <span class='ocr_line' id='line_1_18' title="bbox 193 1631 2257 1706; baseline 0.001 -14"><span class='ocrx_word' id='word_1_153' title='bbox 193 1638 407 1706; x_wconf 82' lang='lat' dir='ltr'><strong>erepta</strong></span> <span class='ocrx_word' id='word_1_154' title='bbox 427 1639 539 1692; x_wconf 90' lang='lat' dir='ltr'><strong>est·</strong></span> <span class='ocrx_word' id='word_1_155' title='bbox 550 1631 869 1706; x_wconf 84' lang='lat' dir='ltr'><strong>superiore</strong></span> <span class='ocrx_word' id='word_1_156' title='bbox 892 1631 1149 1693; x_wconf 81' lang='lat' dir='ltr'><strong>iudicio=</strong></span> <span class='ocrx_word' id='word_1_157' title='bbox 1184 1646 1347 1692; x_wconf 89' lang='lat' dir='ltr'><strong>nunc</strong></span> <span class='ocrx_word' id='word_1_158' title='bbox 1375 1647 1452 1691; x_wconf 90' lang='lat' dir='ltr'><strong>ne</strong></span> <span class='ocrx_word' id='word_1_159' title='bbox 1475 1647 1702 1706; x_wconf 88' lang='lat' dir='ltr'><strong>corpus</strong></span> <span class='ocrx_word' id='word_1_160' title='bbox 1723 1631 1998 1693; x_wconf 76' lang='lat' dir='ltr'><strong>eliciatur</strong></span> <span class='ocrx_word' id='word_1_161' title='bbox 2020 1633 2257 1695; x_wconf 86' lang='lat' dir='ltr'><strong>labora-</strong></span> 
     </span>
     <span class='ocr_line' id='line_1_19' title="bbox 193 1712 2256 1790; baseline 0.001 -16"><span class='ocrx_word' id='word_1_162' title='bbox 193 1729 351 1774; x_wconf 86' lang='lat' dir='ltr'><strong>mus.</strong></span> <span class='ocrx_word' id='word_1_163' title='bbox 406 1712 562 1787; x_wconf 82' lang='lat' dir='ltr'><strong>Quid</strong></span> <span class='ocrx_word' id='word_1_164' title='bbox 586 1715 747 1774; x_wconf 87' lang='lat' dir='ltr'><strong>enim</strong></span> <span class='ocrx_word' id='word_1_165' title='bbox 773 1723 869 1774; x_wconf 88' lang='lat' dir='ltr'><strong>est</strong></span> <span class='ocrx_word' id='word_1_166' title='bbox 889 1713 1031 1774; x_wconf 87' lang='lat' dir='ltr'><strong>huic</strong></span> <span class='ocrx_word' id='word_1_167' title='bbox 1054 1713 1272 1790; x_wconf 87' lang='lat' dir='ltr'><strong>reliqui</strong></span> <span class='ocrx_word' id='word_1_168' title='bbox 1297 1714 1462 1788; x_wconf 90' lang='lat' dir='ltr'><strong>quod</strong></span> <span class='ocrx_word' id='word_1_169' title='bbox 1493 1730 1634 1774; x_wconf 89' lang='lat' dir='ltr'><strong>eum</strong></span> <span class='ocrx_word' id='word_1_170' title='bbox 1661 1714 1722 1772; x_wconf 89' lang='lat' dir='ltr'><strong>in</strong></span> <span class='ocrx_word' id='word_1_171' title='bbox 1744 1714 1859 1774; x_wconf 88' lang='lat' dir='ltr'><strong>hac</strong></span> <span class='ocrx_word' id='word_1_172' title='bbox 1890 1715 2011 1774; x_wconf 87' lang='lat' dir='ltr'><strong>vita</strong></span> <span class='ocrx_word' id='word_1_173' title='bbox 2037 1724 2256 1789; x_wconf 80' lang='lat' dir='ltr'><strong>teneat,</strong></span> 
     </span>
     <span class='ocr_line' id='line_1_20' title="bbox 195 1795 2261 1871; baseline 0.001 -16"><span class='ocrx_word' id='word_1_174' title='bbox 195 1803 303 1868; x_wconf 81' lang='lat' dir='ltr'><strong>aut</strong></span> <span class='ocrx_word' id='word_1_175' title='bbox 348 1795 493 1869; x_wconf 89' lang='lat' dir='ltr'><strong>quid</strong></span> <span class='ocrx_word' id='word_1_176' title='bbox 548 1802 646 1856; x_wconf 82' lang='lat' dir='ltr'><strong>est</strong></span> <span class='ocrx_word' id='word_1_177' title='bbox 694 1811 876 1871; x_wconf 88' lang='lat' dir='ltr'><strong>quam</strong></span> <span class='ocrx_word' id='word_1_178' title='bbox 930 1796 1011 1856; x_wconf 89' lang='lat' dir='ltr'><strong>ob</strong></span> <span class='ocrx_word' id='word_1_179' title='bbox 1058 1813 1187 1856; x_wconf 88' lang='lat' dir='ltr'><strong>rem</strong></span> <span class='ocrx_word' id='word_1_180' title='bbox 1242 1796 1397 1855; x_wconf 85' lang='lat' dir='ltr'><strong>haec</strong></span> <span class='ocrx_word' id='word_1_181' title='bbox 1435 1795 1720 1870; x_wconf 88' lang='lat' dir='ltr'><strong>cuiquam</strong></span> <span class='ocrx_word' id='word_1_182' title='bbox 1771 1795 1897 1856; x_wconf 87' lang='lat' dir='ltr'><strong>vita</strong></span> <span class='ocrx_word' id='word_1_183' title='bbox 1941 1796 2261 1858; x_wconf 63' lang='lat' dir='ltr'><strong>videatur?</strong></span> 
     </span>
     <span class='ocr_line' id='line_1_21' title="bbox 194 1877 2257 1952; baseline -0 -12"><span class='ocrx_word' id='word_1_184' title='bbox 194 1877 429 1941; x_wconf 87' lang='lat' dir='ltr'><strong>XXXII.</strong></span> <span class='ocrx_word' id='word_1_185' title='bbox 463 1877 671 1952; x_wconf 90' lang='lat' dir='ltr'><strong>Nuper</strong></span> <span class='ocrx_word' id='word_1_186' title='bbox 696 1877 750 1938; x_wconf 89' lang='lat' dir='ltr'><strong>is</strong></span> <span class='ocrx_word' id='word_1_187' title='bbox 778 1878 960 1938; x_wconf 88' lang='lat' dir='ltr'><strong>homo</strong></span> <span class='ocrx_word' id='word_1_188' title='bbox 993 1877 1105 1938; x_wconf 84' lang='lat' dir='ltr'><strong>fuit</strong></span> <span class='ocrx_word' id='word_1_189' title='bbox 1131 1877 1191 1938; x_wconf 91' lang='lat' dir='ltr'><strong>in</strong></span> <span class='ocrx_word' id='word_1_190' title='bbox 1222 1877 1463 1938; x_wconf 86' lang='lat' dir='ltr'><strong>civitate</strong></span> <span class='ocrx_word' id='word_1_191' title='bbox 1489 1877 1552 1936; x_wconf 88' lang='lat' dir='ltr'><strong>P.</strong></span> <span class='ocrx_word' id='word_1_192' title='bbox 1590 1877 1774 1950; x_wconf 88' lang='lat' dir='ltr'><strong>Sulla,</strong></span> <span class='ocrx_word' id='word_1_193' title='bbox 1810 1885 1878 1938; x_wconf 88' lang='lat' dir='ltr'><strong>ut</strong></span> <span class='ocrx_word' id='word_1_194' title='bbox 1897 1893 2075 1939; x_wconf 91' lang='lat' dir='ltr'><strong>nemo</strong></span> <span class='ocrx_word' id='word_1_195' title='bbox 2108 1878 2167 1938; x_wconf 89' lang='lat' dir='ltr'><strong>ei</strong></span> <span class='ocrx_word' id='word_1_196' title='bbox 2187 1896 2257 1940; x_wconf 86' lang='lat' dir='ltr'><strong>se</strong></span> 
     </span>
     <span class='ocr_line' id='line_1_22' title="bbox 195 1959 2259 2035; baseline 0 -13"><span class='ocrx_word' id='word_1_197' title='bbox 195 1977 401 2034; x_wconf 89' lang='lat' dir='ltr'><strong>neque</strong></span> <span class='ocrx_word' id='word_1_198' title='bbox 432 1959 668 2020; x_wconf 84' lang='lat' dir='ltr'><strong>honore</strong></span> <span class='ocrx_word' id='word_1_199' title='bbox 702 1975 906 2035; x_wconf 87' lang='lat' dir='ltr'><strong>neque</strong></span> <span class='ocrx_word' id='word_1_200' title='bbox 932 1960 1123 2034; x_wconf 80' lang='lat' dir='ltr'><strong>gratia</strong></span> <span class='ocrx_word' id='word_1_201' title='bbox 1164 1971 1368 2035; x_wconf 87' lang='lat' dir='ltr'><strong>neque</strong></span> <span class='ocrx_word' id='word_1_202' title='bbox 1407 1959 1666 2021; x_wconf 84' lang='lat' dir='ltr'><strong>fortunis</strong></span> <span class='ocrx_word' id='word_1_203' title='bbox 1700 1961 2054 2035; x_wconf 78' lang='lat' dir='ltr'><strong>anteferret,</strong></span> <span class='ocrx_word' id='word_1_204' title='bbox 2097 1979 2259 2022; x_wconf 89' lang='lat' dir='ltr'><strong>nunc</strong></span> 
     </span>
     <span class='ocr_line' id='line_1_23' title="bbox 199 2041 2260 2120; baseline 0 -15"><span class='ocrx_word' id='word_1_205' title='bbox 199 2041 497 2118; x_wconf 81' lang='lat' dir='ltr'><strong>spoliatus</strong></span> <span class='ocrx_word' id='word_1_206' title='bbox 527 2041 692 2102; x_wconf 89' lang='lat' dir='ltr'><strong>omni</strong></span> <span class='ocrx_word' id='word_1_207' title='bbox 715 2041 1032 2117; x_wconf 78' lang='lat' dir='ltr'><strong>dignitate,</strong></span> <span class='ocrx_word' id='word_1_208' title='bbox 1058 2057 1226 2118; x_wconf 81' lang='lat' dir='ltr'><strong>quae·</strong></span> <span class='ocrx_word' id='word_1_209' title='bbox 1242 2051 1450 2117; x_wconf 86' lang='lat' dir='ltr'><strong>erepta</strong></span> <span class='ocrx_word' id='word_1_210' title='bbox 1473 2050 1644 2117; x_wconf 89' lang='lat' dir='ltr'><strong>sunt,</strong></span> <span class='ocrx_word' id='word_1_211' title='bbox 1665 2058 1789 2103; x_wconf 87' lang='lat' dir='ltr'><strong>non</strong></span> <span class='ocrx_word' id='word_1_212' title='bbox 1813 2042 2059 2119; x_wconf 68' lang='lat' dir='ltr'><strong>repetita</strong></span> <span class='ocrx_word' id='word_1_213' title='bbox 2091 2044 2260 2120; x_wconf 85' lang='lat' dir='ltr'><strong>quod</strong></span> 
     </span>
     <span class='ocr_line' id='line_1_24' title="bbox 198 2123 2254 2201; baseline 0 -14"><span class='ocrx_word' id='word_1_214' title='bbox 198 2127 443 2187; x_wconf 80' lang='lat' dir='ltr'><strong>fortuna</strong></span> <span class='ocrx_word' id='word_1_215' title='bbox 482 2123 543 2185; x_wconf 91' lang='lat' dir='ltr'><strong>in</strong></span> <span class='ocrx_word' id='word_1_216' title='bbox 586 2124 762 2186; x_wconf 90' lang='lat' dir='ltr'><strong>malis</strong></span> <span class='ocrx_word' id='word_1_217' title='bbox 803 2123 1023 2199; x_wconf 90' lang='lat' dir='ltr'><strong>reliqui</strong></span> <span class='ocrx_word' id='word_1_218' title='bbox 1063 2124 1233 2198; x_wconf 77' lang='lat' dir='ltr'><strong>fecit,</strong></span> <span class='ocrx_word' id='word_1_219' title='bbox 1275 2133 1344 2186; x_wconf 86' lang='lat' dir='ltr'><strong>ut</strong></span> <span class='ocrx_word' id='word_1_220' title='bbox 1375 2141 1511 2185; x_wconf 90' lang='lat' dir='ltr'><strong>cum</strong></span> <span class='ocrx_word' id='word_1_221' title='bbox 1541 2133 1824 2201; x_wconf 88' lang='lat' dir='ltr'><strong>parente,</strong></span> <span class='ocrx_word' id='word_1_222' title='bbox 1859 2141 1996 2186; x_wconf 88' lang='lat' dir='ltr'><strong>cum</strong></span> <span class='ocrx_word' id='word_1_223' title='bbox 2031 2125 2254 2198; x_wconf 74' lang='lat' dir='ltr'><strong>liberi8‚</strong></span> 
     </span>
     <span class='ocr_line' id='line_1_25' title="bbox 195 2207 2258 2282; baseline -0 -13"><span class='ocrx_word' id='word_1_224' title='bbox 195 2225 339 2269; x_wconf 86' lang='lat' dir='ltr'><strong>cum</strong></span> <span class='ocrx_word' id='word_1_225' title='bbox 391 2209 603 2282; x_wconf 77' lang='lat' dir='ltr'><strong>fratre,</strong></span> <span class='ocrx_word' id='word_1_226' title='bbox 645 2224 783 2268; x_wconf 88' lang='lat' dir='ltr'><strong>cum</strong></span> <span class='ocrx_word' id='word_1_227' title='bbox 827 2207 923 2268; x_wconf 88' lang='lat' dir='ltr'><strong>his</strong></span> <span class='ocrx_word' id='word_1_228' title='bbox 968 2207 1340 2270; x_wconf 89' lang='lat' dir='ltr'><strong>necessariis</strong></span> <span class='ocrx_word' id='word_1_229' title='bbox 1385 2210 1596 2282; x_wconf 81' lang='lat' dir='ltr'><strong>lugere</strong></span> <span class='ocrx_word' id='word_1_230' title='bbox 1641 2225 1814 2269; x_wconf 88' lang='lat' dir='ltr'><strong>suam</strong></span> <span class='ocrx_word' id='word_1_231' title='bbox 1860 2207 2258 2270; x_wconf 85' lang='lat' dir='ltr'><strong>calamitatem</strong></span> 
     </span>
     <span class='ocr_line' id='line_1_26' title="bbox 198 2289 2258 2366; baseline 0 -15"><span class='ocrx_word' id='word_1_232' title='bbox 198 2291 407 2364; x_wconf 86' lang='lat' dir='ltr'><strong>liceat,</strong></span> <span class='ocrx_word' id='word_1_233' title='bbox 438 2291 502 2352; x_wconf 89' lang='lat' dir='ltr'><strong>id</strong></span> <span class='ocrx_word' id='word_1_234' title='bbox 543 2289 660 2352; x_wconf 87' lang='lat' dir='ltr'><strong>sibi</strong></span> <span class='ocrx_word' id='word_1_235' title='bbox 700 2307 779 2352; x_wconf 86' lang='lat' dir='ltr'><strong>ne</strong></span> <span class='ocrx_word' id='word_1_236' title='bbox 814 2290 1086 2366; x_wconf 86' lang='lat' dir='ltr'><strong>eripiatis</strong></span> <span class='ocrx_word' id='word_1_237' title='bbox 1100 2337 1118 2366; x_wconf 95' lang='lat'><strong>,</strong></span> <span class='ocrx_word' id='word_1_238' title='bbox 1150 2308 1298 2366; x_wconf 86' lang='lat' dir='ltr'><strong>vos,</strong></span> <span class='ocrx_word' id='word_1_239' title='bbox 1329 2290 1566 2352; x_wconf 89' lang='lat' dir='ltr'><strong>iudices</strong></span> <span class='ocrx_word' id='word_1_240' title='bbox 1581 2337 1597 2364; x_wconf 86' lang='lat'>‚</span> <span class='ocrx_word' id='word_1_241' title='bbox 1633 2293 1984 2352; x_wconf 86' lang='lat' dir='ltr'><strong>obtestatur.</strong></span> <span class='ocrx_word' id='word_1_242' title='bbox 2041 2291 2143 2352; x_wconf 80' lang='lat'><strong>90.</strong></span> <span class='ocrx_word' id='word_1_243' title='bbox 2173 2291 2258 2351; x_wconf 88' lang='lat' dir='ltr'><strong>Te</strong></span> 
     </span>
     <span class='ocr_line' id='line_1_27' title="bbox 198 2372 2256 2451; baseline -0.001 -17"><span class='ocrx_word' id='word_1_244' title='bbox 198 2372 403 2450; x_wconf 88' lang='lat' dir='ltr'><strong>ipsum</strong></span> <span class='ocrx_word' id='word_1_245' title='bbox 433 2372 571 2448; x_wconf 88' lang='lat' dir='ltr'><strong>iam,</strong></span> <span class='ocrx_word' id='word_1_246' title='bbox 602 2373 924 2450; x_wconf 83' lang='lat' dir='ltr'><strong>Torquate,</strong></span> <span class='ocrx_word' id='word_1_247' title='bbox 954 2376 1262 2451; x_wconf 86' lang='lat' dir='ltr'><strong>expletum</strong></span> <span class='ocrx_word' id='word_1_248' title='bbox 1292 2373 1472 2435; x_wconf 87' lang='lat' dir='ltr'><strong>huius</strong></span> <span class='ocrx_word' id='word_1_249' title='bbox 1502 2372 1764 2435; x_wconf 89' lang='lat' dir='ltr'><strong>miseriis</strong></span> <span class='ocrx_word' id='word_1_250' title='bbox 1789 2390 1934 2436; x_wconf 87' lang='lat' dir='ltr'><strong>esse</strong></span> <span class='ocrx_word' id='word_1_251' title='bbox 1960 2390 2074 2450; x_wconf 84' lang='lat' dir='ltr'><strong>par</strong></span> <span class='ocrx_word' id='word_1_252' title='bbox 2097 2382 2256 2435; x_wconf 71' lang='lat' dir='ltr'><strong>eretz</strong></span> 
     </span>
     <span class='ocr_line' id='line_1_28' title="bbox 199 2455 2256 2530; baseline -0.001 -11"><span class='ocrx_word' id='word_1_253' title='bbox 199 2456 318 2519; x_wconf 82' lang='lat' dir='ltr'><strong>etsi</strong></span> <span class='ocrx_word' id='word_1_254' title='bbox 344 2457 490 2516; x_wconf 88' lang='lat' dir='ltr'><strong>nihil</strong></span> <span class='ocrx_word' id='word_1_255' title='bbox 519 2455 683 2518; x_wconf 90' lang='lat' dir='ltr'><strong>aliud</strong></span> <span class='ocrx_word' id='word_1_256' title='bbox 708 2457 915 2519; x_wconf 85' lang='lat' dir='ltr'><strong>Sullae</strong></span> <span class='ocrx_word' id='word_1_257' title='bbox 938 2457 1057 2518; x_wconf 89' lang='lat' dir='ltr'><strong>nisi</strong></span> <span class='ocrx_word' id='word_1_258' title='bbox 1085 2459 1470 2518; x_wconf 85' lang='lat' dir='ltr'><strong>consulatum</strong></span> <span class='ocrx_word' id='word_1_259' title='bbox 1493 2456 1900 2518; x_wconf 82' lang='lat' dir='ltr'><strong>abstulissetis</strong></span> <span class='ocrx_word' id='word_1_260' title='bbox 1915 2503 1931 2530; x_wconf 85' lang='lat'><strong>,</strong></span> <span class='ocrx_word' id='word_1_261' title='bbox 1963 2467 2164 2518; x_wconf 79' lang='lat' dir='ltr'><strong>tamen</strong></span> <span class='ocrx_word' id='word_1_262' title='bbox 2183 2473 2256 2517; x_wconf 88' lang='lat' dir='ltr'><strong>ec</strong></span> 
     </span>
     <span class='ocr_line' id='line_1_29' title="bbox 199 2539 2258 2616; baseline -0 -15"><span class='ocrx_word' id='word_1_263' title='bbox 199 2547 523 2603; x_wconf 88' lang='lat' dir='ltr'><strong>contentos</strong></span> <span class='ocrx_word' id='word_1_264' title='bbox 550 2557 665 2601; x_wconf 90' lang='lat' dir='ltr'><strong>vos</strong></span> <span class='ocrx_word' id='word_1_265' title='bbox 694 2557 838 2602; x_wconf 87' lang='lat' dir='ltr'><strong>esse</strong></span> <span class='ocrx_word' id='word_1_266' title='bbox 861 2541 1211 2616; x_wconf 71' lang='lat' dir='ltr'><strong>oportebatae</strong></span> <span class='ocrx_word' id='word_1_267' title='bbox 1245 2539 1495 2602; x_wconf 85' lang='lat' dir='ltr'><strong>honoris</strong></span> <span class='ocrx_word' id='word_1_268' title='bbox 1518 2541 1678 2601; x_wconf 89' lang='lat' dir='ltr'><strong>enim</strong></span> <span class='ocrx_word' id='word_1_269' title='bbox 1705 2540 2010 2602; x_wconf 90' lang='lat' dir='ltr'><strong>contentio</strong></span> <span class='ocrx_word' id='word_1_270' title='bbox 2033 2557 2148 2600; x_wconf 92' lang='lat' dir='ltr'><strong>vos</strong></span> <span class='ocrx_word' id='word_1_271' title='bbox 2177 2540 2258 2600; x_wconf 89' lang='lat' dir='ltr'><strong>ad</strong></span> 
     </span>
     <span class='ocr_line' id='line_1_30' title="bbox 200 2621 2260 2698; baseline 0 -14"><span class='ocrx_word' id='word_1_272' title='bbox 200 2639 449 2684; x_wconf 85' lang='lat' dir='ltr'><strong>causam</strong></span> <span class='ocrx_word' id='word_1_273' title='bbox 466 2667 483 2696; x_wconf 91' lang='lat'><strong>,</strong></span> <span class='ocrx_word' id='word_1_274' title='bbox 512 2639 635 2685; x_wconf 88' lang='lat' dir='ltr'><strong>non</strong></span> <span class='ocrx_word' id='word_1_275' title='bbox 666 2622 1013 2686; x_wconf 87' lang='lat' dir='ltr'><strong>inimicitiae</strong></span> <span class='ocrx_word' id='word_1_276' title='bbox 1038 2625 1440 2685; x_wconf 86' lang='lat' dir='ltr'><strong>deduxerunt.</strong></span> <span class='ocrx_word' id='word_1_277' title='bbox 1507 2623 1634 2684; x_wconf 87' lang='lat' dir='ltr'><strong>Sed</strong></span> <span class='ocrx_word' id='word_1_278' title='bbox 1663 2640 1850 2698; x_wconf 89' lang='lat' dir='ltr'><strong>quum</strong></span> <span class='ocrx_word' id='word_1_279' title='bbox 1884 2621 2027 2684; x_wconf 86' lang='lat' dir='ltr'><strong>huic</strong></span> <span class='ocrx_word' id='word_1_280' title='bbox 2057 2621 2260 2685; x_wconf 83' lang='lat' dir='ltr'><strong>omnia</strong></span> 
     </span>
     <span class='ocr_line' id='line_1_31' title="bbox 200 2705 2260 2783; baseline 0 -17"><span class='ocrx_word' id='word_1_281' title='bbox 200 2721 340 2766; x_wconf 90' lang='lat' dir='ltr'><strong>cum</strong></span> <span class='ocrx_word' id='word_1_282' title='bbox 370 2706 604 2767; x_wconf 87' lang='lat' dir='ltr'><strong>honore</strong></span> <span class='ocrx_word' id='word_1_283' title='bbox 638 2707 909 2768; x_wconf 85' lang='lat' dir='ltr'><strong>detracta</strong></span> <span class='ocrx_word' id='word_1_284' title='bbox 938 2707 1083 2778; x_wconf 81' lang='lat' dir='ltr'><strong>sint,</strong></span> <span class='ocrx_word' id='word_1_285' title='bbox 1117 2723 1304 2783; x_wconf 88' lang='lat' dir='ltr'><strong>quum</strong></span> <span class='ocrx_word' id='word_1_286' title='bbox 1331 2705 1394 2766; x_wconf 89' lang='lat' dir='ltr'><strong>in</strong></span> <span class='ocrx_word' id='word_1_287' title='bbox 1415 2706 1532 2766; x_wconf 85' lang='lat' dir='ltr'><strong>hac</strong></span> <span class='ocrx_word' id='word_1_288' title='bbox 1561 2707 1804 2767; x_wconf 76' lang='lat' dir='ltr'><strong>fortuna</strong></span> <span class='ocrx_word' id='word_1_289' title='bbox 1829 2705 2166 2767; x_wconf 88' lang='lat' dir='ltr'><strong>miserrima</strong></span> <span class='ocrx_word' id='word_1_290' title='bbox 2186 2721 2260 2766; x_wconf 90' lang='lat' dir='ltr'><strong>ac</strong></span> 
     </span>
     <span class='ocr_line' id='line_1_32' title="bbox 200 2787 2263 2865; baseline 0 -18"><span class='ocrx_word' id='word_1_291' title='bbox 200 2787 655 2850; x_wconf 88' lang='lat' dir='ltr'><strong>luctuosissima</strong></span> <span class='ocrx_word' id='word_1_292' title='bbox 682 2788 1005 2851; x_wconf 87' lang='lat' dir='ltr'><strong>destitutus</strong></span> <span class='ocrx_word' id='word_1_293' title='bbox 1039 2788 1147 2861; x_wconf 88' lang='lat' dir='ltr'><strong>sit,</strong></span> <span class='ocrx_word' id='word_1_294' title='bbox 1180 2788 1330 2865; x_wconf 88' lang='lat' dir='ltr'><strong>quid</strong></span> <span class='ocrx_word' id='word_1_295' title='bbox 1353 2787 1641 2862; x_wconf 87' lang='lat' dir='ltr'><strong>estquod</strong></span> <span class='ocrx_word' id='word_1_296' title='bbox 1670 2797 1928 2864; x_wconf 86' lang='lat' dir='ltr'><strong>expetas</strong></span> <span class='ocrx_word' id='word_1_297' title='bbox 1959 2791 2263 2865; x_wconf 69' lang='lat' dir='ltr'><strong>amplius?</strong></span> 
     </span>
     <span class='ocr_line' id='line_1_33' title="bbox 200 2864 2295 2947; baseline 0.001 -17"><span class='ocrx_word' id='word_1_298' title='bbox 200 2871 461 2932; x_wconf 88' lang='lat' dir='ltr'><strong>Lucisne</strong></span> <span class='ocrx_word' id='word_1_299' title='bbox 494 2870 651 2932; x_wconf 86' lang='lat' dir='ltr'><strong>hanc</strong></span> <span class='ocrx_word' id='word_1_300' title='bbox 681 2888 929 2932; x_wconf 89' lang='lat' dir='ltr'><strong>usuram</strong></span> <span class='ocrx_word' id='word_1_301' title='bbox 958 2869 1196 2944; x_wconf 86' lang='lat' dir='ltr'><strong>eripere</strong></span> <span class='ocrx_word' id='word_1_302' title='bbox 1228 2871 1353 2942; x_wconf 86' lang='lat' dir='ltr'><strong>vis,</strong></span> <span class='ocrx_word' id='word_1_303' title='bbox 1385 2872 1625 2940; x_wconf 88' lang='lat' dir='ltr'><strong>plenam</strong></span> <span class='ocrx_word' id='word_1_304' title='bbox 1665 2869 2046 2934; x_wconf 86' lang='lat' dir='ltr'><strong>lacrimarum</strong></span> <span class='ocrx_word' id='word_1_305' title='bbox 2076 2881 2260 2947; x_wconf 88' lang='lat' dir='ltr'><strong>atque</strong></span> <span class='ocrx_word' id='word_1_306' title='bbox 2289 2864 2295 2886; x_wconf 71' lang='lat'>³</span> 
     </span>
     <span class='ocr_line' id='line_1_34' title="bbox 201 2953 2262 3028; baseline -0.001 -14"><span class='ocrx_word' id='word_1_307' title='bbox 201 2953 525 3028; x_wconf 86' lang='lat' dir='ltr'><strong>maeroris,</strong></span> <span class='ocrx_word' id='word_1_308' title='bbox 555 2953 617 3014; x_wconf 90' lang='lat' dir='ltr'><strong>in</strong></span> <span class='ocrx_word' id='word_1_309' title='bbox 649 2970 773 3028; x_wconf 87' lang='lat' dir='ltr'><strong>qua</strong></span> <span class='ocrx_word' id='word_1_310' title='bbox 805 2969 943 3015; x_wconf 88' lang='lat' dir='ltr'><strong>cum</strong></span> <span class='ocrx_word' id='word_1_311' title='bbox 972 2955 1236 3015; x_wconf 87' lang='lat' dir='ltr'><strong>maximo</strong></span> <span class='ocrx_word' id='word_1_312' title='bbox 1271 2954 1541 3014; x_wconf 89' lang='lat' dir='ltr'><strong>cruciatu</strong></span> <span class='ocrx_word' id='word_1_313' title='bbox 1570 2969 1644 3012; x_wconf 88' lang='lat' dir='ltr'><strong>ac</strong></span> <span class='ocrx_word' id='word_1_314' title='bbox 1685 2953 1900 3014; x_wconf 89' lang='lat' dir='ltr'><strong>dolore</strong></span> <span class='ocrx_word' id='word_1_315' title='bbox 1931 2955 2262 3017; x_wconf 61' lang='lat' dir='ltr'><strong>retinetur?</strong></span> 
     </span>
     <span class='ocr_line' id='line_1_35' title="bbox 202 3035 2260 3112; baseline -0.001 -16"><span class='ocrx_word' id='word_1_316' title='bbox 202 3035 484 3098; x_wconf 88' lang='lat' dir='ltr'><strong>Libenter</strong></span> <span class='ocrx_word' id='word_1_317' title='bbox 523 3035 858 3098; x_wconf 87' lang='lat' dir='ltr'><strong>reddiderit</strong></span> <span class='ocrx_word' id='word_1_318' title='bbox 893 3037 1176 3112; x_wconf 86' lang='lat' dir='ltr'><strong>adempta</strong></span> <span class='ocrx_word' id='word_1_319' title='bbox 1216 3035 1550 3112; x_wconf 78' lang='lat' dir='ltr'><strong>ignominia</strong></span> <span class='ocrx_word' id='word_1_320' title='bbox 1593 3035 1936 3098; x_wconf 78' lang='lat' dir='ltr'><strong>foedissimi</strong></span> <span class='ocrx_word' id='word_1_321' title='bbox 1974 3036 2260 3099; x_wconf 83' lang='lat' dir='ltr'><strong>criminis.</strong></span> 
     </span>
     <span class='ocr_line' id='line_1_36' title="bbox 201 3117 2263 3196; baseline 0 -18"><span class='ocrx_word' id='word_1_322' title='bbox 201 3120 300 3178; x_wconf 83' lang='lat' dir='ltr'><strong>An</strong></span> <span class='ocrx_word' id='word_1_323' title='bbox 329 3136 476 3180; x_wconf 87' lang='lat' dir='ltr'><strong>vero</strong></span> <span class='ocrx_word' id='word_1_324' title='bbox 505 3118 812 3181; x_wconf 86' lang='lat' dir='ltr'><strong>inimicum</strong></span> <span class='ocrx_word' id='word_1_325' title='bbox 853 3127 920 3181; x_wconf 89' lang='lat' dir='ltr'><strong>ut</strong></span> <span class='ocrx_word' id='word_1_326' title='bbox 957 3121 1277 3196; x_wconf 64' lang='lat' dir='ltr'><strong>expellas?</strong></span> <span class='ocrx_word' id='word_1_327' title='bbox 1321 3117 1496 3181; x_wconf 88' lang='lat' dir='ltr'><strong>cuius</strong></span> <span class='ocrx_word' id='word_1_328' title='bbox 1533 3135 1613 3180; x_wconf 86' lang='lat' dir='ltr'><strong>ex</strong></span> <span class='ocrx_word' id='word_1_329' title='bbox 1645 3119 1940 3193; x_wconf 90' lang='lat' dir='ltr'><strong>miseriis,</strong></span> <span class='ocrx_word' id='word_1_330' title='bbox 1985 3120 2039 3181; x_wconf 89' lang='lat' dir='ltr'><strong>si</strong></span> <span class='ocrx_word' id='word_1_331' title='bbox 2082 3135 2263 3180; x_wconf 91' lang='lat' dir='ltr'><strong>esses</strong></span> 
     </span>
     <span class='ocr_line' id='line_1_37' title="bbox 204 3201 2260 3279; baseline 0.001 -18"><span class='ocrx_word' id='word_1_332' title='bbox 204 3201 694 3274; x_wconf 65' lang='lat' dir='ltr'><strong>crudelissimum,</strong></span> <span class='ocrx_word' id='word_1_333' title='bbox 723 3202 992 3264; x_wconf 84' lang='lat' dir='ltr'><strong>videndo</strong></span> <span class='ocrx_word' id='word_1_334' title='bbox 1025 3205 1282 3264; x_wconf 79' lang='lat' dir='ltr'><strong>fructum</strong></span> <span class='ocrx_word' id='word_1_335' title='bbox 1310 3202 1600 3264; x_wconf 84' lang='lat' dir='ltr'><strong>maiorem</strong></span> <span class='ocrx_word' id='word_1_336' title='bbox 1635 3205 1892 3279; x_wconf 77' lang='lat' dir='ltr'><strong>caperes</strong></span> <span class='ocrx_word' id='word_1_337' title='bbox 1935 3219 2116 3276; x_wconf 86' lang='lat' dir='ltr'><strong>quam</strong></span> <span class='ocrx_word' id='word_1_338' title='bbox 2154 3218 2260 3263; x_wconf 86' lang='lat' dir='ltr'><strong>au·</strong></span> 
     </span>
     <span class='ocr_line' id='line_1_38' title="bbox 204 3283 2261 3357; baseline 0.002 -14"><span class='ocrx_word' id='word_1_339' title='bbox 204 3283 447 3348; x_wconf 87' lang='lat' dir='ltr'><strong>diendo.</strong></span> <span class='ocrx_word' id='word_1_340' title='bbox 508 3285 609 3349; x_wconf 85' lang='lat'><strong>91.</strong></span> <span class='ocrx_word' id='word_1_341' title='bbox 640 3283 689 3345; x_wconf 91' lang='grc' dir='ltr'><strong>Ο</strong></span> <span class='ocrx_word' id='word_1_342' title='bbox 718 3285 1007 3347; x_wconf 86' lang='lat' dir='ltr'><strong>miserum</strong></span> <span class='ocrx_word' id='word_1_343' title='bbox 1037 3293 1098 3347; x_wconf 88' lang='lat' dir='ltr'><strong>et</strong></span> <span class='ocrx_word' id='word_1_344' title='bbox 1124 3285 1428 3346; x_wconf 81' lang='lat' dir='ltr'><strong>infelicem</strong></span> <span class='ocrx_word' id='word_1_345' title='bbox 1456 3285 1624 3346; x_wconf 87' lang='lat' dir='ltr'><strong>illum</strong></span> <span class='ocrx_word' id='word_1_346' title='bbox 1662 3285 1854 3357; x_wconf 88' lang='lat' dir='ltr'><strong>dlem,</strong></span> <span class='ocrx_word' id='word_1_347' title='bbox 1888 3301 2010 3357; x_wconf 90' lang='lat' dir='ltr'><strong>quo</strong></span> <span class='ocrx_word' id='word_1_348' title='bbox 2046 3285 2261 3347; x_wconf 87' lang='lat' dir='ltr'><strong>consul</strong></span> 
     </span>
     <span class='ocr_line' id='line_1_39' title="bbox 201 3366 2260 3444; baseline 0.001 -18"><span class='ocrx_word' id='word_1_349' title='bbox 201 3366 485 3430; x_wconf 80' lang='lat' dir='ltr'><strong>omnibus</strong></span> <span class='ocrx_word' id='word_1_350' title='bbox 520 3366 807 3431; x_wconf 86' lang='lat' dir='ltr'><strong>centuriis</strong></span> <span class='ocrx_word' id='word_1_351' title='bbox 833 3369 896 3428; x_wconf 92' lang='lat' dir='ltr'><strong>P.</strong></span> <span class='ocrx_word' id='word_1_352' title='bbox 926 3369 1090 3431; x_wconf 81' lang='lat' dir='ltr'><strong>Sulla</strong></span> <span class='ocrx_word' id='word_1_353' title='bbox 1132 3367 1512 3430; x_wconf 88' lang='lat' dir='ltr'><strong>renuntiatus</strong></span> <span class='ocrx_word' id='word_1_354' title='bbox 1553 3377 1680 3429; x_wconf 79' lang='lat' dir='ltr'><strong>est!</strong></span> <span class='ocrx_word' id='word_1_355' title='bbox 1723 3382 1762 3427; x_wconf 92' lang='lat' dir='ltr'><strong>o</strong></span> <span class='ocrx_word' id='word_1_356' title='bbox 1803 3367 2019 3427; x_wconf 77' lang='lat' dir='ltr'><strong>falsam</strong></span> <span class='ocrx_word' id='word_1_357' title='bbox 2053 3374 2260 3444; x_wconf 71' lang='lat' dir='ltr'><strong>speml</strong></span> 
     </span>
    </p>
   </div>
  </div>
 </body>
</html>
