2459 3817
790 128 955 187 CAP.
998 136 1240 192 39—42.
1287 137 1340 197 S·
1379 136 1622 191 86—91.
2145 132 2226 197 97

177 284 397 360 nostri,
438 289 699 365 gloriae,
738 306 941 352 rerum
970 299 1283 368 gestarum
1311 300 1706 354 monumenta
1733 300 2014 355 evertere
2039 301 2229 369 atque

174 380 489 449 asportare
522 388 715 432 ausus
742 380 854 433 est.
907 373 1018 433 Est
1050 373 1332 444 sceleris,
1377 372 1546 447 quod
1571 372 1900 445 religiones
1927 371 2222 431 maximas

172 454 440 515 violavit.
499 456 611 515 Est
643 454 1032 529 crudelitatiS,
1063 454 1231 529 quod
1260 454 1642 515 innocentem
1681 453 1744 513 ln
1787 451 2122 528 hominem,
2159 452 2223 513 in

172 538 407 599 socium
430 545 698 598 vestrum
728 544 911 612 atque
939 538 1212 607 amicum,
1247 551 1470 597 novum
1497 545 1562 599 et
1601 536 1907 611 singulare
1936 535 2225 611 supplicii

172 637 367 696 genus
396 617 782 715 excogita-vit.
850 618 951 681 89.
986 619 1141 679 Illud
1168 635 1318 679 vero
1353 617 1500 694 quid
1530 617 1610 679 sit
1635 617 1756 677 iam
1784 634 1907 680 non
1938 634 2100 694 queo
2131 617 2224 679 di·

172 718 342 775 cere,
376 718 499 779 quo
528 700 772 762 nomine
801 702 1105 776 appellem
1134 702 1375 775 nescio,
1423 701 1588 776 quod
1619 700 1678 758 in
1709 701 1772 759 C.
1797 700 2066 761 Marcelli
2101 708 2222 761 sta-

170 794 292 845 tua.
341 784 495 858 Quid
524 794 619 845 est
644 785 807 844 hoc?
857 785 1235 844 Patronusne
1270 784 1439 859 quod
1467 789 1638 842 erat?
1696 783 1847 855 Quid
1887 789 2055 845 tum?
2097 798 2222 857 quo

169 868 234 927 id
260 874 536 942 spectat?
582 867 793 927 Utrum
822 882 896 926 ea
926 882 1029 927 res
1070 867 1151 926 ad
1180 882 1361 941 opem
1390 882 1468 925 an
1497 866 1578 925 ad
1609 865 2008 926 calamitatem
2037 865 2222 926 clien-

170 950 317 1009 tium
344 958 528 1024 atque
556 949 865 1023 hospitum
897 950 1107 1009 valere
1144 950 1451 1009 debebat?
1487 964 1564 1008 an
1611 955 1678 1007 ut
1705 947 1826 1006 hoc
1865 948 2224 1008 ostenderes

172 1039 383 1092 contra
407 1032 528 1091 vim
560 1040 723 1091 tuam
750 1030 812 1090 in
856 1030 1129 1106 patronis
1158 1030 1448 1106 praesidii
1487 1028 1634 1089 nihil
1675 1036 1862 1090 esse?
1923 1028 2072 1103 Quis
2099 1046 2224 1090 non

168 1114 291 1173 hoc
318 1113 695 1187 intelligeret,
727 1113 788 1171 in
814 1112 1079 1186 improbi
1111 1112 1452 1187 praesentis
1479 1110 1732 1188 imperio
1761 1112 2054 1171 maiorem
2083 1126 2226 1173 esse

145 1196 296 1254 vim
327 1210 507 1267 quam
548 1194 611 1252 in
654 1195 954 1253 bonorum
997 1194 1336 1254 absentium
1376 1194 1760 1268 patrocinio?
1824 1196 1922 1254 An
1963 1210 2110 1254 vero
2145 1210 2226 1253 ex

169 1278 295 1338 hoc
330 1275 435 1335 illa
461 1282 563 1336 tua
598 1274 923 1349 singularis
954 1274 1329 1350 significatur
1353 1275 1695 1349 insolentia,
1729 1276 2049 1351 superbia,
2081 1292 2224 1337 con-

168 1360 437 1420 tumacia
454 1364 484 1416 ν
519 1358 852 1419 Detrahere
880 1357 1167 1419 videlicet
1194 1358 1424 1433 aliquid
1453 1368 1510 1419 te
1539 1359 1618 1419 de
1647 1359 2044 1434 amplitudine
2064 1360 2222 1419 Mar-

172 1443 466 1503 cellorum
493 1442 739 1515 putasti.
810 1442 1023 1516 Itaque
1054 1456 1216 1503 nunc
1248 1441 1586 1504 Siculorum
1613 1441 1884 1502 Marcelli
1927 1458 2050 1503 non
2083 1451 2226 1503 sunt

168 1524 439 1600 patroni=
482 1520 711 1583 Verres
736 1522 799 1582 in
838 1540 1049 1585 eorum
1088 1525 1290 1585 locum
1319 1525 1682 1586 substitutus
1709 1534 1824 1586 est.
1901 1524 2002 1586 90.
2031 1526 2222 1599 Quam

168 1608 228 1667 in
258 1615 317 1668 te
341 1614 569 1667 tantam
599 1606 879 1667 virtutem
908 1622 1053 1667 esse
1090 1616 1193 1668 aut
1232 1608 1583 1683 dignitatem
1630 1609 1956 1667 arbitratus
1999 1624 2102 1679 οε,
2157 1616 2226 1666 ιιι

171 1704 463 1749 conarere
492 1686 829 1749 clientelam
856 1697 980 1749 tam
1014 1690 1391 1765 splendidae,
1421 1698 1545 1753 tam
1577 1688 1830 1749 illustris
1871 1688 2224 1762 provinciae

168 1772 486 1832 traducere
518 1771 599 1831 ad
625 1780 716 1845 te,
758 1773 1001 1832 auferre
1041 1790 1077 1831 a
1110 1772 1468 1832 certissimis
1509 1768 2076 1845 antiquissimisque
2117 1786 2223 1844 pa·

168 1854 405 1915 tronis?
452 1854 542 1914 Tu
582 1853 699 1915 ista
735 1854 1034 1929 nequitia,
1076 1852 1351 1926 stultitia,
1395 1853 1612 1913 inertia
1650 1866 1770 1912 non
1812 1853 1996 1914 modo
2039 1852 2222 1914 totius

166 1936 431 2010 Siciliae,
462 1936 575 1996 sed
602 1935 787 1996 unius
825 1934 1166 1996 tenuissimi
1196 1935 1386 1996 Siculi
1427 1935 1764 1997 clientelam
1803 1934 1957 1997 tueri
2001 1942 2225 2012 potes?

166 2020 296 2079 Tibi
336 2018 607 2080 Marcelli
660 2027 857 2079 statua
914 2035 1027 2095 pro
1078 2017 1350 2094 patibulo
1401 2018 1462 2078 in
1506 2019 1758 2080 clientes
1799 2020 2220 2081 Marcellorum

166 2102 321 2163 fuit?
354 2111 419 2163 tu
439 2118 519 2162 ex
547 2101 707 2161 illius
732 2102 967 2164 honore
996 2102 1057 2163 in
1087 2118 1197 2163 eos
1226 2103 1417 2177 ipsos,
1454 2102 1558 2177 qui
1587 2103 1879 2164 honorem
1921 2103 2003 2163 illi
2031 2104 2220 2164 habu·-

166 2194 369 2257 erant,
400 2183 701 2259 supplicia
731 2187 1117 2261 quaerebas?
1158 2186 1317 2259 Quid
1344 2192 1607 2260 postea?
1647 2186 1794 2262 quid
1827 2188 2068 2245 tandem
2100 2185 2220 2246 tuis

166 2266 385 2328 statuis
412 2268 546 2326 fore
570 2269 987 2331 arbitrabare?
1015 2274 1113 2331 An
1138 2273 1397 2341 veroid,
1415 2272 1585 2343 quod
1607 2272 1867 2333 accidit?
1895 2272 2042 2329 Nam
2059 2269 2221 2345 Tyn-

168 2349 429 2411 daritani
460 2352 717 2410 statuam
750 2349 959 2423 istius,
998 2368 1180 2427 quam
1216 2350 1334 2411 sibi
1364 2360 1618 2427 propter
1640 2350 1966 2411 Marcellos
2007 2350 2220 2411 altiore

162 2433 347 2495 etiam
376 2433 509 2493 basi
544 2435 693 2508 poni
723 2432 1013 2506 iusserat,
1056 2435 1476 2507 deturbarunt,
1526 2433 1704 2495 simul
1745 2450 1820 2493 ac
1862 2448 2220 2494 successum

158 2516 265 2577 isti
294 2516 632 2577 audierunt.
685 2516 862 2575 XLII.
920 2515 1098 2576 Dedit
1137 2516 1318 2591 igitur
1358 2516 1465 2577 tibi
1510 2534 1671 2578 nunc
1715 2519 1956 2578 fortuna
1985 2517 2219 2579 Siculo-

158 2616 297 2659 rum
327 2600 389 2659 C.
418 2598 768 2683 Marcellum
810 2598 1101 2673 iudicem,
1144 2608 1244 2672 ut,
1295 2600 1470 2660 cuius
1503 2602 1582 2661 ad
1625 2608 1882 2661 statuam
1925 2600 2111 2661 Siculi
2160 2609 2220 2661 te

158 2668 449 2759 praetore
482 2680 918 2756 adligabantur,
948 2682 1080 2743 eius
1118 2682 1412 2757 religione
1440 2691 1500 2743 te
1532 2682 1633 2743 isti
1668 2683 2010 2745 devinctum
2043 2683 2220 2743 astri-

160 2775 452 2861 ctumque
482 2766 796 2824 dedamus.
859 2763 961 2825 91.
992 2768 1085 2825 Ac
1115 2766 1332 2839 primo,
1361 2764 1615 2837 iudiceS,
1644 2764 1764 2825 hoc
1794 2766 2032 2841 signum
2061 2766 2218 2827 Mer-

160 2848 315 2909 curii
364 2847 605 2907 dicebat
644 2847 759 2908 iste
786 2848 1237 2925 Tyndaritanos
1276 2847 1357 2905 M.
1385 2812 1672 2907 Marcello
1707 2848 1848 2909 huic
1876 2850 2216 2910 Aesernino

158 2929 552 3004 vendidisse,
590 2938 775 3004 atque
804 2930 922 2990 hoc
953 2946 1067 2989 sua
1095 2945 1282 2989 causa
1311 2930 1490 2989 etiarn
1519 2930 1600 2989 M.
1629 2930 1980 2993 Marcellum
2015 2932 2218 3007 ipsum

159 3013 453 3089 sperabat
504 3028 647 3072 esse
686 3012 1015 3073 dicturum=
1074 3013 1246 3086 quod
1283 3011 1428 3071 mihi
1473 3030 1802 3088 numquam
1851 3015 1982 3075 veri
2024 3015 2218 3074 simile

156 3097 361 3156 visum
392 3102 516 3167 est,
548 3095 1001 3155 adolescentem
1032 3095 1135 3155 illo
1164 3097 1302 3156 loco
1339 3105 1574 3170 natum,
1605 3106 1924 3171 patronum
1957 3095 2216 3167 Siciliae,

156 3195 382 3240 nomen
416 3186 596 3238 suum
638 3177 740 3237 isti
779 3179 860 3239 ad
896 3175 1351 3239 translationem
1383 3178 1650 3239 criminis
1679 3178 2216 3240 commodaturum.

156 3265 389 3323 Verum
418 3269 615 3321 tamen
650 3259 734 3321 ita
762 3260 907 3321 mihi
933 3277 1037 3321 res
1079 3267 1205 3320 tota
1235 3262 1484 3334 provisa
1531 3269 1715 3335 atque
1747 3266 2078 3336 praecauta
2103 3268 2218 3333 est,

155 3356 241 3416 ιιι,
278 3343 332 3403 si
363 3344 623 3403 maxime
659 3352 833 3480 {esset
860 3343 1165 3419 inventUS,
1210 3342 1315 3416 qui
1345 3342 1406 3403 in
1437 3360 1506 3403 se
1536 3343 1854 3483 suscipere
1881 3339 2059 3403 istius
2093 3342 2215 3404 cul-
2277 3403 2286 3407 .

276 3436 390 3482 cic.
427 3436 607 3480 οιιΑτ.
688 3463 704 3479 .
