2459 3817
750 505 839 590 M·
896 508 1169 590 TULLII
1222 501 1646 590 CICERONIS

414 650 662 748 PRO
752 651 839 749 P.
929 649 1348 747 Sl-JLLA
1437 641 1938 744 ORATIO

936 775 1422 862 Autumnus,

847 981 1514 1044 ARGUMENTUM.

297 1099 354 1150 P.
392 1096 649 1148 Cornelius
684 1097 846 1161 Sulla,
880 1099 967 1160 qui
1000 1098 1241 1147 dictatore
1273 1099 1333 1148 L.
1371 1097 1601 1146 Cornelio
1634 1095 1776 1145 Sulla
1820 1095 2105 1160 propinquo
2133 1112 2228 1146 suo

162 1182 269 1216 rem
313 1167 613 1216 familiarem
658 1167 931 1216 admodum
978 1173 1213 1225 auxerat,
1251 1180 1354 1228 qna
1395 1166 1458 1214 de
1491 1180 1547 1214 re
1584 1166 1699 1214 vide
1743 1163 1999 1214 Ciceronis
2039 1166 2124 1215 lib.
2165 1167 2229 1215 de

160 1235 343 1298 officiis
371 1235 435 1288 11.
474 1249 582 1299 cap.
614 1231 664 1286 8.
696 1232 870 1294 s.29.,
904 1247 1035 1283 anno
1072 1247 1126 1298 p.
1146 1249 1196 1282 u.
1222 1251 1267 1287 c.
1300 1230 1422 1286 688.
1443 1248 1546 1282 una
1575 1246 1688 1282 cum
1720 1235 1776 1283 Ρ.
1799 1233 2046 1283 Autronio
2076 1235 2228 1283 Paeto

160 1302 337 1352 consul
376 1310 481 1353 erat
511 1303 805 1368 designatus
836 1304 889 1352 in
921 1316 1107 1351 annum
1140 1311 1452 1364 sequentem.
1523 1300 1625 1351 Sed
1655 1316 1810 1364 quum
1840 1316 1870 1350 a
1893 1301 1951 1354 L.
1976 1303 2229 1366 Torquato

158 1371 266 1420 filio
299 1372 531 1421 consules
564 1372 818 1436 designati
855 1373 1003 1420 ambo
1046 1373 1270 1421 accusati
1303 1379 1352 1420 et
1380 1371 1698 1421 condemnati
1733 1378 1930 1430 essent,
1969 1371 2022 1419 in
2055 1385 2224 1420 eorum

160 1440 275 1489 loco
315 1440 378 1492 L.
416 1439 698 1502 Torquatus
741 1448 885 1506 pater
918 1447 968 1489 et
998 1441 1057 1492 L.
1092 1439 1231 1489 Cotta
1262 1455 1394 1489 anno
1430 1455 1485 1503 p.
1520 1455 1572 1488 n.
1607 1455 1651 1489 c.
1685 1437 1808 1492 689.
1843 1439 2078 1488 consules
2109 1440 2226 1489 sacti

159 1515 295 1561 sunt.
366 1507 440 1557 Eo
474 1517 701 1574 tempore
742 1510 799 1558 P.
831 1507 975 1559 Sulla
1016 1519 1066 1557 et
1094 1511 1150 1559 P.
1188 1509 1468 1558 Autronius
1524 1523 1637 1557 cum
1676 1509 1734 1560 L.
1772 1507 1985 1557 Catilina
2018 1510 2230 1570 eiusque

160 1577 313 1625 sociis
344 1578 665 1642 conspirasse
704 1578 1028 1637 dicebantur,
1066 1585 1121 1627 ut
1151 1577 1429 1627 interfectis
1465 1577 1705 1626 Kalendis
1733 1578 1981 1626 Ianuariis
2011 1576 2068 1626 L.
2104 1577 2230 1625 Tor-

158 1651 314 1706 quato
345 1653 393 1694 et
424 1645 482 1694 L.
524 1645 672 1694 Cotta
704 1647 996 1695 consulibus
1022 1660 1187 1694 rernm
1221 1647 1516 1712 potirentur,
1537 1646 1734 1706 sibique
1765 1647 1864 1709 ipsi
1893 1645 2230 1706 consulerent,

160 1713 277 1760 vide
310 1712 533 1762 Cassium
562 1713 769 1762 Dionem
814 1714 905 1766 lib.
943 1712 1180 1762 XXXVI.
1219 1729 1335 1776 cap.
1371 1711 1457 1765 44.
1533 1715 1668 1761 Livii
1700 1715 1818 1774 epit.
1851 1711 1970 1764 101.
2026 1711 2227 1760 Sueten.

158 1780 309 1828 Gaea.
345 1795 461 1843 cap.
491 1779 544 1830 9.
579 1781 643 1828 cl.
692 1781 789 1828 hac
824 1782 938 1845 ipsa
966 1783 1195 1830 oratione
1226 1797 1341 1844 cap.
1374 1779 1462 1830 24.
1494 1782 1545 1840 S.
1578 1777 1646 1831 67
1686 1794 1765 1840 sq.
1835 1781 1998 1827 Etiam
2035 1788 2230 1844 postea,

160 1861 315 1909 quum
354 1849 409 1896 P.
444 1847 594 1896 Sulla=
612 1847 875 1911 Neapolim
920 1864 976 1898 se
1017 1849 1321 1913 recepisset,
1364 1855 1530 1896 tamen
1570 1854 1620 1896 et
1655 1848 1845 1896 Romae
1888 1860 2041 1909 saepe
2089 1848 2229 1894 visus

160 1929 276 1964 esse
318 1922 367 1963 et
420 1915 817 1964 coniurationem
868 1915 1207 1965 Catilinariam
1247 1930 1378 1964 anno
1415 1930 1470 1978 p.
1518 1931 1570 1964 u.
1607 1930 1652 1963 c.
1697 1911 1818 1967 691.
1859 1913 2042 1962 factam
2093 1913 2229 1963 haud

161 1985 374 2034 obscure
406 1984 663 2032 adiuvisse
683 1984 957 2044 dicebatur,
988 1984 1103 2033 vide
1118 1983 1349 2034 Sallustii
1365 1983 1510 2037 catil.
1534 1997 1643 2046 cap.
1664 1979 1748 2034 17.
1775 1983 1844 2034 Α.
1866 1983 2006 2031 Flor.
2033 1983 2124 2034 lib.
2139 1983 2226 2030 IV.

161 2065 274 2114 cap.
318 2049 368 2098 1.
443 2051 606 2108 Quam
642 2051 705 2100 ob
748 2066 855 2099 rem
902 2067 1055 2114 quum
1085 2053 1145 2102 L.
1186 2051 1398 2101 Catilina
1430 2067 1542 2100 cum
1577 2051 1797 2100 maxima
1836 2055 1982 2114 parte
2022 2065 2228 2098 suorum

160 2133 340 2185 pugna
374 2119 673 2185 cecidisset,
741 2120 891 2169 ceteri
921 2127 1085 2169 autem
1117 2121 1368 2170 coniurati
1386 2121 1618 2184 dissipati
1647 2127 1836 2184 essent,
1868 2119 2001 2168 idem
2022 2119 2083 2171 L.
2104 2119 2230 2167 Tor-

162 2195 346 2249 quatus
405 2187 569 2245 filius,
637 2189 721 2250 qui
758 2189 813 2239 P.
863 2186 1055 2237 Sullam
1103 2188 1203 2237 iam
1253 2197 1402 2238 antea
1437 2189 1502 2238 de
1547 2189 1738 2238 ambitu
1788 2187 2230 2251 condemnaverat,

161 2255 421 2304 accusavit
468 2256 621 2305 etiam
658 2257 721 2306 de
755 2259 807 2304 vi
843 2256 957 2322 lege
991 2257 1185 2306 Plautia
1220 2256 1283 2310 D.
1322 2257 1462 2306 Innio
1499 2255 1672 2306 Silano
1707 2257 1766 2304 L.
1805 2257 2016 2304 Murena
2049 2269 2228 2303 eonsu-

160 2324 298 2372 libus
332 2337 465 2372 anno
493 2338 547 2387 p.
584 2339 637 2372 n.
678 2341 722 2375 c.
759 2321 911 2382 692„
956 2325 1072 2375 vide
1106 2323 1273 2374 Senot.
1312 2325 1445 2375 Bob.
1489 2325 1555 2374 ad
1587 2325 1717 2373 hanc
1751 2325 1916 2388 ipsam
1955 2325 2228 2372 orationem

165 2404 281 2455 cap.
328 2389 417 2442 33.
472 2406 525 2454 p.
560 2389 692 2452 368,
740 2389 825 2443 32.
864 2393 995 2443 Bait.
1042 2392 1109 2446 cl.
1148 2393 1579 2442 Pseudosallustio
1613 2395 1666 2441 in
1699 2393 1979 2442 Ciceronem
2026 2405 2137 2454 cap.
2173 2389 2226 2440 2.

160 2457 508 2509 Defenderam
541 2461 597 2510 P.
636 2457 829 2509 Sullam
866 2461 925 2519 Q.
964 2461 1257 2510 Hortensius
1293 2469 1343 2510 et
1370 2461 1436 2513 M.
1469 2460 1660 2521 Cicero,
1700 2475 1914 2522 quorum
1933 2458 2227 2508 Hortensius

168 2544 227 2579 ea
266 2528 477 2576 crimina
510 2526 790 2577 refellenda
825 2537 1147 2593 susceperat,
1181 2530 1364 2591 quibus
1402 2530 1659 2578 dicebatur
1692 2530 1748 2580 P.
1781 2527 1919 2576 Sulla
1955 2529 2008 2575 iu
2043 2528 2228 2591 prima,

164 2609 299 2659 quae
324 2596 525 2656 dicitur,
551 2597 891 2646 coniuratione
908 2596 1201 2646 Catilinaria
1218 2612 1351 2647 anno
1378 2613 1432 2662 p.
1448 2613 1500 2646 u.
1517 2614 1560 2646 c.
1575 2594 1694 2648 689.
1714 2595 1845 2645 facta
1855 2597 2020 2644 socius
2047 2594 2228 2652 fuisse,

163 2664 253 2712 hic
288 2665 516 2724 crimina,
552 2680 679 2727 quae
712 2666 775 2714 de
812 2665 971 2716 altera
996 2667 1342 2715 coniuratione
1372 2665 1660 2715 Catilium-ia
1701 2664 1836 2712 facta
1868 2674 2008 2711 erant
2029 2664 2084 2714 P.
2113 2661 2228 2710 Sul-

161 2731 261 2789 lae,
301 2732 573 2782 defendere
605 2734 835 2784 debebat.
900 2735 957 2782 In
990 2749 1050 2782 eo
1080 2735 1233 2798 igitur
1262 2734 1586 2797 potissimum
1605 2732 1676 2784 M.
1701 2730 1874 2780 Cicero
1899 2731 1950 2780 in
1987 2745 2066 2791 ea,
2098 2745 2230 2792 qnae

161 2799 297 2849 infra
327 2799 540 2864 legitur,
590 2801 815 2850 oratione
845 2815 1050 2865 operam
1085 2815 1230 2850 suam
1262 2803 1452 2865 posuit.
1521 2803 1580 2855 Ρ.
1612 2808 1781 2849 autem
1807 2797 2000 2848 Sullam
2034 2805 2229 2848 constat

166 2881 198 2916 a
227 2868 480 2918 iudicibus
510 2868 798 2918 absolutum
834 2883 965 2920 esse.

336 2999 383 3057 I.
428 2998 485 3058 1.
526 2961 804 3060 Maxime
834 3002 1071 3074 vellem,
1094 2999 1350 3074 iudiceS,
1378 3007 1446 3061 ut
1461 3001 1524 3060 P.
1550 3001 1718 3060 Sulla
1738 3007 1800 3060 et
1829 3008 2006 3061 antea
2037 2997 2224 3075 digni·

168 3079 313 3142 tatis
342 3098 494 3142 suae
525 3083 914 3156 splendorem
942 3084 1214 3144 obtinere
1242 3091 1304 3144 et
1326 3092 1469 3158 post
1490 3083 1884 3145 calamitatem
1915 3092 2229 3158 acceptam

170 3165 509 3226 modestiae
535 3167 792 3226 fructum
819 3165 1083 3242 aliquem
1107 3165 1426 3242 percipere
1449 3166 1778 3242 potuisset:
1807 3166 1920 3226 sed
1945 3163 2228 3240 quoniam

172 3250 254 3306 ita
295 3247 427 3308 tulit
466 3265 647 3309 casus
690 3248 976 3321 infestuS,
1033 3258 1097 3310 ut
1172 3254 1236 3307 et
1301 3243 1678 3321 amplissimo
1739 3246 1977 3308 honore
2045 3262 2230 3320 quum

174 3331 478 3391 communi
539 3331 885 3459 aminlionis
936 3332 1163 3392 invidia
1212 3341 1336 3392 tum
1396 3331 1681 3406 singulari
1743 3327 2026 3462 Airtronii
2087 3326 2234 3388 odio

258 3417 379 3459 cic.
430 3417 614 3462 onam.
736 3449 748 3460 .
