2459 3817
0 0 2459 35 ..ἡ

818 150 981 218 CAP'.
1017 166 1207 219 1—2.
1249 164 1299 223 s.
1335 169 1362 220 1
1383 190 1441 205 -
1470 168 1524 219 ⁵.
2080 158 2202 223 185

148 324 276 369 rem
308 316 759 383 statueremque
792 308 936 367 nihil
968 307 1087 367 huc
1119 304 1238 367 nisi
1271 308 1606 382 perrectum
1639 308 1902 384 ingenio,
1931 310 2204 370 elabora—

148 398 273 451 tum
310 388 607 450 industria
647 390 871 450 adferri
905 398 1223 465 oportere,
1269 402 1448 451 omne
1475 404 1678 452 meum
1703 400 1946 467 ternpus
1981 390 2204 453 amico-

146 490 282 533 rum
326 472 698 547 temporibus
745 472 1268 534 transmittendum
1313 472 1542 547 putavi.
1606 474 1663 535 2,
1721 475 1810 534 lta
1853 488 2058 549 neque
2102 474 2202 534 hic

146 558 323 616 locus
361 570 595 615 vacuus
635 570 923 630 umquam
966 553 1075 615 luit
1110 556 1187 615 ab
1227 554 1333 626 iis,
1365 555 1470 630 qui
1512 565 1773 617 vestram
1815 572 2064 617 causam
2099 558 2202 617 de-

144 640 490 711 fenderent,
535 646 595 698 et
632 652 811 700 meus
850 639 1027 699 labor
1064 638 1124 699 in
1163 637 1538 713 privatorum
1579 638 1869 715 periculis
1905 648 2074 701 caste
2114 639 2200 699 in-

143 730 437 795 tegi-eque
496 716 774 781 versatus
826 736 910 781 ex
960 728 1169 782 vestro
1222 720 1447 781 iudicio
1501 722 1760 783 fructum
1811 730 1908 783 est
1949 721 2198 797 amplis-

144 802 361 865 simum
393 812 783 865 consecutus.
840 804 1009 865 Nam-
1006 819 1209 879 -quum
1251 813 1498 878 propter
1534 802 1900 865 dilationem·
1927 804 2200 866 comitio-

144 902 274 947 rum
314 896 407 947 ter
428 894 678 961 praeter
708 886 955 962 primus
996 885 1284 947 centuriis
1325 885 1563 947 cunctis
1611 886 1992 947 renuntiatus
2047 904 2201 960 sum,

144 968 321 1030 facile
362 965 631 1051 intellexi
644 964 664 1040 ,‘
703 968 996 1043 Quirites,
1038 977 1099 1030 et
1118 1002 1121 1005 ·
1140 967 1292 1044 quid
1329 970 1410 1029 de
1443 975 1540 1029 me
1583 968 1932 1031 iudicaretis
1959 976 2024 1029 et
2055 968 2200 1043 quid

140 1050 279 1111 aliis
307 1051 822 1127 praescriberetis.
872 1053 1043 1111 Nunc
1073 1068 1260 1127 quum
1290 1059 1351 1111 et
1375 1050 1755 1112 auctoritatis
1768 1050 1835 1111 in
1855 1066 1954 1111 me
1973 1060 2202 1111 tuntum

140 1133 252 1207 sit,
283 1142 575 1209 quantum
602 1150 719 1194 ves
755 1133 1091 1195 honoribus
1126 1134 1488 1193 mandandis
1519 1148 1666 1194 esse
1694 1132 2005 1207 voluistis,
2035 1141 2098 1194 et
2123 1134 2202 1193 ad

142 1218 447 1291 agendum
486 1215 791 1276 facultatis·
818 1224 1077 1287 tentum,
1118 1225 1413 1297 quantum
1443 1215 1671 1275 homini
1701 1215 1969 1291 vigilanti
2003 1231 2083 1277 ex
2113 1218 2200 1275 to-

139 1296 311 1357 rensi
350 1314 469 1357 usu
511 1308 705 1371 prope
732 1296 1036 1358 cotidiana
1062 1261 1330 1358 ’dicendi
1338 1297 1687 1359 exercitatio
1719 1300 1914 1373 potuit
1941 1300 2201 1370 adferre,

143 1386 310 1441 certae
348 1386 407 1440 et
441 1378 500 1440 si
544 1380 693 1455 quid
726 1378 1119 1441 auctoritatis
1134 1379 1206 1439 in
1251 1394 1350 1439 me
1389 1390 1513 1451 est,
1561 1382 1728 1454 apud
1750 1397 1868 1445 eos
1895 1390 2058 1453 utar,
2097 1382 2202 1456 qui

139 1475 277 1523 eum
317 1462 462 1522 mihi
478 1463 817 1547 dederunt,
859 1472 928 1523 et
948 1461 1003 1523 si
1033 1462 1225 1538 quid
1208 1480 1270 1522 m
1301 1463 1562 1523 dicendo
1595 1464 1894 1539 consequi
1927 1479 2204 1539 possum,

18 1576 26 1583 ·
140 1542 216 1606 iis
244 1546 563 1607 ostendam
598 1544 979 1620 potissimum
997 1590 1015 1619 ,
1057 1544 1163 1619 qui
1189 1545 1248 1604 ei
1281 1560 1536 1619 quoque·
1560 1545 1650 1605 rei
1682 1547 1940 1607 fluctum
1969 1562 2084 1609 suo
2109 1546 2200 1607 ‹iu—

144 1626 303 1689 :iicio
344 1626 730 1690 tribuendum
770 1642 915 1689 esse
954 1628 1273 1689 duxerunt.
1327 1626 1390 1689 3.
1443 1630 1648 1703 Atque
1687 1628 1836 1691 illud
1871 1628 1940 1688 in
1989 1629 2202 1705 primis

139 1710 284 1771 mihi
322 1712 675 1791 laetandum
710 1711 841 1771 iure
876 1724 1026 1771 esse
1062 1709 1246 1771 video
1263 1756 1280 1783 ,
1313 1712 1494 1784 quod
1534 1710 1597 1769 ιιι
1635 1711 1752 1771 hac
1783 1710 2028 1772 insolita
2053 1710 2200 1771 mihi

136 1810 217 1855 ex
258 1794 377 1855 hoc
417 1794 554 1855 loco
582 1788 831 1855 ‘ratione
869 1792 1112 1853 dIcendi
1153 1810 1343 1854 causa
1385 1792 1526 1853 talis
1561 1793 1770 1856 oblata
1809 1801 1934 1864 est,
1984 1796 2044 1853 in
2076 1810 2200 1869 qua

136 1876 331 1937 oratio
359 1876 586 1937 >deesse
614 1875 837 1936 nemin-:i
865 1875 1086 1950 possit.
1126 1875 1462 1937 Dicendum
1489 1883 1592 1936 est
1619 1874 1778 1937 eni-m
1799 1877 1878 1937 de
1899 1875 2004 1935 Cn.
2026 1877 2197 1937 Pom-

136 1958 262 2034 peii
295 1957 585 2033 singulari
615 1958 958 2033 eximiaque
984 1956 1237 2019 virtutes
1278 1958 1460 2018 huius
1487 1965 1690 2019 autem
1716 1958 2011 2020 orationis
2041 1958 2198 2019 diffi-

136 2040 317 2101 cilius
357 2050 454 2101 est
496 2040 723 2101 exitum
754 2057 939 2115 quam
972 2040 1342 2115 principium
1389 2038 1700 2101 inuenire.¹
1757 2042 1843 2102 Ita
1889 2040 2032 2102 mihi
2073 2058 2198 2103 non

138 2133 258 2183 tam
291 2124 470 2199 cepia
501 2140 683 2199 quam
715 2123 935 2185 modus
970 2122 1033 2182 ιιι·
1064 2121 1326 2183 dicendo
1358 2124 1748 2198 quaerendus
1783 2132 1896 2185 est.

306 2206 377 2265 ΙΙ.
412 2204 474 2267 4.
530 2207 734 2283 Atque
761 2214 829 2267 ut
846 2204 991 2267 iude
1014 2205 1207 2269 oratio
1230 2222 1368 2267 mea
1390 2204 1832 2281 proficiscatur,
1858 2208 2026 2267 >unde
2045 2207 2199 2267 haec

136 2288 337 2351 omnis
384 2304 571 2351 causa
616 2290 884 2362 ducitur,
920 2289 1147 2349 ‘bellum
1194 2304 1382 2363 grave
1421 2298 1483 2349 et
1522 2286 1932 2363 'periculosum
1965 2289 2198 2350 vestris

137 2371 537 2447 vectigalibus
578 2388 653 2433 ac
698 2372 887 2433 sociis
924 2387 965 2431 a
998 2372 1245 2433 duobus
1268 2370 1710 2447 potentissimis
1739 2370 1986 2446 reg-ibus
2015 2372 2196 2431 infer-

138 2464 263 2526 tur;
289 2454 637 2516 Mithridate
670 2464 731 2516 et
755 2455 1032 2530 Tigrane,
1054 2470 1322 2531 quorum
1350 2455 1503 2515 alter
1522 2452 1793 2527 relictus,
1823 2456 1976 2514 alter
2003 2455 2195 2515 laces·

136 2536 291 2599 situs
332 2536 722 2599 occasionem
762 2537 881 2599 sibi
920 2536 1000 2597 ad
1044 2538 1466 2612 occupandam
1493 2536 1724 2599 Asiam
1747 2500 2010 2598 {blatam
2053 2554 2196 2599 esse

135 2620 519 2681 arbitrantur.
580 2614 903 2697 Equitibus
940 2617 1260 2691 Romanis,
1309 2618 1758 2681 honestissimis
1803 2618 1979 2691 viris,
2025 2622 2196 2681 adfe-

136 2712 346 2765 runtur
388 2718 467 2763 ex
496 2702 649 2764 Asia
678 2702 905 2764 cotidie
930 2702 1191 2777 litterae,
1209 2716 1493 2789 quorum
1518 2717 1778 2775 mag-nae
1805 2718 1906 2763 res
1938 2714 2196 2778 aguntur

136 2784 199 2845 in
229 2786 453 2847 vestris
484 2786 881 2862 vectigalibus
911 2784 1274 2847 exercendis
1305 2784 1673 2861 occupatam
1715 2784 1820 2859 qui
1847 2786 1926 2845 ad
1953 2799 2054 2847 me
2079 2802 2194 2862 pro

136 2868 627 2942 necessitudine,
668 2882 828 2945 quae
867 2867 1013 2928 mihi
1044 2876 1149 2929 est
1190 2882 1331 2928 cum
1367 2868 1474 2930 ilio
1518 2866 1764 2940 ordine,
1815 2883 2062 2929 causam
2106 2868 2194 2929 rei

138 2952 420 3028 publicae
472 2951 865 3027 periculaque
904 2948 1107 3011 rerum
1146 2964 1393 3011 suarum
1426 2950 1806 3013 ·detulerunt=
1867 2948 1926 3011 5.
1983 2952 2190 3029 Bithy·

134 3034 303 3109 niae,
348 3050 509 3110 quae
546 3048 715 3095 nunc
754 3041 959 3095 vestra
1000 3032 1316 3109 provincia
1355 3040 1478 3105 est,
1501 3032 1702 3093 ‘vicos
1749 3040 2005 3094 exustos
2051 3050 2194 3093 esse

136 3118 515 3193 complut-est
546 3128 798 3191 reguum
823 3114 1272 3213 Ariobarzanis,
1303 3078 1478 3191 quod,
1505 3113 1822 3176 finitimum
1847 3124 1944 3177 est
1965 3115 2192 3177 vestris

137 3201 557 3277 vectigalibus,
569 3208 765 3261 totum
784 3199 1000 3260 essein·
1012 3198 1286 3260 hostium
1300 3204 1638 3289 potestates
1659 3200 1726 3258 L.
1744 3199 2058 3257 Lucullum
2073 3212 2193 3254 ma·

134 3284 272 3361 gnis
300 3284 485 3345 rebus
508 3280 699 3357 gestis
728 3283 803 3342 ab
836 3296 914 3342 eo
942 3279 1103 3342 bello
1126 3281 1488 3341 discedere·
1497 3278 1676 3341 huic
1689 3278 1803 3355 qui
1819 3275 2193 3337 successerit

134 3384 258 3429 non
291 3366 439 3427 satis
475 3380 619 3425 esse
661 3369 937 3440 paratum
980 3366 1058 3423 ud
1102 3370 1331 3423 tantum
1371 3364 1592 3423 bellum
1621 3358 2191 3425 administrandum
