2459 3817
752 159 933 226 ΟΜ).
951 164 1025 227 26
1040 192 1111 207 --
1128 168 1216 225 29.
1263 164 1316 230 S.
1337 168 1408 225 65
1423 193 1498 207 -
1513 163 1603 224 72.
2075 156 2200 223 243

110 314 229 380 tibi
250 315 491 379 obiecta
512 312 595 377 sit
614 312 859 395 species
881 310 1205 391 singularis
1226 312 1361 389 viri,
1384 310 1764 389 perterritum
1787 316 1846 373 te
1869 310 1948 373 de
1973 324 2192 374 somno

110 399 405 472 excitari,
439 401 639 461 furere
668 399 850 460 etiam
872 414 1065 474 saepe
1091 397 1460 473 vigilantem.
1547 396 1648 459 69.
1674 397 1773 457 Me
1805 394 2052 471 quidem
2083 394 2192 455 mi-

114 492 287 545 seret
312 482 609 559 parietum
642 482 920 558 ipsorum
947 490 1134 557 atque
1162 487 1476 542 tectorum.
1525 480 1682 555 Quid
1713 478 1874 540 enim
1903 494 2192 553 umquam

115 568 346 628 demus
382 566 487 627 illa
529 564 769 626 viderat
813 562 934 626 nisi
958 563 1298 641 pudicum?
1336 562 1488 640 quid
1514 563 1632 624 nisi
1663 578 1743 623 ex
1765 562 1994 639 optimo
2023 576 2196 624 more

114 657 181 710 et
219 646 609 710 sanctissima
661 646 1030 724 disciplina?
1073 646 1212 708 Fuit
1253 644 1416 707 enim
1463 646 1568 707 ille
1608 645 1733 719 vir,
1784 653 1992 722 patres
2047 661 2194 707 con-

116 731 365 807 scripti,
382 730 564 793 sicuti
577 730 791 805 scitis,
816 746 1005 808 quum
1037 730 1189 791 ioris
1220 730 1422 791 clarus
1449 736 1578 790 tum
1604 728 1774 791 domi
1795 730 2193 791 admirandus

116 830 328 890 neque
367 816 554 877 rebus
590 816 862 877 externis
900 814 1095 889 magis
1136 813 1482 874 laudandus
1523 828 1706 887 quarn
1745 812 2037 873 institutis
2083 814 2192 873 do-

115 896 423 960 mesticis=
452 899 633 960 huius
653 899 717 957 in
746 897 1001 959 sedibus
1028 912 1145 971 pro
1166 894 1465 957 cubiculis
1490 895 1746 968 stabula,
1781 910 1896 971 pro
1921 894 2196 955 tricliniis

118 981 395 1057 popinae
425 990 587 1043 sunt.
646 980 781 1042 Etsi
809 980 929 1041 iam
959 986 1160 1055 negat.
1245 977 1446 1039 Nolite
1484 992 1800 1054 quaerere.
1885 976 2066 1051 Frugi
2109 979 2196 1038 t‘a-

118 1072 258 1125 ctus
300 1072 415 1125 est.
498 1066 669 1125 Illam
712 1078 887 1123 suam
912 1078 1059 1123 suas
1086 1077 1191 1123 res
1221 1060 1341 1123 sibi
1367 1061 1596 1123 habere
1621 1060 1820 1135 iussit,
1849 1076 1930 1123 ex
1959 1061 2194 1122 duode-

120 1146 243 1207 cim
286 1145 514 1207 tahulis
554 1148 765 1207 claves
794 1144 1052 1218 ademit,
1096 1143 1320 1221 exegit.
1419 1144 1611 1220 Quam
1654 1160 1838 1220 porro
1881 1151 2196 1220 spectatus

118 1228 297 1303 civis,
328 1244 510 1303 quam
537 1228 863 1308 probatus!
900 1228 1075 1289 cuius
1110 1243 1191 1288 ex
1218 1225 1382 1289 omni
1415 1228 1538 1289 vita
1571 1227 1730 1289 nihil
1746 1236 1844 1290 est
1870 1226 2194 1289 honestius

119 1326 309 1389 quam
339 1313 505 1387 quod
535 1327 675 1374 cum
702 1311 885 1375 mima
912 1310 1056 1373 fecit
1082 1310 1433 1372 divortium.
1521 1308 1622 1373 70.
1657 1313 1740 1373 At
1763 1326 1947 1388 quam
1976 1310 2194 1371 erebro

31 1400 33 1403 ’
117 1403 415 1471 usurpat:
454 1404 515 1457 et
544 1400 753 1459 con-ml
780 1402 843 1458 et
874 1393 1207 1457 Antonius?
1246 1395 1368 1457 hoc
1407 1403 1504 1457 est
1531 1394 1769 1470 dicere,
1803 1404 1865 1457 et
1895 1394 2200 1455 consulet

118 1478 679 1553 impudicissimae,
730 1486 794 1541 et
824 1480 1041 1541 consul
1072 1478 1344 1540 ethome
1372 1477 1811 1554 nequissimus.
1900 1475 2058 1552 Quid
2101 1484 2200 1537 est

120 1562 290 1624 enim
311 1561 476 1624 aliud
490 1561 840 1625 Antonius?
863 1562 1014 1625 Nam
1028 1562 1083 1623 si
1104 1562 1370 1638 dignitas
1383 1560 1826 1637 significaretur
1845 1562 1906 1621 in
1933 1560 2195 1633 nomine,

121 1644 410 1721 dixisset,
436 1648 649 1719 credo,
680 1645 1015 1721 aliquando
1078 1662 1236 1707 avus
1261 1653 1404 1706 tuus
1434 1662 1504 1705 se
1545 1653 1607 1705 et
1637 1645 1954 1705 consulem
1985 1652 2046 1704 et
2070 1646 2197 1703 An-

120 1728 377 1788 tonium.
460 1728 803 1802 Numquam
833 1729 1003 1787 dixit·
1090 1726 1366 1788 Dixisset
1391 1726 1571 1789 etiam
1603 1728 1841 1803 collega
1865 1742 2060 1801 meus,
2090 1743 2197 1802 pa·

122 1818 295 1871 truus
316 1817 490 1885 tuus,
542 1809 665 1871 nisi
694 1812 747 1871 si
778 1818 845 1871 tu
871 1825 943 1871 es
974 1811 1148 1872 solus
1168 1807 1494 1870 Antonius.
1565 1808 1690 1870 Sed
1721 1809 1929 1871 omitto
1950 1825 2026 1870 ea
2057 1824 2199 1885 pec·

127 1901 294 1967 cata,
338 1908 501 1968 quae
540 1908 665 1954 non
700 1901 843 1954 sunt
869 1908 1079 1954 earum
1106 1892 1369 1968 partium
1406 1894 1682 1969 propria,
1722 1892 1948 1969 quibus
1975 1901 2038 1953 tu
2068 1906 2199 1953 rem

127 1974 433 2051 publicam
463 1974 793 2039 vexavisti=
831 1978 911 2037 ad
943 1978 1117 2052 ipsas
1145 1984 1284 2036 tuas
1315 1985 1522 2050 partes
1549 1978 1758 2050 rede0,
1789 1977 1853 2035 id
1881 1985 1976 2037 est
2001 1977 2082 2037 ad
2116 1977 2199 2036 ci-

125 2057 249 2120 vile
268 2058 512 2132 bellum,
548 2060 722 2135 quod
742 2066 967 2133 natum,
989 2056 1338 2134 conflatum,
1367 2068 1722 2135 susceptum
1747 2075 1936 2134 opera
1958 2067 2062 2120 tua
2083 2068 2198 2120 est.

248 2140 455 2203 XXIX.
500 2138 603 2205 71.
642 2141 750 2204 Cui
790 2143 952 2203 bello
984 2159 1169 2218 quum
1200 2150 1452 2217 propter
1469 2142 1844 2205 timiditatem
1879 2151 2043 2204 tuam
2073 2149 2200 2204 tum

128 2232 381 2301 propter
426 2223 709 2287 libidines
750 2224 1043 2287 defuisti?
1080 2226 1376 2287 Gustaras
1419 2224 1660 2287 civilem
1702 2226 2060 2300 sanguinem
2099 2226 2200 2286 vel

127 2306 333 2383 potius
366 2308 777 2371 exsorbueras
804 2330 820 2365 ε
850 2310 1056 2371 fueras
1096 2308 1158 2369 in
1180 2309 1316 2370 acie
1351 2308 1701 2370 Pharsalica
1727 2310 2164 2385 antesignanus
2181 2330 2200 2364 e

132 2392 197 2451 L.
226 2388 570 2465 Domitium,
598 2390 1005 2455 clarissimum
1037 2400 1101 2453 et
1127 2390 1574 2455 nobilissimum
1605 2392 1820 2468 virum,
1856 2392 2199 2467 occideras,

130 2474 479 2550 multosque
507 2483 823 2549 praeterea
836 2522 855 2550 ‚
891 2474 999 2552 qui
1030 2490 1069 2535 e
1100 2474 1338 2550 proelio
1369 2474 1727 2551 effugerant,
1760 2492 1918 2552 quos
1955 2477 2201 2549 Caesar,

128 2565 197 2619 ut
234 2574 357 2618 non
389 2558 623 2633 nullos,
664 2560 931 2623 fortasse
971 2566 1319 2634 servasset,
1363 2558 1786 2621 crudelissime
1833 2567 2200 2635 persecutus

127 2639 485 2702 trucidaras.
584 2639 817 2716 Quibus
872 2642 1062 2704 rebus
1118 2642 1302 2703 tantis
1356 2640 1579 2703 talibus
1636 2640 1828 2717 gestis
1886 2640 2034 2715 quid
2087 2640 2202 2701 fuit

132 2738 358 2784 causae
378 2739 497 2785 cur
526 2724 587 2785 in
621 2726 890 2787 Africam
920 2727 1242 2787 Caesarem
1271 2740 1394 2785 non
1424 2739 1774 2799 sequerere,
1807 2738 1994 2797 quum
2021 2736 2200 2798 prae-

132 2805 338 2868 sertim
379 2806 523 2866 belli
562 2822 708 2882 pars
745 2817 911 2869 tanta
948 2813 1255 2869 restaret?
1297 2808 1510 2881 Itaque
1562 2822 1746 2881 quem
1784 2806 1986 2868 locum
2030 2806 2200 2883 apud

130 2890 334 2967 ipsum
358 2889 679 2949 Caesarem
711 2899 855 2965 post
886 2890 1021 2951 eius
1050 2905 1130 2949 ex
1158 2886 1369 2949 Africa
1393 2890 1654 2950 reditum
1684 2887 2041 2950 obtinuisti?
2073 2905 2198 2964 quo

130 2987 381 3035 numero
411 2970 621 3033 fuisti?
654 2972 837 3035 Cuius
858 2982 925 3033 tu
953 2972 1340 3046 imperatoris
1369 2982 1664 3047 quaestor
1686 2974 1912 3047 fueraS,
1947 2971 2199 3034 dictato-

134 3056 219 3117 ris
244 3054 532 3130 magister
554 3055 844 3131 equitum,
861 3056 1003 3118 belli
1032 3054 1342 3130 princeps,
1365 3054 1741 3123 crudelitatis
1763 3064 1994 3127 auctor,
2023 3070 2199 3131 prae·

137 3140 249 3198 dae
276 3138 515 3212 sociuS‚
542 3147 932 3212 testamento,
964 3146 1031 3199 ut
1059 3138 1310 3199 dicebas
1344 3138 1512 3215 ipse,
1534 3140 1716 3213 filius,
1751 3140 2094 3214 appellatus
2127 3152 2198 3199 es

138 3222 216 3280 de
247 3220 535 3295 pecunia,
568 3239 751 3299 quam
786 3238 899 3299 pro
929 3223 1134 3295 domo,
1166 3237 1280 3296 pro
1315 3220 1524 3294 hortiS,
1556 3240 1672 3298 pro
1699 3221 1976 3282 sectione
2011 3219 2199 3280 debe-

140 3304 267 3363 bas.
350 3302 453 3366 72.
487 3305 685 3367 Primo
714 3304 1091 3382 respondisti
1122 3306 1305 3380 plane
1334 3305 1621 3367 ferociter
1667 3313 1744 3375 et,
1776 3318 1854 3363 ne
1885 3302 2089 3364 omnia
2107 3302 2196 3363 vi-

135 3386 283 3447 dear
310 3394 521 3447 contra
546 3396 625 3461 te,
659 3405 854 3464 prope
883 3389 1129 3449 modum
1164 3402 1364 3463 aequa
1395 3396 1456 3449 et
1481 3386 1643 3449 iusta
1671 3385 1944 3523 ‹ligcfhas
2017 3386 2074 3445 A
2099 3401 2198 3449 me
