2459 3817
250 141 334 203 44
850 143 1001 208 PRO
1028 143 1091 204 P.
1122 141 1386 206 SESTIO
1420 136 1726 202 ORATIO.

260 302 327 352 ad
356 313 595 366 praesen·
628 297 889 366 negotium
924 297 1191 362 pertinere.
1266 293 1614 344 ostendendae
1643 297 1762 343 aunt
1793 291 1928 342 enim
1956 291 2014 341 Ρ.
2043 289 2210 341 Clodii
2245 306 2328 340 ae-

260 371 475 420 ditione
514 365 930 428 turbulentaeque
970 364 1109 414 illius
1144 364 1386 428 tempori·
1421 361 1645 412 actiones
1674 368 1726 410 et
1755 359 1995 424 iniuriae,
2043 373 2173 422 quaa
2209 361 2332 424 ipae

262 437 433 488 Cicero
468 448 741 501 perpessus
757 468 770 490 ,
806 442 857 482 et
894 432 1164 490 utilitates,
1202 445 1330 494 quas
1371 433 1424 478 in
1461 429 1603 480 illiue
1643 429 1954 479 reatitnssone
1995 428 2162 492 patria
2203 443 2330 478 con—

260 513 435 557 secuta
465 505 549 562 ait,
585 509 641 550 nt
673 510 807 550 reete
840 515 901 551 ae
930 501 1214 551 necessario
1239 500 1298 549 Ρ.
1329 497 1524 548 Sestius
1557 505 1779 548 armatos
1799 496 2040 547 babuisse
2069 495 2329 554 videatur,

262 580 530 638 propterea
557 570 627 619 ait
654 570 877 619 maxime
908 568 1191 634 praesentia
1222 568 1448 617 criminis
1484 566 1676 616 invidia
1705 565 2013 618 liberandus.
2085 560 2328 628 audicio,

260 643 342 690 cui
370 646 601 757 prs-agerat:
630 637 701 687 M.
736 637 984 755 {emilzuta
1000 635 1512 766 lScauruadfionZt-orgr
1523 634 1580 687 Ρ.
1613 632 1812 752 gie-filli„
1841 631 2326 768 revirasablatilutus

261 719 365 767 eat,
402 721 455 757 vt
492 722 521 756 e
588 719 805 756 icerome
840 719 1157 768 epeourum
1187 719 1221 753 a
1326 741 1340 756 .
1426 719 1458 752 a
1512 717 1584 752 em
1686 739 1701 754 .
1779 739 1792 752 .
1824 716 1906 766 ep.
1977 735 1988 748 .
2060 738 2070 751 .
2137 736 2153 751 .

426 875 470 935 1.
516 873 573 938 1.
614 837 692 933 Si
722 873 861 948 quis
891 883 1098 948 antea,
1126 872 1393 945 iudiceS,
1423 873 1752 932 mirabatur
1781 869 1930 946 quid
1958 875 2126 932 esset
2154 870 2326 944 quod

258 975 375 1035 pro
405 959 589 1020 tantis
627 959 851 1033 opibus
882 956 973 1017 rei
1001 954 1286 1032 publicae
1314 963 1604 1031 tantaque
1631 952 1921 1030 dignitate
1949 952 2187 1028 imperii
2217 969 2323 1012 nc—

262 1059 570 1119 quaquam
600 1042 751 1103 satis
777 1040 948 1102 multi
976 1039 1146 1100 cives
1176 1038 1317 1101 forti
1344 1045 1406 1100 et
1425 1055 1644 1113 magno
1665 1037 1867 1098 animo
1891 1035 2321 1108 invenirentur,

258 1125 367 1200 qui
407 1125 705 1187 auderent
742 1139 815 1185 se
848 1132 911 1185 et
956 1124 1214 1186 salutem
1256 1139 1429 1184 suam
1468 1121 1529 1182 in
1571 1120 1900 1183 discrimen
1941 1118 2164 1180 offerre
2203 1134 2319 1194 pro

260 1212 423 1269 statu
450 1205 707 1264 civitatis
734 1209 795 1262 ct
816 1218 931 1278 pro
958 1201 1576 1271 communilibertatc,
1598 1200 1650 1260 is
1675 1217 1754 1261 cx
1774 1200 1896 1263 hoc
1909 1209 2188 1278 tempore
2215 1200 2321 1261 mi·

258 1299 427 1350 retur
455 1289 692 1364 potius,
734 1287 789 1348 si
820 1302 1002 1362 quem
1029 1287 1258 1348 bonum
1291 1294 1352 1348 et
1382 1289 1596 1347 sortem
1629 1285 1824 1345 civem
1856 1284 2102 1358 viderit,
2141 1301 2322 1359 quam

262 1371 316 1432 si
347 1386 529 1446 quem
561 1377 667 1430 aut
694 1367 965 1429 timidum
1000 1377 1105 1430 aut
1138 1369 1254 1430 sibi
1294 1367 1500 1446 potius
1530 1383 1712 1445 quam
1737 1367 1829 1429 rei
1855 1367 2140 1444 publicae
2175 1383 2319 1428 eon-

262 1453 580 1514 sulentem.
624 1453 775 1514 Nam
796 1460 864 1512 ut
886 1451 1171 1512 omittatis
1195 1451 1274 1512 de
1295 1451 1476 1514 unius
1500 1452 1802 1527 cuiusque
1825 1467 1976 1512 casu
1997 1449 2320 1526 cogitando

260 1534 600 1606 recordari,
642 1551 765 1596 uno
795 1543 1054 1612 aspectu
1080 1534 1300 1596 intueri
1324 1534 1582 1610 potestis
1606 1551 1748 1608 eos,
1785 1533 1892 1611 qui
1919 1550 2058 1596 cum
2087 1543 2320 1606 senatu,

260 1634 402 1680 cum
433 1617 615 1680 bonis
646 1617 925 1680 omnibus
963 1634 1091 1679 rem
1129 1617 1434 1694 publicam
1465 1616 1776 1680 adflictam
1803 1618 2121 1680 excitarint
2147 1625 2212 1678 et
2236 1619 2322 1677 la—

260 1701 521 1764 trocinio
551 1701 889 1764 domestico
918 1701 1262 1776 liberarint,
1302 1710 1602 1774 maestOS,
1643 1701 2022 1775 sordidatOS,
2065 1717 2213 1762 reos
2243 1702 2327 1762 de

261 1787 495 1863 capite,
528 1785 606 1846 de
634 1788 823 1861 fama,
858 1788 936 1847 de
966 1785 1240 1859 civitate,
1275 1786 1353 1846 de
1377 1783 1662 1859 fortuniS‚
1701 1785 1780 1845 dc
1801 1783 2011 1846 liberis
2034 1784 2324 1856 dimican-

260 1880 385 1931 tes=
429 1886 542 1931 eos
571 1879 793 1943 autem,
828 1868 935 1945 qui
964 1870 1167 1932 omnia
1196 1868 1402 1930 divina
1430 1874 1492 1929 et
1517 1869 1780 1928 humana
1811 1867 2109 1942 violarint,
2137 1883 2322 1928 vexa-

260 1954 411 2025 rint,
454 1952 889 2027 perturbarint,
931 1951 1291 2028 everterint,
1333 1969 1456 2014 nen
1496 1953 1696 2014 solum
1727 1953 1964 2017 alacres
2003 1953 2326 2027 laetosque

262 2037 546 2107 volitare,
590 2037 703 2096 sed
730 2035 909 2096 ctiam
940 2035 1290 2096 fortissimis
1319 2045 1506 2110 atque
1539 2034 1782 2111 optimis
1818 2033 2055 2096 civibus
2084 2033 2324 2112 pericu-

260 2120 384 2177 lum
416 2117 643 2189 moliri,
686 2119 763 2176 de
800 2133 872 2177 se
900 2117 1047 2178 nihil
1074 2119 1305 2179 timere.
1389 2118 1449 2180 2.
1495 2119 1560 2178 ln
1594 2133 1716 2194 quo
1752 2135 1940 2194 quum
1967 2120 2158 2180 multa
2183 2127 2328 2178 sunt

259 2198 541 2274 indigna,
570 2207 695 2259 tum
726 2199 874 2259 nihil
903 2199 1105 2261 minus
1135 2209 1231 2262 est
1259 2201 1606 2274 terendum,
1641 2218 1822 2276 quam
1854 2203 2020 2278 quod
2051 2201 2173 2262 iam
2201 2217 2326 2262 non

259 2299 374 2358 per
402 2285 671 2342 latrones
702 2298 883 2356 suos,
922 2299 1046 2344 non
1080 2299 1192 2359 per
1218 2283 1514 2364 homines⁵
1532 2290 1804 2360 egestate
1833 2293 1894 2346 ct
1922 2286 2158 2346 scelere
2186 2301 2325 2360 per-

261 2365 454 2438 ditos,
501 2365 614 2425 sed
642 2379 752 2438 per
780 2381 895 2426 vos
924 2366 1133 2440 nobiS‚
1171 2383 1287 2442 per
1317 2368 1579 2442 optimos
1613 2367 1781 2428 viros
1811 2365 2056 2443 optimis
2087 2367 2325 2428 civibus

260 2446 595 2522 periculum
634 2447 858 2506 inferre
905 2457 1201 2510 conantur
1243 2458 1305 2510 ct
1349 2467 1505 2526 quos
1547 2449 1886 2525 lapidibu8‚
1939 2467 2100 2525 quos
2144 2452 2328 2523 ferre,

262 2547 423 2606 quos
458 2529 726 2604 facibus,
770 2547 929 2605 quos
964 2530 1054 2607 vi,
1100 2548 1314 2604 manu,
1352 2531 1548 2606 copiis
1585 2533 1790 2592 delere
1819 2549 1942 2594 non
1979 2541 2327 2608 potuerunt,

260 2613 379 2674 hos
412 2620 617 2672 vestra
644 2611 1029 2687 auctoritate,
1059 2623 1266 2675 vestra
1293 2614 1615 2688 religione,
1657 2615 1880 2677 vestris
1909 2616 2225 2678 sententiis
2256 2633 2330 2678 se

264 2711 677 2770 oppressuros
706 2695 1085 2758 arbitrantur.
1170 2698 1304 2773 Ego
1332 2706 1563 2774 autem,
1603 2698 1870 2773 iudices,
1898 2703 2173 2776 quoniam
2201 2715 2331 2773 qua

262 2793 421 2840 voce
450 2777 593 2837 mihi
622 2778 681 2838 in
715 2779 971 2856 agendis
1002 2780 1211 2856 gratiis
1241 2782 1898 2858 commemorandoque
1927 2799 2170 2854 eorum,
2217 2782 2327 2856 qui

264 2861 345 2921 de
378 2875 475 2920 me
510 2862 735 2936 optime
762 2861 956 2924 meriti
986 2871 1153 2935 sunt,
1191 2863 1488 2926 beneficio
1519 2881 1662 2926 esse
1694 2866 1985 2926 utendum
2018 2865 2329 2940 putabam,

264 2957 341 3002 ea
371 2959 533 3003 nunc
572 2945 655 3005 uti
685 2960 875 3020 cogor
900 2945 963 3007 in
994 2963 1207 3007 eorum
1235 2946 1524 3022 periculis
1555 2949 1966 3023 depellendis,
2015 2947 2091 3010 iis
2132 2948 2328 3023 potis-

267 3025 488 3086 simum
522 3041 645 3087 vox
683 3027 837 3088 haec
878 3028 1137 3103 serviat,
1186 3046 1446 3104 quorum
1479 3046 1669 3108 opera
1699 3040 1759 3093 et
1787 3030 1933 3092 mihi
1965 3042 2026 3091 et
2056 3029 2234 3094 vobis
2267 3045 2331 3092 et

263 3109 501 3186 populo
528 3110 803 3170 Romano
834 3111 1109 3172 restituta
1142 3121 1256 3174 est.

434 3193 505 3254 11.
536 3190 595 3252 3.
637 3193 715 3252 Et
748 3208 1113 3268 quamquam
1143 3210 1181 3254 a
1209 3195 1278 3268 Q.
1305 3195 1663 3270 Hortensio,
1698 3195 2036 3258 clarissimo
2065 3193 2199 3255 viro
2233 3205 2322 3256 at·

269 3290 391 3348 que
420 3273 947 3352 eloquentissimo,
995 3291 1183 3336 causa
1210 3285 1308 3337 est
1331 3277 1394 3339 P.
1426 3277 1609 3339 Sestii
1637 3287 1920 3354 perorata
1947 3277 2216 3353 nihilque
2243 3281 2329 3338 ab

264 3371 346 3415 eo
381 3357 879 3430 praetermissum
918 3364 1045 3431 est,
1085 3358 1252 3433 quod
1293 3367 1398 3421 aut
1427 3377 1541 3434 pro
1575 3378 1642 3422 re
1669 3359 1914 3436 publica
1942 3375 2322 3436 conqueren-
