2459 3817
210 103 333 168 168
630 107 706 166 lN
754 108 819 168 C.
855 106 1187 167 VERREM
1214 105 1403 164 -ACT.
1447 103 1519 162 11.
1559 102 1705 162 LIB.
1748 101 1830 162 V.'

201 274 383 335 nibus
398 271 643 333 Siciliae
658 272 937 347 partibus
959 269 1330 332 imminebat.
1358 270 1798 345 Quaecumque
1811 266 1990 330 navis
2007 285 2088 330 ex
2098 269 2275 340 Asia,

204 371 369 432 quae
394 371 474 416 ex
504 354 703 430 Syria,
738 371 899 431 quae
928 358 1093 432 Tyro
1110 399 1126 427 ,
1156 370 1320 430 quae
1346 352 1727 416 Alexandria
1753 360 2042 425 venerat,
2073 352 2276 413 statim

204 438 387 502 certis
436 439 739 500 indicibus
792 448 855 500 et
916 440 1278 500 custodibus
1331 440 1682 501 tenebatur-2
1741 446 2026 502 vectores
2056 456 2272 501 omnes

204 524 266 584 in
312 523 637 584 lautumias
678 521 1183 584 coniiciebanturz
1241 539 1431 584 onera
1481 530 1666 600 atque
1710 538 1948 583 merces
1991 521 2052 582 in
2097 539 2273 598 prae-

200 606 417 668 toriam
469 607 719 666 domum
764 605 1215 669 deferebantur.
1291 606 1670 668 Versabatur
1718 605 1780 666 in
1833 604 2040 666 Sicilia
2089 608 2276 680 longo

202 689 521 750 intervallo
550 689 721 761 alter,
750 705 873 749 non
904 688 1242 767 Dionysius
1271 690 1373 750 ille
1401 705 1516 750 nec
1543 689 1812 750 Phalaris
1841 721 1926 732 —-
1955 687 2088 749 tulit
2115 687 2275 748 enim

202 771 306 832 illa
340 773 650 847 quondam
694 770 895 831 insula
940 775 1165 833 multos
1217 780 1279 833 et
1328 773 1609 834 crudeles
1653 782 1946 849 tyrannos
1995 803 2112 845 —-·,
2164 771 2276 831 sed

207 855 515 931 quoddam
540 872 767 916 novum
789 863 1128 916 monstrum
1143 872 1223 915 ex
1241 863 1444 916 vetere
1468 855 1572 915 illa
1605 854 1992 926 immanitate,
2022 870 2180 928 quae
2215 853 2277 912 in

202 937 423 1000 iisdem
466 939 621 1000 locis
662 945 908 998 versata
946 953 1091 998 esse
1135 937 1370 999 dicitur.
1436 933 1578 1000 146.
1641 937 1773 999 Non
1817 937 1978 998 enim
2009 935 2276 1013 Charyb-

208 1021 333 1082 dim
360 1031 480 1082 tam
509 1023 791 1082 infestam
820 1037 1025 1097 neque
1056 1019 1324 1099 Scyllam
1353 1021 1554 1082 nautis
1601 1037 1780 1096 quam
1826 1019 2010 1082 istum
2058 1018 2119 1078 in
2173 1036 2276 1079 eo-

207 1106 349 1164 dem
402 1106 554 1166 l'reto
605 1104 799 1164 fuisse
854 1103 1142 1186 arbitror:
1196 1100 1318 1164 hoc
1363 1104 1542 1166 etiam
1583 1103 1701 1164 iste
1753 1101 2062 1178 infestior,
2111 1103 2277 1178 quod

205 1189 392 1248 multo
430 1204 499 1248 se
522 1187 799 1263 pluribus
821 1196 884 1249 et
904 1185 1359 1249 immanioribus
1403 1187 1660 1249 canibus
1694 1187 2096 1248 succinxerat.
2163 1185 2277 1262 Cy-

206 1271 385 1345 clops
412 1272 591 1343 alter,
626 1272 811 1331 multo
836 1270 1268 1347 importunior-2
1303 1270 1403 1331 hic
1432 1271 1590 1331 enim
1620 1277 1808 1332 totam
1835 1270 2094 1332 insulam
2117 1269 2276 1330 obsi-

206 1349 418 1412 debat=
465 1353 565 1412 ille
604 1353 865 1412 Aetnam
912 1355 1107 1414 solam
1150 1363 1211 1413 et
1250 1370 1384 1414 eam
1437 1353 1681 1414 Siciliae
1725 1363 1957 1430 partem
2006 1351 2277 1412 tenuisse

210 1432 446 1494 dicitur.
508 1435 591 1494 At
630 1451 791 1508 quae
834 1451 1025 1496 causa
1069 1445 1197 1496 tum
1241 1435 1676 1499 subiiciebatur
1702 1437 1778 1498 ab
1809 1437 1978 1514 ips0,
2020 1435 2273 1508 iudiceS,

205 1514 388 1578 huius
418 1523 539 1576 tam
569 1516 840 1578 nefariae
874 1517 1290 1580 crudelitatis?
1352 1520 1613 1593 Eadem,
1665 1536 1824 1595 quae
1871 1535 2030 1579 nunc
2075 1519 2135 1578 in
2172 1519 2276 1578 de·

207 1599 490 1660 tensione
534 1601 1123 1663 commemorabitur.
1181 1603 1558 1678 Quicumque
1589 1609 1983 1663 accesserant
2009 1602 2088 1662 ad
2127 1599 2274 1662 Sici-

207 1682 349 1743 liam
377 1683 583 1758 paullo
617 1683 957 1760 pleniores,
1010 1701 1122 1746 eos
1154 1685 1544 1746 Sertorianos
1588 1685 1810 1746 milites
1852 1702 1996 1746 esse
2027 1693 2210 1760 atque
2241 1699 2276 1743 a

204 1765 424 1828 Dianio
457 1769 668 1844 fugere
701 1767 961 1831 dicebat.
1023 1766 1117 1829 Illi
1160 1769 1242 1829 ad
1271 1769 1724 1845 deprecandum
1759 1769 2096 1843 periculum
2131 1785 2268 1843 pro-

206 1851 501 1924 ferebant,
530 1851 632 1912 alii
661 1869 993 1928 purpuram
1015 1851 1276 1930 Tyriam,
1307 1862 1405 1914 tus
1437 1851 1538 1912 alii
1559 1859 1744 1926 atque
1766 1851 1994 1912 odores
2019 1859 2275 1911 vestem-

210 1949 330 2006 que
359 1933 620 2008 linteam,
650 1951 920 2010 gemmas
950 1935 1051 1995 alii
1074 1945 1135 1997 et
1156 1936 1532 2012 margaritaS,
1562 1932 1705 1994 vina
1727 1951 1849 1995 non
1874 1933 2022 1994 nulli
2047 1934 2276 1994 Graeca

207 2017 590 2089 venalesque
621 2016 963 2088 AsiaticOS,
992 2026 1061 2077 ut
1088 2018 1525 2093 intelligeretur
1553 2035 1634 2078 ex
1667 2015 2004 2090 mercibus,
2055 2017 2276 2092 quibus

208 2113 287 2158 ex
320 2091 481 2160 locis
502 2097 875 2172 navigarent.
939 2101 1072 2160 Non
1107 2101 1504 2175 providerant
1542 2117 1650 2162 eas
1680 2097 1852 2176 ipsas
1891 2099 2008 2160 sibi
2057 2115 2286 2174 causas⁵

208 2196 352 2242 esse
397 2181 678 2256 periculi,
732 2182 957 2256 quibus
1000 2183 1370 2259 argumentis
1414 2200 1484 2245 se
1525 2185 1604 2243 ad
1635 2186 1890 2244 salutem
1912 2182 1997 2244 uti
2025 2183 2277 2244 arbitra—

206 2264 445 2326 bantur.
507 2266 627 2325 Iste
663 2263 821 2324 enim
853 2264 1007 2326 haec
1036 2283 1147 2326 eos
1177 2282 1259 2326 ex
1301 2267 1629 2341 piratarum
1671 2264 1965 2328 societate
2015 2267 2274 2341 adeptos

207 2363 351 2408 esse
402 2348 672 2408 dicebatz
723 2345 898 2422 ipsos
940 2347 1001 2407 in
1060 2349 1380 2410 lautumias
1413 2350 1635 2410 abduci
1661 2349 2030 2425 imperabat=
2084 2364 2279 2408 naves

208 2445 423 2491 eorum
474 2438 658 2504 atque
711 2446 901 2491 onera
948 2429 1268 2506 diligenter
1315 2433 1703 2494 adservanda
1762 2433 2029 2494 curabat.
2092 2432 2276 2508 LVII.

208 2510 349 2574 147.
410 2511 521 2572 His
548 2513 837 2574 institutis
865 2530 1052 2589 quum
1088 2517 1426 2591 completus
1466 2515 1586 2576 iam
1616 2524 2018 2576 mercatorum
2063 2528 2276 2572 carcer

206 2603 403 2668 esset,
436 2603 561 2656 tum
589 2595 694 2656 illa
722 2596 975 2668 fiebant,
1007 2613 1166 2671 quae
1194 2598 1262 2656 L.
1297 2598 1586 2673 Suetium,
1622 2597 1888 2674 equitem
1915 2599 2280 2670 Romanum,

206 2677 603 2739 lectissimum
634 2677 857 2751 virum,
903 2680 1109 2740 dicere
1140 2681 1426 2755 audistis,
1469 2693 1533 2742 et
1557 2698 1715 2756 quae
1747 2691 2024 2742 caeteros
2065 2678 2275 2740 audie-

205 2761 303 2821 tis.
373 2761 657 2822 Cervices
700 2762 762 2822 in
808 2779 1054 2823 carcere
1096 2764 1530 2838 frangebantur
1576 2763 2001 2840 indignissime
2052 2762 2274 2823 civium

202 2845 649 2917 Romanorum,
697 2854 765 2907 ut
808 2845 927 2906 iam
957 2846 1059 2906 illa
1086 2863 1209 2906 vox
1239 2845 1833 2922 et[illa]imploratio=
1887 2863 2044 2906 c1v1s
2074 2861 2269 2906 noua-

203 2941 314 2986 rms
350 2943 498 3002 sora,
536 2945 696 3002 quae
726 2945 917 3004 saepe
948 2929 1151 2990 multis
1180 2930 1241 2990 in
1267 2924 1492 2991 ultimis
1523 2929 1698 2991 terris
1727 2947 1908 3006 opem
1943 2930 2100 2990 inter
2138 2929 2274 2987 bar-

204 3010 389 3071 baros
418 3018 480 3071 et
502 3011 757 3072 salutern
794 3011 951 3087 tulit,
984 3029 1058 3072 ea
1081 3022 1333 3074 mortem
1371 3013 1488 3073 illis
1519 3011 1896 3074 acerbiorem
1938 3021 1999 3074 et
2039 3009 2271 3086 suppli-

206 3093 365 3153 cium
393 3091 687 3156 maturius
716 3096 917 3156 ferret.
982 3095 1139 3168 Quid
1173 3104 1296 3168 est,
1327 3096 1600 3156 Verres?
1640 3095 1787 3173 quid
1817 3099 1895 3156 ad
1924 3095 2077 3156 haec
2109 3093 2273 3168 cogi·

206 3182 297 3236 tas
328 3177 754 3252 respondere?
779 3194 923 3238 num
951 3177 1190 3238 mentiri
1212 3187 1352 3238 me?
1389 3196 1535 3239 num
1563 3180 1798 3254 fingere
1825 3178 2102 3252 aliquid?
2130 3193 2276 3236 num

204 3275 431 3333 augere
473 3262 746 3324 crimen?
787 3277 930 3320 num
961 3260 1108 3336 quid
1147 3261 1366 3322 horum
1406 3262 1614 3322 dicere
1659 3259 1794 3323 istis
1835 3260 2276 3321 defensoribus

204 3339 325 3401 tuis
353 3343 551 3404 audes
574 3351 605 3403 ’ἑ
666 3343 830 3406 Cedo
864 3343 1036 3419 mihi,
1070 3360 1304 3420 quaeso
1325 3389 1342 3419 ,
1377 3361 1454 3405 ex
1483 3345 1680 3416 ipsiu-s
1722 3343 1862 3404 sinu
1891 3342 2126 3404 litteras
2156 3342 2276 3418 Sy-
