2459 3817
770 168 935 232 cAP.
963 175 1231 232 tto—33.
1274 171 1326 234 s.
1356 173 1619 232 66—71.
2155 158 2244 226 89

164 323 325 386 serre
346 319 541 395 licuit,
574 339 611 384 a
636 320 981 399 propinquo
1008 336 1127 382 suo
1150 333 1432 381 socerum
1456 335 1632 382 snum
1655 317 1997 396 flagitabat=
2031 320 2234 383 omnia

162 414 415 468 senatus
443 405 784 478 reiiciebat,
831 403 951 466 nisi
985 405 1065 464 de
1092 420 1189 464 me
1223 404 1484 478 primum
1518 407 1807 465 consules
1835 401 2231 466 rettulissent.

328 490 564 549 XXXII.
604 487 709 550 69.
760 488 929 563 Quae
974 503 1159 563 quum
1200 501 1304 546 res
1344 487 1462 546 iam
1504 488 1784 548 manibus
1825 495 2134 550 teneretur
2173 495 2235 549 et

162 586 354 648 quum
377 574 669 633 consules
690 571 1139 647 provinciarum
1164 570 1448 644 pactione
1467 569 1802 632 libertatem
1831 587 2070 632 omnem
2095 586 2231 648 per-

161 654 496 727 didissent,
549 654 653 730 qui
697 671 881 731 quum
916 655 977 713 in
1019 662 1239 715 senatu
1279 651 1499 730 privati
1539 662 1606 714 ut
1647 655 1726 714 de
1757 669 1856 714 me
1894 655 2231 716 sententias

160 738 434 798 dicerent
464 737 846 814 flagitabant,
893 740 1091 813 legem
1126 735 1216 797 illi
1259 753 1330 795 se
1359 735 1634 796 Clodiam
1675 736 1886 797 timere
1917 739 2230 800 dicebante

159 839 347 896 quum
379 824 501 883 hoc
542 840 666 884 non
715 829 975 897 possent
998 821 1120 880 iam
1163 818 1392 880 diutius
1427 818 1761 892 sustinere,
1809 819 1996 880 initur
2027 820 2231 882 consi-

153 904 302 964 lium
331 904 411 964 de
436 905 681 967 interitu
708 905 813 965 Cn.
841 902 1147 978 Pompeii=
1202 917 1330 977 quo
1357 902 1664 976 patefacto
1693 901 1981 976 ferroque
2011 904 2232 978 depre-

153 987 353 1048 henso
385 987 487 1048 ille
513 987 791 1048 inclusus
816 987 982 1047 domi
1006 995 1126 1046 tam
1151 983 1256 1044 diu
1280 984 1392 1044 fuit
1415 999 1598 1058 quam
1622 983 1728 1044 diu
1749 983 2032 1044 inimicus
2055 999 2231 1045 meus

161 1067 567 1128 intribunatu.
609 1067 701 1125 De
725 1081 864 1125 meo
878 1063 1078 1124 reditu
1103 1071 1246 1122 octo
1274 1061 1499 1122 tribuni
1520 1063 2084 1135 promulgaverunt.
2120 1067 2217 1127 Ex

166 1165 289 1223 quo
317 1149 691 1207 intellectum
719 1153 815 1206 est
843 1162 967 1206 non
1000 1144 1146 1203 mihi
1179 1143 1420 1204 absenti
1455 1143 1730 1203 crevisse
1763 1144 2011 1218 amicos,
2046 1147 2108 1207 in
2140 1163 2218 1208 ea

164 1228 527 1306 praesertim
550 1229 813 1299 fortuna,
837 1227 898 1287 in
926 1243 1049 1302 qua
1072 1241 1197 1286 non
1222 1227 1371 1288 nulli
1395 1225 1593 1297 etiam,
1621 1242 1781 1300 quos
1805 1242 1949 1288 esse
1960 1237 2216 1304 putave-

164 1327 314 1384 ram,
328 1326 450 1370 non
466 1319 654 1382 erant,
671 1312 783 1370 sed
799 1326 907 1371 eos
923 1311 1298 1370 voluntatem
1312 1324 1559 1384 semper
1568 1311 1862 1380 eamdem,
1879 1310 2216 1373 libertatem

153 1407 281 1452 non
304 1391 581 1453 eamdem
610 1407 857 1468 semper
874 1393 1191 1455 habuisse.
1239 1393 1390 1452 Nam
1412 1407 1490 1452 ex
1513 1408 1735 1454 novem
1756 1391 2034 1470 tribunis,
2066 1409 2228 1470 quos

153 1483 301 1536 tnnc
342 1474 705 1550 habueram,
756 1492 915 1537 unus
958 1493 1057 1537 me
1094 1477 1353 1538 absente
1395 1475 1680 1549 defluxit,
1731 1476 1838 1553 qui
1883 1491 2224 1552 cognomen

156 1556 274 1618 sibi
316 1573 396 1618 ex
424 1559 741 1620 Aeliorum
781 1559 1145 1636 imaginibus
1196 1558 1493 1636 adripuit,
1549 1578 1675 1636 quo
1718 1559 1914 1636 magis
1958 1561 2225 1624 nationis

153 1639 289 1702 cius
318 1657 461 1703 esse
492 1659 677 1719 quam
707 1644 949 1716 generis
981 1644 1308 1705 videretur.
1391 1641 1494 1705 70.
1534 1644 1671 1704 Hoc
1699 1643 1883 1718 igitur
1910 1659 2072 1704 anno
2100 1659 2224 1705 ma-

152 1723 505 1798 gistratibus
533 1724 713 1785 novis
744 1726 1107 1800 designatis,
1140 1743 1331 1801 quum
1361 1739 1574 1785 omnes
1603 1725 1750 1785 boni
1779 1741 2021 1786 omnem
2049 1742 2226 1801 spem

152 1805 423 1866 melioris
469 1814 663 1867 status
709 1806 772 1866 in
822 1823 1035 1868 eorum
1074 1808 1260 1868 fidem
1302 1807 1782 1881 convertissent,
1839 1807 2128 1882 princeps
2160 1808 2224 1867 Ρ.

151 1889 446 1949 Lentulus
486 1888 844 1950 auctoritate
884 1905 957 1950 ac
999 1890 1301 1951 sententia
1345 1905 1458 1949 sua
1488 1887 1710 1950 Pisone
1749 1896 1810 1950 et
1839 1888 2094 1949 Gabinio
2127 1905 2224 1950 re-

153 1971 565 2048 pugnantibus
612 1987 861 2032 causam
902 1973 1180 2048 suscepit
1218 1970 1604 2047 tribunisque
1645 1971 1840 2047 plebis
1887 1980 2026 2033 octo
2064 1972 2224 2032 refe-

151 2053 425 2114 rentibus
454 2053 1040 2128 praestantissimam
1064 2057 1143 2115 de
1168 2071 1268 2114 me
1292 2053 1652 2115 sententiam
1673 2054 1842 2117 dixit.
1894 2054 2008 2130 Qui
2035 2071 2222 2131 quum

155 2137 238 2198 ad
265 2136 519 2211 gloriam
548 2153 721 2200 suam
744 2144 928 2212 atque
950 2139 1029 2198 ad
1058 2137 1421 2213 amplissimi
1444 2137 1726 2198 beneficii
1747 2137 2000 2214 gratiam
2024 2137 2222 2214 magis

152 2219 458 2296 pertinere
488 2220 724 2282 videret
747 2235 997 2282 causam
1028 2221 1190 2282 illam
1215 2221 1511 2296 integram
1533 2222 1614 2281 ad
1639 2237 1814 2284 suum
1837 2224 2220 2282 consulatum

153 2302 488 2375 reservari,
520 2311 721 2364 tamen
750 2319 879 2364 rem
914 2307 1093 2366 talem
1122 2321 1236 2381 per
1261 2304 1418 2365 alios
1450 2303 1630 2364 citius
1658 2321 1840 2381 quam
1864 2321 1976 2380 per
2003 2321 2073 2366 se
2099 2314 2219 2366 tar-

153 2384 295 2447 dius
325 2386 545 2446 confici
575 2389 856 2449 malebat.

318 2467 580 2530 XXXIII.
616 2467 716 2533 71.
758 2472 891 2532 Hoc
929 2469 1165 2532 interim
1209 2478 1489 2547 tempore
1528 2471 1594 2531 P.
1634 2469 1904 2544 Sestius,
1963 2471 2220 2546 iudices,

151 2549 507 2627 designatus
534 2553 649 2614 iter
667 2555 748 2615 ad
772 2554 833 2614 C.
858 2555 1179 2616 Caesarem
1203 2572 1317 2630 pro
1339 2571 1477 2616 mea
1503 2555 1698 2617 salute
1723 2553 2015 2630 suscepit.
2063 2554 2220 2628 Quid

151 2634 373 2711 egerit,
404 2646 694 2711 quantum
725 2639 1082 2713 profecerit,
1117 2639 1263 2698 nihil
1294 2639 1373 2698 ad
1401 2655 1648 2699 causam
1676 2673 1752 2684 —-
1781 2638 2068 2712 equidem
2091 2637 2220 2698 exi·

152 2717 365 2792 stimo,
412 2719 466 2779 si
492 2720 623 2791 ille,
668 2728 735 2781 ut
762 2720 1049 2794 arbitror,
1086 2737 1326 2796 aequus
1360 2723 1540 2782 nobis
1573 2720 1782 2794 fuerit,
1817 2721 1966 2781 nihil
1995 2722 2072 2780 ab
2100 2721 2221 2782 hoc

152 2802 523 2876 profectum:
568 2802 663 2863 sin
692 2802 929 2876 iratior,
971 2819 1093 2864 non
1124 2806 1376 2865 multum
1402 2827 1516 2859 -=
1561 2805 1674 2864 sed
1702 2812 1902 2865 tamen
1931 2804 2220 2865 sedulita-

150 2893 273 2945 tem
318 2892 504 2959 atque
544 2884 945 2959 integritatem
987 2886 1254 2947 hominis
1296 2886 1538 2947 videtis.
1623 2887 1942 2962 Ingredior
1984 2886 2105 2948 iam
2156 2887 2220 2947 in

152 2965 335 3027 Sestii
377 2967 773 3028 tribunatum=
827 2984 967 3028 nam
1007 2970 1127 3028 hoc
1159 2969 1418 3044 primum
1451 2969 1568 3030 iter
1600 2969 1956 3045 designatus
1988 2971 2078 3032 rei
2109 2987 2220 3044 pu-

150 3047 349 3110 blicae
390 3067 581 3112 causa
621 3050 926 3128 suscepit=
981 3050 1286 3128 pertinere
1332 3061 1393 3114 et
1433 3053 1515 3113 ad
1556 3053 1951 3114 concordiam
1993 3053 2220 3114 civium

149 3132 389 3209 putavit
414 3142 475 3194 et
502 3135 582 3195 ad
610 3134 969 3210 perficiundi
998 3137 1343 3197 facultatem
1372 3136 1639 3197 animum
1661 3137 1942 3198 Caesaris
1970 3152 2008 3196 a
2031 3151 2219 3195 causa

150 3230 273 3276 non
304 3216 663 3278 abhorrere:
694 3252 779 3264 --
806 3217 952 3279 abiit
978 3217 1081 3280 ille
1102 3235 1301 3280 annus
1318 3242 1334 3275 =
1367 3221 1713 3295 respirasse
1740 3219 2021 3282 homines
2052 3217 2218 3276 vide·

153 3297 373 3359 bantur
392 3300 663 3362 nondum
685 3316 770 3374 re,
808 3301 921 3361 sed
948 3317 1061 3377 spe
1081 3303 1170 3362 rei
1196 3303 1479 3377 publicae
1506 3303 1986 3377 recuperandae.
2037 3299 2218 3360 Exie-

150 3390 296 3446 runt
318 3381 495 3443 malis
520 3382 823 3446 ominibus
852 3391 1039 3462 atque
1064 3385 1594 3448 exsecrationibus
1625 3385 1748 3446 duo
1776 3383 2020 3446 vulturii
2045 3384 2218 3461 palu-
