<?xml version="1.0" encoding="UTF-8"?>
<!DOCTYPE html PUBLIC "-//W3C//DTD XHTML 1.0 Transitional//EN"
    "http://www.w3.org/TR/xhtml1/DTD/xhtml1-transitional.dtd">
<html xmlns="http://www.w3.org/1999/xhtml" xml:lang="en" lang="en">
 <head>
  <title>
</title>
<meta http-equiv="Content-Type" content="text/html;charset=utf-8" />
  <meta name='ocr-system' content='tesseract 3.04.00' />
  <meta name='ocr-capabilities' content='ocr_page ocr_carea ocr_par ocr_line ocrx_word'/>
</head>
<body>
  <div class='ocr_page' id='page_1' title='image "./mtulliiciceroni00klotgoog_0459.png"; bbox 0 0 2459 3817; ppageno 0'>
   <div class='ocr_carea' id='block_1_1' title="bbox 261 114 1857 214">
    <p class='ocr_par' dir='ltr' id='par_1_1' title="bbox 261 114 1857 214">
     <span class='ocr_line' id='line_1_1' title="bbox 261 114 1857 214; baseline 0 -4"><span class='ocrx_word' id='word_1_1' title='bbox 261 146 385 211; x_wconf 84' lang='lat'><strong>164</strong></span> <span class='ocrx_word' id='word_1_2' title='bbox 483 114 493 122; x_wconf 58' lang='lat'><em>⁰</em></span> <span class='ocrx_word' id='word_1_3' title='bbox 707 153 855 214; x_wconf 78' lang='lat' dir='ltr'><strong>rno</strong></span> <span class='ocrx_word' id='word_1_4' title='bbox 882 153 948 212; x_wconf 85' lang='lat' dir='ltr'><strong>T.</strong></span> <span class='ocrx_word' id='word_1_5' title='bbox 977 149 1212 213; x_wconf 73' lang='lat' dir='ltr'><strong>Amo</strong></span> <span class='ocrx_word' id='word_1_6' title='bbox 1236 149 1526 212; x_wconf 72' lang='lat' dir='ltr'><strong>mons</strong></span> <span class='ocrx_word' id='word_1_7' title='bbox 1558 148 1857 212; x_wconf 67' lang='lat' dir='ltr'><strong>omno.</strong></span> 
     </span>
    </p>
   </div>
   <div class='ocr_carea' id='block_1_2' title="bbox 263 298 2335 3427">
    <p class='ocr_par' dir='ltr' id='par_1_2' title="bbox 263 298 2335 3427">
     <span class='ocr_line' id='line_1_2' title="bbox 263 298 2331 379; baseline -0.002 -13"><span class='ocrx_word' id='word_1_8' title='bbox 263 318 520 379; x_wconf 81' lang='lat' dir='ltr'><strong>expers,</strong></span> <span class='ocrx_word' id='word_1_9' title='bbox 561 309 630 363; x_wconf 86' lang='lat' dir='ltr'><strong>ut</strong></span> <span class='ocrx_word' id='word_1_10' title='bbox 657 300 924 363; x_wconf 80' lang='lat' dir='ltr'><strong>nesciam</strong></span> <span class='ocrx_word' id='word_1_11' title='bbox 956 298 1102 377; x_wconf 84' lang='lat' dir='ltr'><strong>quid</strong></span> <span class='ocrx_word' id='word_1_12' title='bbox 1131 300 1212 362; x_wconf 80' lang='lat' dir='ltr'><strong>de</strong></span> <span class='ocrx_word' id='word_1_13' title='bbox 1236 308 1429 362; x_wconf 84' lang='lat' dir='ltr'><strong>morte</strong></span> <span class='ocrx_word' id='word_1_14' title='bbox 1458 298 1651 361; x_wconf 82' lang='lat' dir='ltr'><strong>Clodii</strong></span> <span class='ocrx_word' id='word_1_15' title='bbox 1680 298 1970 361; x_wconf 80' lang='lat' dir='ltr'><strong>sentiatis.</strong></span> <span class='ocrx_word' id='word_1_16' title='bbox 2060 300 2156 361; x_wconf 85' lang='lat' dir='ltr'><strong>De</strong></span> <span class='ocrx_word' id='word_1_17' title='bbox 2187 317 2331 376; x_wconf 83' lang='lat' dir='ltr'><strong>qua,</strong></span> 
     </span>
     <span class='ocr_line' id='line_1_3' title="bbox 267 380 2322 459; baseline -0.002 -12"><span class='ocrx_word' id='word_1_18' title='bbox 267 387 321 448; x_wconf 85' lang='lat' dir='ltr'><strong>si</strong></span> <span class='ocrx_word' id='word_1_19' title='bbox 353 386 475 447; x_wconf 77' lang='lat' dir='ltr'><strong>iam</strong></span> <span class='ocrx_word' id='word_1_20' title='bbox 509 384 733 445; x_wconf 85' lang='lat' dir='ltr'><strong>nollem</strong></span> <span class='ocrx_word' id='word_1_21' title='bbox 763 386 846 445; x_wconf 84' lang='lat' dir='ltr'><strong>lta</strong></span> <span class='ocrx_word' id='word_1_22' title='bbox 873 383 1104 445; x_wconf 78' lang='lat' dir='ltr'><strong>diluere</strong></span> <span class='ocrx_word' id='word_1_23' title='bbox 1125 382 1352 445; x_wconf 84' lang='lat' dir='ltr'><strong>crimen</strong></span> <span class='ocrx_word' id='word_1_24' title='bbox 1369 429 1386 459; x_wconf 92' lang='lat'><strong>,</strong></span> <span class='ocrx_word' id='word_1_25' title='bbox 1414 390 1483 444; x_wconf 84' lang='lat' dir='ltr'><strong>ut</strong></span> <span class='ocrx_word' id='word_1_26' title='bbox 1508 380 1673 455; x_wconf 81' lang='lat' dir='ltr'><strong>dilui,</strong></span> <span class='ocrx_word' id='word_1_27' title='bbox 1704 390 1903 443; x_wconf 82' lang='lat' dir='ltr'><strong>tamen</strong></span> <span class='ocrx_word' id='word_1_28' title='bbox 1928 381 2185 457; x_wconf 87' lang='lat' dir='ltr'><strong>impune</strong></span> <span class='ocrx_word' id='word_1_29' title='bbox 2216 383 2322 443; x_wconf 77' lang='lat' dir='ltr'><strong>Mi-</strong></span> 
     </span>
     <span class='ocr_line' id='line_1_4' title="bbox 265 461 2329 545; baseline -0.004 -14"><span class='ocrx_word' id='word_1_30' title='bbox 265 468 391 531; x_wconf 88' lang='lat' dir='ltr'><strong>loni</strong></span> <span class='ocrx_word' id='word_1_31' title='bbox 409 468 610 545; x_wconf 73' lang='lat' dir='ltr'><strong>pelam</strong></span> <span class='ocrx_word' id='word_1_32' title='bbox 631 468 892 527; x_wconf 83' lang='lat' dir='ltr'><strong>clamare</strong></span> <span class='ocrx_word' id='word_1_33' title='bbox 911 480 986 527; x_wconf 82' lang='lat' dir='ltr'><strong>ae</strong></span> <span class='ocrx_word' id='word_1_34' title='bbox 1011 464 1249 528; x_wconf 86' lang='lat' dir='ltr'><strong>mentiri</strong></span> <span class='ocrx_word' id='word_1_35' title='bbox 1272 466 1541 543; x_wconf 72' lang='lat' dir='ltr'><strong>gloriose</strong></span> <span class='ocrx_word' id='word_1_36' title='bbox 1570 464 1808 525; x_wconf 77' lang='lat' dir='ltr'><strong>liceret:</strong></span> <span class='ocrx_word' id='word_1_37' title='bbox 1846 461 2071 537; x_wconf 82' lang='lat' dir='ltr'><strong>Occidi,</strong></span> <span class='ocrx_word' id='word_1_38' title='bbox 2096 464 2329 536; x_wconf 84' lang='lat' dir='ltr'><strong>occidi,</strong></span> 
     </span>
     <span class='ocr_line' id='line_1_5' title="bbox 265 545 2335 625; baseline -0.002 -14"><span class='ocrx_word' id='word_1_39' title='bbox 265 566 388 613; x_wconf 90' lang='lat' dir='ltr'><strong>non</strong></span> <span class='ocrx_word' id='word_1_40' title='bbox 421 548 528 625; x_wconf 84' lang='lat' dir='ltr'><strong>Sp.</strong></span> <span class='ocrx_word' id='word_1_41' title='bbox 557 548 872 623; x_wconf 73' lang='lat' dir='ltr'><strong>maenum,</strong></span> <span class='ocrx_word' id='word_1_42' title='bbox 921 547 1026 624; x_wconf 89' lang='lat' dir='ltr'><strong>qui</strong></span> <span class='ocrx_word' id='word_1_43' title='bbox 1057 564 1301 609; x_wconf 85' lang='lat' dir='ltr'><strong>annona</strong></span> <span class='ocrx_word' id='word_1_44' title='bbox 1332 548 1590 608; x_wconf 75' lang='lat' dir='ltr'><strong>levanda</strong></span> <span class='ocrx_word' id='word_1_45' title='bbox 1626 545 2002 623; x_wconf 86' lang='lat' dir='ltr'><strong>iacturisque</strong></span> <span class='ocrx_word' id='word_1_46' title='bbox 2030 546 2121 605; x_wconf 90' lang='lat' dir='ltr'><strong>rei</strong></span> <span class='ocrx_word' id='word_1_47' title='bbox 2156 546 2335 607; x_wconf 78' lang='lat' dir='ltr'><strong>lami-</strong></span> 
     </span>
     <span class='ocr_line' id='line_1_6' title="bbox 265 628 2334 707; baseline -0.001 -15"><span class='ocrx_word' id='word_1_48' title='bbox 265 632 430 693; x_wconf 80' lang='lat' dir='ltr'><strong>liarls</strong></span> <span class='ocrx_word' id='word_1_49' title='bbox 443 678 461 707; x_wconf 93' lang='lat'><strong>,</strong></span> <span class='ocrx_word' id='word_1_50' title='bbox 496 630 642 707; x_wconf 83' lang='lat' dir='ltr'><strong>quia</strong></span> <span class='ocrx_word' id='word_1_51' title='bbox 667 631 847 693; x_wconf 86' lang='lat' dir='ltr'><strong>nimis</strong></span> <span class='ocrx_word' id='word_1_52' title='bbox 873 630 1156 707; x_wconf 73' lang='lat' dir='ltr'><strong>amplecti</strong></span> <span class='ocrx_word' id='word_1_53' title='bbox 1183 629 1421 705; x_wconf 90' lang='lat' dir='ltr'><strong>plebem</strong></span> <span class='ocrx_word' id='word_1_54' title='bbox 1446 628 1780 703; x_wconf 82' lang='lat' dir='ltr'><strong>videbatur,</strong></span> <span class='ocrx_word' id='word_1_55' title='bbox 1811 631 1873 689; x_wconf 91' lang='lat' dir='ltr'><strong>in</strong></span> <span class='ocrx_word' id='word_1_56' title='bbox 1916 628 2334 705; x_wconf 67' lang='lat' dir='ltr'>suspitionem</span> 
     </span>
     <span class='ocr_line' id='line_1_7' title="bbox 263 710 2327 791; baseline -0.002 -15"><span class='ocrx_word' id='word_1_57' title='bbox 263 714 478 776; x_wconf 76' lang='lat' dir='ltr'><strong>incidit</strong></span> <span class='ocrx_word' id='word_1_58' title='bbox 501 712 676 790; x_wconf 73' lang='lat' dir='ltr'><strong>regui</strong></span> <span class='ocrx_word' id='word_1_59' title='bbox 701 712 1058 791; x_wconf 84' lang='lat' dir='ltr'><strong>appetendi,</strong></span> <span class='ocrx_word' id='word_1_60' title='bbox 1087 728 1209 773; x_wconf 90' lang='lat' dir='ltr'><strong>non</strong></span> <span class='ocrx_word' id='word_1_61' title='bbox 1229 712 1316 772; x_wconf 82' lang='lat' dir='ltr'><strong>Ti.</strong></span> <span class='ocrx_word' id='word_1_62' title='bbox 1348 711 1685 772; x_wconf 74' lang='lat' dir='ltr'><strong>Gracchum</strong></span> <span class='ocrx_word' id='word_1_63' title='bbox 1702 757 1718 786; x_wconf 93' lang='lat'><strong>,</strong></span> <span class='ocrx_word' id='word_1_64' title='bbox 1752 710 1857 788; x_wconf 89' lang='lat' dir='ltr'><strong>qui</strong></span> <span class='ocrx_word' id='word_1_65' title='bbox 1884 712 2165 787; x_wconf 75' lang='lat' dir='ltr'><strong>collegae</strong></span> <span class='ocrx_word' id='word_1_66' title='bbox 2198 728 2327 772; x_wconf 84' lang='lat' dir='ltr'><strong>ma·</strong></span> 
     </span>
     <span class='ocr_line' id='line_1_8' title="bbox 267 792 2334 874; baseline -0.001 -16"><span class='ocrx_word' id='word_1_67' title='bbox 267 797 584 874; x_wconf 77' lang='lat' dir='ltr'><strong>gistratum</strong></span> <span class='ocrx_word' id='word_1_68' title='bbox 617 810 730 872; x_wconf 88' lang='lat' dir='ltr'><strong>per</strong></span> <span class='ocrx_word' id='word_1_69' title='bbox 751 794 1110 859; x_wconf 76' lang='lat' dir='ltr'>seditionem</span> <span class='ocrx_word' id='word_1_70' title='bbox 1131 792 1463 870; x_wconf 70' lang='lat' dir='ltr'><strong>abrogavit,</strong></span> <span class='ocrx_word' id='word_1_71' title='bbox 1484 807 1743 870; x_wconf 81' lang='lat' dir='ltr'><strong>quorum</strong></span> <span class='ocrx_word' id='word_1_72' title='bbox 1764 792 2195 857; x_wconf 76' lang='lat' dir='ltr'>interfectores</span> <span class='ocrx_word' id='word_1_73' title='bbox 2218 794 2334 855; x_wconf 87' lang='lat' dir='ltr'><strong>im-</strong></span> 
     </span>
     <span class='ocr_line' id='line_1_9' title="bbox 267 876 2333 957; baseline -0.001 -18"><span class='ocrx_word' id='word_1_74' title='bbox 267 882 586 957; x_wconf 81' lang='lat' dir='ltr'><strong>pleverunt</strong></span> <span class='ocrx_word' id='word_1_75' title='bbox 631 880 838 940; x_wconf 89' lang='lat' dir='ltr'><strong>orbem</strong></span> <span class='ocrx_word' id='word_1_76' title='bbox 878 888 1172 940; x_wconf 86' lang='lat' dir='ltr'><strong>terrarum</strong></span> <span class='ocrx_word' id='word_1_77' title='bbox 1213 877 1477 938; x_wconf 87' lang='lat' dir='ltr'><strong>nominis</strong></span> <span class='ocrx_word' id='word_1_78' title='bbox 1518 876 1613 938; x_wconf 90' lang='lat' dir='ltr'><strong>sui</strong></span> <span class='ocrx_word' id='word_1_79' title='bbox 1652 876 1874 952; x_wconf 78' lang='lat' dir='ltr'><strong>gloria,</strong></span> <span class='ocrx_word' id='word_1_80' title='bbox 1920 878 2035 937; x_wconf 87' lang='lat' dir='ltr'><strong>sed</strong></span> <span class='ocrx_word' id='word_1_81' title='bbox 2062 892 2208 938; x_wconf 86' lang='lat' dir='ltr'><strong>eum</strong></span> <span class='ocrx_word' id='word_1_82' title='bbox 2248 909 2333 923; x_wconf 81' lang='lat'>—</span> 
     </span>
     <span class='ocr_line' id='line_1_10' title="bbox 268 957 2329 1037; baseline -0.001 -14"><span class='ocrx_word' id='word_1_83' title='bbox 268 963 524 1023; x_wconf 72' lang='lat' dir='ltr'><strong>auderet</strong></span> <span class='ocrx_word' id='word_1_84' title='bbox 543 962 705 1022; x_wconf 82' lang='lat' dir='ltr'><strong>euim</strong></span> <span class='ocrx_word' id='word_1_85' title='bbox 729 962 952 1035; x_wconf 84' lang='lat' dir='ltr'><strong>dicere,</strong></span> <span class='ocrx_word' id='word_1_86' title='bbox 977 978 1160 1037; x_wconf 86' lang='lat' dir='ltr'><strong>quum</strong></span> <span class='ocrx_word' id='word_1_87' title='bbox 1181 960 1431 1035; x_wconf 84' lang='lat' dir='ltr'><strong>patriam</strong></span> <span class='ocrx_word' id='word_1_88' title='bbox 1460 957 1729 1035; x_wconf 86' lang='lat' dir='ltr'><strong>periculo</strong></span> <span class='ocrx_word' id='word_1_89' title='bbox 1754 974 1867 1020; x_wconf 89' lang='lat' dir='ltr'><strong>suo</strong></span> <span class='ocrx_word' id='word_1_90' title='bbox 1891 959 2329 1032; x_wconf 86' lang='lat' dir='ltr'><strong>liberasset—,</strong></span> 
     </span>
     <span class='ocr_line' id='line_1_11' title="bbox 269 1042 2324 1119; baseline 0.002 -19"><span class='ocrx_word' id='word_1_91' title='bbox 269 1045 444 1106; x_wconf 70' lang='lat' dir='ltr'><strong>euius</strong></span> <span class='ocrx_word' id='word_1_92' title='bbox 469 1044 798 1105; x_wconf 76' lang='lat' dir='ltr'><strong>uelandum</strong></span> <span class='ocrx_word' id='word_1_93' title='bbox 827 1044 1186 1106; x_wconf 81' lang='lat' dir='ltr'><strong>adulterium</strong></span> <span class='ocrx_word' id='word_1_94' title='bbox 1229 1044 1291 1103; x_wconf 90' lang='lat' dir='ltr'><strong>ln</strong></span> <span class='ocrx_word' id='word_1_95' title='bbox 1332 1042 1752 1119; x_wconf 83' lang='lat' dir='ltr'><strong>pulvinaribus</strong></span> <span class='ocrx_word' id='word_1_96' title='bbox 1782 1042 2191 1103; x_wconf 76' lang='lat' dir='ltr'><strong>sanctissimis</strong></span> <span class='ocrx_word' id='word_1_97' title='bbox 2218 1059 2324 1104; x_wconf 84' lang='lat' dir='ltr'><strong>no-</strong></span> 
     </span>
     <span class='ocr_line' id='line_1_12' title="bbox 268 1122 2329 1203; baseline -0.002 -14"><span class='ocrx_word' id='word_1_98' title='bbox 268 1126 598 1189; x_wconf 80' lang='lat' dir='ltr'><strong>oilissimae</strong></span> <span class='ocrx_word' id='word_1_99' title='bbox 625 1127 886 1188; x_wconf 77' lang='lat' dir='ltr'><strong>feminae</strong></span> <span class='ocrx_word' id='word_1_100' title='bbox 913 1127 1527 1203; x_wconf 68' lang='lat' dir='ltr'><strong>comprehendet-unu</strong></span> <span class='ocrx_word' id='word_1_101' title='bbox 1558 1122 1657 1188; x_wconf 73' lang='lat'><strong>73.</strong></span> <span class='ocrx_word' id='word_1_102' title='bbox 1690 1140 1847 1197; x_wconf 84' lang='lat' dir='ltr'><strong>eum,</strong></span> <span class='ocrx_word' id='word_1_103' title='bbox 1882 1124 2059 1187; x_wconf 86' lang='lat' dir='ltr'><strong>cuius</strong></span> <span class='ocrx_word' id='word_1_104' title='bbox 2094 1127 2329 1201; x_wconf 87' lang='lat' dir='ltr'><strong>suppli-</strong></span> 
     </span>
     <span class='ocr_line' id='line_1_13' title="bbox 267 1206 2326 1287; baseline -0.004 -16"><span class='ocrx_word' id='word_1_105' title='bbox 267 1210 366 1271; x_wconf 90' lang='lat' dir='ltr'><strong>cio</strong></span> <span class='ocrx_word' id='word_1_106' title='bbox 411 1217 662 1271; x_wconf 86' lang='lat' dir='ltr'><strong>senatus</strong></span> <span class='ocrx_word' id='word_1_107' title='bbox 695 1212 1028 1272; x_wconf 82' lang='lat' dir='ltr'><strong>sollemnes</strong></span> <span class='ocrx_word' id='word_1_108' title='bbox 1059 1208 1387 1287; x_wconf 75' lang='lat' dir='ltr'><strong>religiones</strong></span> <span class='ocrx_word' id='word_1_109' title='bbox 1439 1206 1776 1282; x_wconf 81' lang='lat' dir='ltr'><strong>expiandas</strong></span> <span class='ocrx_word' id='word_1_110' title='bbox 1828 1222 2017 1283; x_wconf 89' lang='lat' dir='ltr'><strong>saepe</strong></span> <span class='ocrx_word' id='word_1_111' title='bbox 2060 1208 2326 1269; x_wconf 75' lang='lat' dir='ltr'><strong>censuit:</strong></span> 
     </span>
     <span class='ocr_line' id='line_1_14' title="bbox 267 1289 2330 1367; baseline -0.001 -14"><span class='ocrx_word' id='word_1_112' title='bbox 267 1308 440 1365; x_wconf 85' lang='lat' dir='ltr'><strong>eum,</strong></span> <span class='ocrx_word' id='word_1_113' title='bbox 485 1308 670 1367; x_wconf 89' lang='lat' dir='ltr'><strong>quem</strong></span> <span class='ocrx_word' id='word_1_114' title='bbox 711 1306 846 1353; x_wconf 84' lang='lat' dir='ltr'><strong>eum</strong></span> <span class='ocrx_word' id='word_1_115' title='bbox 893 1310 1106 1355; x_wconf 87' lang='lat' dir='ltr'><strong>sorore</strong></span> <span class='ocrx_word' id='word_1_116' title='bbox 1147 1306 1433 1367; x_wconf 77' lang='lat' dir='ltr'><strong>germana</strong></span> <span class='ocrx_word' id='word_1_117' title='bbox 1458 1289 1755 1351; x_wconf 76' lang='lat' dir='ltr'><strong>netarium</strong></span> <span class='ocrx_word' id='word_1_118' title='bbox 1794 1298 2069 1365; x_wconf 82' lang='lat' dir='ltr'><strong>stuprum</strong></span> <span class='ocrx_word' id='word_1_119' title='bbox 2100 1290 2330 1351; x_wconf 79' lang='lat' dir='ltr'><strong>recisse</strong></span> 
     </span>
     <span class='ocr_line' id='line_1_15' title="bbox 266 1371 2326 1451; baseline 0 -18"><span class='ocrx_word' id='word_1_120' title='bbox 266 1374 334 1433; x_wconf 91' lang='lat' dir='ltr'><strong>L.</strong></span> <span class='ocrx_word' id='word_1_121' title='bbox 353 1374 642 1433; x_wconf 75' lang='lat' dir='ltr'><strong>Lucullus</strong></span> <span class='ocrx_word' id='word_1_122' title='bbox 662 1374 894 1435; x_wconf 84' lang='lat' dir='ltr'><strong>iuratus</strong></span> <span class='ocrx_word' id='word_1_123' title='bbox 917 1390 988 1434; x_wconf 86' lang='lat' dir='ltr'><strong>se</strong></span> <span class='ocrx_word' id='word_1_124' title='bbox 1011 1372 1469 1451; x_wconf 71' lang='lat' dir='ltr'><strong>quaestionibus</strong></span> <span class='ocrx_word' id='word_1_125' title='bbox 1490 1371 1711 1434; x_wconf 83' lang='lat' dir='ltr'><strong>habitis</strong></span> <span class='ocrx_word' id='word_1_126' title='bbox 1738 1371 1893 1433; x_wconf 80' lang='lat' dir='ltr'><strong>dixit</strong></span> <span class='ocrx_word' id='word_1_127' title='bbox 1914 1373 2326 1449; x_wconf 86' lang='lat' dir='ltr'><strong>comperisse:</strong></span> 
     </span>
     <span class='ocr_line' id='line_1_16' title="bbox 270 1453 2321 1532; baseline 0.001 -18"><span class='ocrx_word' id='word_1_128' title='bbox 270 1470 408 1515; x_wconf 89' lang='lat' dir='ltr'><strong>eum</strong></span> <span class='ocrx_word' id='word_1_129' title='bbox 425 1498 441 1527; x_wconf 95' lang='lat'><strong>,</strong></span> <span class='ocrx_word' id='word_1_130' title='bbox 487 1453 593 1529; x_wconf 86' lang='lat' dir='ltr'><strong>qui</strong></span> <span class='ocrx_word' id='word_1_131' title='bbox 631 1455 826 1516; x_wconf 82' lang='lat' dir='ltr'><strong>civem</strong></span> <span class='ocrx_word' id='word_1_132' title='bbox 842 1502 857 1528; x_wconf 94' lang='lat'><strong><em>‚</em></strong></span> <span class='ocrx_word' id='word_1_133' title='bbox 901 1472 1083 1532; x_wconf 86' lang='lat' dir='ltr'><strong>quem</strong></span> <span class='ocrx_word' id='word_1_134' title='bbox 1127 1463 1409 1528; x_wconf 87' lang='lat' dir='ltr'><strong>senatus,</strong></span> <span class='ocrx_word' id='word_1_135' title='bbox 1462 1467 1646 1531; x_wconf 85' lang='lat' dir='ltr'><strong>quem</strong></span> <span class='ocrx_word' id='word_1_136' title='bbox 1684 1456 1953 1532; x_wconf 86' lang='lat' dir='ltr'><strong>populus</strong></span> <span class='ocrx_word' id='word_1_137' title='bbox 1991 1456 2321 1531; x_wconf 84' lang='lat' dir='ltr'><strong>Romanus,</strong></span> 
     </span>
     <span class='ocr_line' id='line_1_17' title="bbox 271 1536 2326 1613; baseline 0.001 -16"><span class='ocrx_word' id='word_1_138' title='bbox 271 1552 450 1612; x_wconf 88' lang='lat' dir='ltr'><strong>quem</strong></span> <span class='ocrx_word' id='word_1_139' title='bbox 479 1549 690 1597; x_wconf 87' lang='lat' dir='ltr'><strong>ornnes</strong></span> <span class='ocrx_word' id='word_1_140' title='bbox 719 1547 934 1613; x_wconf 77' lang='lat' dir='ltr'><strong>gentes</strong></span> <span class='ocrx_word' id='word_1_141' title='bbox 961 1537 1130 1599; x_wconf 89' lang='lat' dir='ltr'><strong>urbis</strong></span> <span class='ocrx_word' id='word_1_142' title='bbox 1159 1554 1232 1598; x_wconf 89' lang='lat' dir='ltr'><strong>ac</strong></span> <span class='ocrx_word' id='word_1_143' title='bbox 1260 1538 1419 1599; x_wconf 83' lang='lat' dir='ltr'><strong>vitae</strong></span> <span class='ocrx_word' id='word_1_144' title='bbox 1448 1538 1670 1599; x_wconf 86' lang='lat' dir='ltr'><strong>civium</strong></span> <span class='ocrx_word' id='word_1_145' title='bbox 1704 1545 2203 1601; x_wconf 78' lang='lat' dir='ltr'><strong>conservatorem</strong></span> <span class='ocrx_word' id='word_1_146' title='bbox 2236 1536 2326 1600; x_wconf 87' lang='lat' dir='ltr'><strong>iu·</strong></span> 
     </span>
     <span class='ocr_line' id='line_1_18' title="bbox 271 1618 2322 1696; baseline 0.001 -17"><span class='ocrx_word' id='word_1_147' title='bbox 271 1618 570 1693; x_wconf 77' lang='lat' dir='ltr'><strong>dicarant,</strong></span> <span class='ocrx_word' id='word_1_148' title='bbox 603 1636 920 1682; x_wconf 85' lang='lat' dir='ltr'><strong>servorum</strong></span> <span class='ocrx_word' id='word_1_149' title='bbox 947 1621 1132 1681; x_wconf 86' lang='lat' dir='ltr'><strong>armis</strong></span> <span class='ocrx_word' id='word_1_150' title='bbox 1163 1620 1617 1683; x_wconf 85' lang='lat' dir='ltr'><strong>exterminavit=</strong></span> <span class='ocrx_word' id='word_1_151' title='bbox 1646 1637 1785 1683; x_wconf 87' lang='lat' dir='ltr'><strong>eum</strong></span> <span class='ocrx_word' id='word_1_152' title='bbox 1802 1665 1819 1693; x_wconf 92' lang='lat'><strong>,</strong></span> <span class='ocrx_word' id='word_1_153' title='bbox 1863 1618 1971 1696; x_wconf 90' lang='lat' dir='ltr'><strong>qui</strong></span> <span class='ocrx_word' id='word_1_154' title='bbox 1998 1635 2191 1696; x_wconf 81' lang='lat' dir='ltr'><strong>regna</strong></span> <span class='ocrx_word' id='word_1_155' title='bbox 2222 1622 2322 1681; x_wconf 85' lang='lat' dir='ltr'><strong>de-</strong></span> 
     </span>
     <span class='ocr_line' id='line_1_19' title="bbox 269 1702 2323 1779; baseline 0.001 -16"><span class='ocrx_word' id='word_1_156' title='bbox 269 1702 372 1776; x_wconf 85' lang='lat' dir='ltr'><strong>dit,</strong></span> <span class='ocrx_word' id='word_1_157' title='bbox 401 1702 628 1763; x_wconf 82' lang='lat' dir='ltr'><strong>ademit</strong></span> <span class='ocrx_word' id='word_1_158' title='bbox 642 1748 658 1778; x_wconf 98' lang='lat'><strong>,</strong></span> <span class='ocrx_word' id='word_1_159' title='bbox 701 1705 910 1765; x_wconf 83' lang='lat' dir='ltr'><strong>orbem</strong></span> <span class='ocrx_word' id='word_1_160' title='bbox 953 1712 1247 1765; x_wconf 84' lang='lat' dir='ltr'><strong>terrarum</strong></span> <span class='ocrx_word' id='word_1_161' title='bbox 1291 1703 1653 1779; x_wconf 80' lang='lat' dir='ltr'><strong>quibuscum</strong></span> <span class='ocrx_word' id='word_1_162' title='bbox 1680 1704 1875 1766; x_wconf 86' lang='lat' dir='ltr'><strong>voluit</strong></span> <span class='ocrx_word' id='word_1_163' title='bbox 1904 1702 2161 1779; x_wconf 86' lang='lat' dir='ltr'><strong>partitus</strong></span> <span class='ocrx_word' id='word_1_164' title='bbox 2199 1712 2323 1766; x_wconf 86' lang='lat' dir='ltr'><strong>est:</strong></span> 
     </span>
     <span class='ocr_line' id='line_1_20' title="bbox 269 1784 2330 1862; baseline 0.001 -16"><span class='ocrx_word' id='word_1_165' title='bbox 269 1800 405 1847; x_wconf 85' lang='lat' dir='ltr'><strong>eum</strong></span> <span class='ocrx_word' id='word_1_166' title='bbox 421 1831 437 1860; x_wconf 95' lang='lat'><strong>,</strong></span> <span class='ocrx_word' id='word_1_167' title='bbox 482 1785 588 1862; x_wconf 89' lang='lat' dir='ltr'><strong>qui</strong></span> <span class='ocrx_word' id='word_1_168' title='bbox 643 1786 917 1861; x_wconf 83' lang='lat' dir='ltr'><strong>plurimis</strong></span> <span class='ocrx_word' id='word_1_169' title='bbox 957 1786 1249 1848; x_wconf 79' lang='lat' dir='ltr'><strong>caedibus</strong></span> <span class='ocrx_word' id='word_1_170' title='bbox 1291 1786 1353 1845; x_wconf 91' lang='lat' dir='ltr'><strong>in</strong></span> <span class='ocrx_word' id='word_1_171' title='bbox 1398 1786 1531 1849; x_wconf 72' lang='lat' dir='ltr'><strong>loro</strong></span> <span class='ocrx_word' id='word_1_172' title='bbox 1573 1786 1749 1847; x_wconf 79' lang='lat' dir='ltr'><strong>lactis</strong></span> <span class='ocrx_word' id='word_1_173' title='bbox 1784 1784 2074 1861; x_wconf 76' lang='lat' dir='ltr'><strong>singulari</strong></span> <span class='ocrx_word' id='word_1_174' title='bbox 2109 1786 2330 1848; x_wconf 84' lang='lat' dir='ltr'><strong>virtute</strong></span> 
     </span>
     <span class='ocr_line' id='line_1_21' title="bbox 272 1868 2331 1944; baseline 0 -15"><span class='ocrx_word' id='word_1_175' title='bbox 272 1876 332 1930; x_wconf 89' lang='lat' dir='ltr'><strong>et</strong></span> <span class='ocrx_word' id='word_1_176' title='bbox 355 1868 549 1944; x_wconf 79' lang='lat' dir='ltr'><strong>gloria</strong></span> <span class='ocrx_word' id='word_1_177' title='bbox 576 1868 774 1930; x_wconf 87' lang='lat' dir='ltr'><strong>civem</strong></span> <span class='ocrx_word' id='word_1_178' title='bbox 804 1870 1048 1931; x_wconf 88' lang='lat' dir='ltr'><strong>domurn</strong></span> <span class='ocrx_word' id='word_1_179' title='bbox 1078 1868 1141 1928; x_wconf 83' lang='lat' dir='ltr'><strong>vi</strong></span> <span class='ocrx_word' id='word_1_180' title='bbox 1171 1877 1230 1931; x_wconf 88' lang='lat' dir='ltr'><strong>et</strong></span> <span class='ocrx_word' id='word_1_181' title='bbox 1254 1868 1439 1929; x_wconf 87' lang='lat' dir='ltr'><strong>armis</strong></span> <span class='ocrx_word' id='word_1_182' title='bbox 1473 1869 1792 1943; x_wconf 68' lang='lat' dir='ltr'><strong>compunta</strong></span> <span class='ocrx_word' id='word_1_183' title='bbox 1834 1886 2003 1943; x_wconf 90' lang='lat' dir='ltr'><strong>eum,</strong></span> <span class='ocrx_word' id='word_1_184' title='bbox 2049 1868 2150 1929; x_wconf 89' lang='lat' dir='ltr'><strong>cui</strong></span> <span class='ocrx_word' id='word_1_185' title='bbox 2178 1869 2331 1930; x_wconf 90' lang='lat' dir='ltr'><strong>nihil</strong></span> 
     </span>
     <span class='ocr_line' id='line_1_22' title="bbox 266 1950 2329 2027; baseline 0 -15"><span class='ocrx_word' id='word_1_186' title='bbox 266 1966 556 2027; x_wconf 85' lang='lat' dir='ltr'><strong>umquam</strong></span> <span class='ocrx_word' id='word_1_187' title='bbox 587 1954 759 2013; x_wconf 77' lang='lat' dir='ltr'><strong>nefas</strong></span> <span class='ocrx_word' id='word_1_188' title='bbox 795 1951 906 2013; x_wconf 77' lang='lat' dir='ltr'><strong>luit</strong></span> <span class='ocrx_word' id='word_1_189' title='bbox 932 1968 1046 2013; x_wconf 85' lang='lat' dir='ltr'><strong>nee</strong></span> <span class='ocrx_word' id='word_1_190' title='bbox 1075 1951 1136 2011; x_wconf 92' lang='lat' dir='ltr'><strong>in</strong></span> <span class='ocrx_word' id='word_1_191' title='bbox 1166 1951 1435 2013; x_wconf 79' lang='lat' dir='ltr'><strong>facinore</strong></span> <span class='ocrx_word' id='word_1_192' title='bbox 1461 1967 1576 2012; x_wconf 87' lang='lat' dir='ltr'><strong>nec</strong></span> <span class='ocrx_word' id='word_1_193' title='bbox 1603 1952 1665 2012; x_wconf 91' lang='lat' dir='ltr'><strong>in</strong></span> <span class='ocrx_word' id='word_1_194' title='bbox 1698 1950 1979 2025; x_wconf 84' lang='lat' dir='ltr'><strong>libidine,</strong></span> <span class='ocrx_word' id='word_1_195' title='bbox 2024 1966 2164 2013; x_wconf 85' lang='lat' dir='ltr'><strong>eum</strong></span> <span class='ocrx_word' id='word_1_196' title='bbox 2182 1998 2199 2027; x_wconf 94' lang='lat'><strong>,</strong></span> <span class='ocrx_word' id='word_1_197' title='bbox 2225 1952 2329 2027; x_wconf 83' lang='lat' dir='ltr'><strong>qui</strong></span> 
     </span>
     <span class='ocr_line' id='line_1_23' title="bbox 268 2033 2325 2111; baseline 0 -18"><span class='ocrx_word' id='word_1_198' title='bbox 268 2035 483 2095; x_wconf 78' lang='lat' dir='ltr'><strong>aedem</strong></span> <span class='ocrx_word' id='word_1_199' title='bbox 509 2034 922 2111; x_wconf 76' lang='lat' dir='ltr'><strong>Nympharum</strong></span> <span class='ocrx_word' id='word_1_200' title='bbox 946 2033 1245 2109; x_wconf 81' lang='lat' dir='ltr'><strong>incendit,</strong></span> <span class='ocrx_word' id='word_1_201' title='bbox 1288 2042 1356 2095; x_wconf 89' lang='lat' dir='ltr'><strong>ut</strong></span> <span class='ocrx_word' id='word_1_202' title='bbox 1398 2034 1745 2097; x_wconf 86' lang='lat' dir='ltr'><strong>memoriam</strong></span> <span class='ocrx_word' id='word_1_203' title='bbox 1776 2033 2081 2109; x_wconf 83' lang='lat' dir='ltr'><strong>publicam</strong></span> <span class='ocrx_word' id='word_1_204' title='bbox 2114 2048 2325 2096; x_wconf 88' lang='lat' dir='ltr'><strong>recen-</strong></span> 
     </span>
     <span class='ocr_line' id='line_1_24' title="bbox 269 2113 2323 2193; baseline 0 -17"><span class='ocrx_word' id='word_1_205' title='bbox 269 2116 461 2176; x_wconf 80' lang='lat' dir='ltr'><strong>sionis</strong></span> <span class='ocrx_word' id='word_1_206' title='bbox 497 2115 720 2176; x_wconf 86' lang='lat' dir='ltr'><strong>tabulis</strong></span> <span class='ocrx_word' id='word_1_207' title='bbox 751 2114 1010 2190; x_wconf 84' lang='lat' dir='ltr'><strong>publicis</strong></span> <span class='ocrx_word' id='word_1_208' title='bbox 1041 2116 1397 2193; x_wconf 86' lang='lat' dir='ltr'><strong>impressam</strong></span> <span class='ocrx_word' id='word_1_209' title='bbox 1430 2117 1873 2192; x_wconf 76' lang='lat' dir='ltr'><strong>exstingueret:</strong></span> <span class='ocrx_word' id='word_1_210' title='bbox 1912 2113 2014 2179; x_wconf 82' lang='lat'><strong>74.</strong></span> <span class='ocrx_word' id='word_1_211' title='bbox 2044 2132 2189 2177; x_wconf 86' lang='lat' dir='ltr'><strong>eum</strong></span> <span class='ocrx_word' id='word_1_212' title='bbox 2223 2118 2323 2177; x_wconf 66' lang='lat' dir='ltr'><strong>de»</strong></span> 
     </span>
     <span class='ocr_line' id='line_1_25' title="bbox 269 2196 2320 2273; baseline 0 -14"><span class='ocrx_word' id='word_1_213' title='bbox 269 2198 474 2273; x_wconf 82' lang='lat' dir='ltr'><strong>nique,</strong></span> <span class='ocrx_word' id='word_1_214' title='bbox 501 2196 600 2256; x_wconf 89' lang='lat' dir='ltr'><strong>cui</strong></span> <span class='ocrx_word' id='word_1_215' title='bbox 629 2196 749 2255; x_wconf 78' lang='lat' dir='ltr'><strong>iam</strong></span> <span class='ocrx_word' id='word_1_216' title='bbox 778 2198 942 2259; x_wconf 77' lang='lat' dir='ltr'><strong>nulla</strong></span> <span class='ocrx_word' id='word_1_217' title='bbox 973 2199 1076 2258; x_wconf 86' lang='lat' dir='ltr'><strong>lex</strong></span> <span class='ocrx_word' id='word_1_218' title='bbox 1107 2207 1254 2273; x_wconf 90' lang='lat' dir='ltr'><strong>erat,</strong></span> <span class='ocrx_word' id='word_1_219' title='bbox 1282 2202 1511 2261; x_wconf 89' lang='lat' dir='ltr'><strong>nullum</strong></span> <span class='ocrx_word' id='word_1_220' title='bbox 1542 2200 1718 2261; x_wconf 89' lang='lat' dir='ltr'><strong>civile</strong></span> <span class='ocrx_word' id='word_1_221' title='bbox 1746 2198 1862 2272; x_wconf 76' lang='lat' dir='ltr'><strong>iuS,</strong></span> <span class='ocrx_word' id='word_1_222' title='bbox 1893 2199 2038 2259; x_wconf 90' lang='lat' dir='ltr'><strong>nulli</strong></span> <span class='ocrx_word' id='word_1_223' title='bbox 2066 2213 2320 2273; x_wconf 86' lang='lat' dir='ltr'><strong>posses-</strong></span> 
     </span>
     <span class='ocr_line' id='line_1_26' title="bbox 271 2276 2323 2355; baseline -0.001 -12"><span class='ocrx_word' id='word_1_224' title='bbox 271 2282 508 2343; x_wconf 76' lang='lat' dir='ltr'><strong>sionum</strong></span> <span class='ocrx_word' id='word_1_225' title='bbox 535 2276 807 2353; x_wconf 82' lang='lat' dir='ltr'><strong>termini,</strong></span> <span class='ocrx_word' id='word_1_226' title='bbox 843 2279 947 2355; x_wconf 90' lang='lat' dir='ltr'><strong>qui</strong></span> <span class='ocrx_word' id='word_1_227' title='bbox 979 2297 1101 2340; x_wconf 92' lang='lat' dir='ltr'><strong>non</strong></span> <span class='ocrx_word' id='word_1_228' title='bbox 1135 2283 1433 2342; x_wconf 84' lang='lat' dir='ltr'><strong>calumnia</strong></span> <span class='ocrx_word' id='word_1_229' title='bbox 1460 2280 1678 2355; x_wconf 89' lang='lat' dir='ltr'><strong>litium,</strong></span> <span class='ocrx_word' id='word_1_230' title='bbox 1710 2298 1833 2342; x_wconf 88' lang='lat' dir='ltr'><strong>non</strong></span> <span class='ocrx_word' id='word_1_231' title='bbox 1861 2281 2099 2342; x_wconf 87' lang='lat' dir='ltr'><strong>iniustis</strong></span> <span class='ocrx_word' id='word_1_232' title='bbox 2130 2281 2323 2342; x_wconf 89' lang='lat' dir='ltr'><strong>vindi·</strong></span> 
     </span>
     <span class='ocr_line' id='line_1_27' title="bbox 269 2361 2324 2444; baseline 0.001 -22"><span class='ocrx_word' id='word_1_233' title='bbox 269 2361 382 2423; x_wconf 91' lang='lat' dir='ltr'><strong>ciis</strong></span> <span class='ocrx_word' id='word_1_234' title='bbox 420 2376 494 2420; x_wconf 77' lang='lat' dir='ltr'><strong>ac</strong></span> <span class='ocrx_word' id='word_1_235' title='bbox 533 2362 930 2422; x_wconf 80' lang='lat' dir='ltr'><strong>sacramentis</strong></span> <span class='ocrx_word' id='word_1_236' title='bbox 988 2362 1224 2444; x_wconf 86' lang='lat' dir='ltr'><strong>alienos</strong></span> <span class='ocrx_word' id='word_1_237' title='bbox 1267 2365 1521 2437; x_wconf 62' lang='lat' dir='ltr'><strong>fundos»,</strong></span> <span class='ocrx_word' id='word_1_238' title='bbox 1574 2366 1685 2425; x_wconf 87' lang='lat' dir='ltr'><strong>sed</strong></span> <span class='ocrx_word' id='word_1_239' title='bbox 1731 2364 1980 2436; x_wconf 75' lang='lat' dir='ltr'><strong>castriS,</strong></span> <span class='ocrx_word' id='word_1_240' title='bbox 2031 2366 2324 2436; x_wconf 80' lang='lat' dir='ltr'><strong>exercitu,</strong></span> 
     </span>
     <span class='ocr_line' id='line_1_28' title="bbox 273 2441 2325 2520; baseline 0 -15"><span class='ocrx_word' id='word_1_241' title='bbox 273 2441 466 2518; x_wconf 78' lang='lat' dir='ltr'><strong>signis</strong></span> <span class='ocrx_word' id='word_1_242' title='bbox 504 2441 838 2503; x_wconf 79' lang='lat' dir='ltr'><strong>inferendis</strong></span> <span class='ocrx_word' id='word_1_243' title='bbox 881 2445 1153 2517; x_wconf 82' lang='lat' dir='ltr'><strong>petebat=</strong></span> <span class='ocrx_word' id='word_1_244' title='bbox 1198 2448 1304 2520; x_wconf 90' lang='lat' dir='ltr'><strong>qui</strong></span> <span class='ocrx_word' id='word_1_245' title='bbox 1344 2462 1466 2506; x_wconf 86' lang='lat' dir='ltr'><strong>non</strong></span> <span class='ocrx_word' id='word_1_246' title='bbox 1508 2447 1706 2507; x_wconf 90' lang='lat' dir='ltr'><strong>solum</strong></span> <span class='ocrx_word' id='word_1_247' title='bbox 1743 2446 2036 2507; x_wconf 87' lang='lat' dir='ltr'><strong>Etruscos</strong></span> <span class='ocrx_word' id='word_1_248' title='bbox 2080 2477 2170 2492; x_wconf 88' lang='lat'>—</span> <span class='ocrx_word' id='word_1_249' title='bbox 2216 2460 2325 2508; x_wconf 84' lang='lat' dir='ltr'><strong>eos</strong></span> 
     </span>
     <span class='ocr_line' id='line_1_29' title="bbox 273 2524 2321 2603; baseline 0.001 -18"><span class='ocrx_word' id='word_1_250' title='bbox 273 2524 432 2585; x_wconf 86' lang='lat' dir='ltr'><strong>enim</strong></span> <span class='ocrx_word' id='word_1_251' title='bbox 473 2524 714 2599; x_wconf 87' lang='lat' dir='ltr'><strong>penitus</strong></span> <span class='ocrx_word' id='word_1_252' title='bbox 743 2534 1193 2600; x_wconf 81' lang='lat' dir='ltr'><strong>contempserat</strong></span> <span class='ocrx_word' id='word_1_253' title='bbox 1213 2562 1317 2603; x_wconf 91' lang='lat'><strong>—,</strong></span> <span class='ocrx_word' id='word_1_254' title='bbox 1342 2529 1453 2589; x_wconf 87' lang='lat' dir='ltr'><strong>sed</strong></span> <span class='ocrx_word' id='word_1_255' title='bbox 1483 2526 1643 2589; x_wconf 88' lang='lat' dir='ltr'><strong>hunc</strong></span> <span class='ocrx_word' id='word_1_256' title='bbox 1667 2529 1732 2588; x_wconf 88' lang='lat' dir='ltr'><strong>P.</strong></span> <span class='ocrx_word' id='word_1_257' title='bbox 1761 2528 2032 2601; x_wconf 85' lang='lat' dir='ltr'><strong>Varium,</strong></span> <span class='ocrx_word' id='word_1_258' title='bbox 2066 2526 2321 2589; x_wconf 75' lang='lat' dir='ltr'><strong>fortissi-</strong></span> 
     </span>
     <span class='ocr_line' id='line_1_30' title="bbox 269 2606 2322 2686; baseline 0.002 -19"><span class='ocrx_word' id='word_1_259' title='bbox 269 2622 430 2667; x_wconf 89' lang='lat' dir='ltr'><strong>mum</strong></span> <span class='ocrx_word' id='word_1_260' title='bbox 458 2616 642 2681; x_wconf 86' lang='lat' dir='ltr'><strong>atque</strong></span> <span class='ocrx_word' id='word_1_261' title='bbox 671 2606 962 2683; x_wconf 85' lang='lat' dir='ltr'><strong>optimum</strong></span> <span class='ocrx_word' id='word_1_262' title='bbox 995 2609 1218 2681; x_wconf 85' lang='lat' dir='ltr'><strong>civem,</strong></span> <span class='ocrx_word' id='word_1_263' title='bbox 1256 2608 1518 2673; x_wconf 86' lang='lat' dir='ltr'><strong>iudicem</strong></span> <span class='ocrx_word' id='word_1_264' title='bbox 1562 2619 1865 2685; x_wconf 86' lang='lat' dir='ltr'><strong>nostrum,</strong></span> <span class='ocrx_word' id='word_1_265' title='bbox 1910 2612 2139 2685; x_wconf 89' lang='lat' dir='ltr'><strong>pellere</strong></span> <span class='ocrx_word' id='word_1_266' title='bbox 2180 2628 2322 2686; x_wconf 91' lang='lat' dir='ltr'><strong>pos-</strong></span> 
     </span>
     <span class='ocr_line' id='line_1_31' title="bbox 269 2687 2324 2768; baseline 0 -16"><span class='ocrx_word' id='word_1_267' title='bbox 269 2687 650 2752; x_wconf 87' lang='lat' dir='ltr'><strong>sessionibus</strong></span> <span class='ocrx_word' id='word_1_268' title='bbox 683 2690 868 2751; x_wconf 85' lang='lat' dir='ltr'><strong>armis</strong></span> <span class='ocrx_word' id='word_1_269' title='bbox 893 2690 1233 2765; x_wconf 82' lang='lat' dir='ltr'><strong>castrisque</strong></span> <span class='ocrx_word' id='word_1_270' title='bbox 1262 2700 1517 2753; x_wconf 86' lang='lat' dir='ltr'><strong>conatus</strong></span> <span class='ocrx_word' id='word_1_271' title='bbox 1540 2702 1652 2765; x_wconf 89' lang='lat' dir='ltr'><strong>est,</strong></span> <span class='ocrx_word' id='word_1_272' title='bbox 1684 2693 1789 2768; x_wconf 89' lang='lat' dir='ltr'><strong>qui</strong></span> <span class='ocrx_word' id='word_1_273' title='bbox 1816 2706 1952 2753; x_wconf 87' lang='lat' dir='ltr'><strong>cum</strong></span> <span class='ocrx_word' id='word_1_274' title='bbox 1981 2692 2324 2753; x_wconf 78' lang='lat' dir='ltr'><strong>architectis</strong></span> 
     </span>
     <span class='ocr_line' id='line_1_32' title="bbox 269 2772 2325 2851; baseline 0.001 -18"><span class='ocrx_word' id='word_1_275' title='bbox 269 2780 330 2833; x_wconf 89' lang='lat' dir='ltr'><strong>et</strong></span> <span class='ocrx_word' id='word_1_276' title='bbox 368 2772 759 2847; x_wconf 84' lang='lat' dir='ltr'><strong>decempedis</strong></span> <span class='ocrx_word' id='word_1_277' title='bbox 807 2772 986 2833; x_wconf 87' lang='lat' dir='ltr'><strong>villas</strong></span> <span class='ocrx_word' id='word_1_278' title='bbox 1023 2774 1345 2835; x_wconf 86' lang='lat' dir='ltr'><strong>multorum</strong></span> <span class='ocrx_word' id='word_1_279' title='bbox 1387 2774 1724 2851; x_wconf 86' lang='lat' dir='ltr'><strong>hortosque</strong></span> <span class='ocrx_word' id='word_1_280' title='bbox 1764 2776 2165 2851; x_wconf 77' lang='lat' dir='ltr'><strong>peragrabat,</strong></span> <span class='ocrx_word' id='word_1_281' title='bbox 2220 2774 2325 2850; x_wconf 87' lang='lat' dir='ltr'><strong>qui</strong></span> 
     </span>
     <span class='ocr_line' id='line_1_33' title="bbox 271 2853 2325 2931; baseline 0.003 -18"><span class='ocrx_word' id='word_1_282' title='bbox 271 2853 538 2916; x_wconf 88' lang='lat' dir='ltr'><strong>laniculo</strong></span> <span class='ocrx_word' id='word_1_283' title='bbox 579 2861 640 2915; x_wconf 88' lang='lat' dir='ltr'><strong>ot</strong></span> <span class='ocrx_word' id='word_1_284' title='bbox 664 2855 929 2930; x_wconf 88' lang='lat' dir='ltr'><strong>Alpibus</strong></span> <span class='ocrx_word' id='word_1_285' title='bbox 961 2872 1133 2931; x_wconf 85' lang='lat' dir='ltr'><strong>spem</strong></span> <span class='ocrx_word' id='word_1_286' title='bbox 1175 2858 1641 2919; x_wconf 73' lang='lat' dir='ltr'><strong>possessionum</strong></span> <span class='ocrx_word' id='word_1_287' title='bbox 1682 2856 2027 2921; x_wconf 86' lang='lat' dir='ltr'><strong>terminarat</strong></span> <span class='ocrx_word' id='word_1_288' title='bbox 2056 2872 2325 2926; x_wconf 82' lang='lat' dir='ltr'><strong>suarum,</strong></span> 
     </span>
     <span class='ocr_line' id='line_1_34' title="bbox 270 2936 2319 3017; baseline 0.003 -21"><span class='ocrx_word' id='word_1_289' title='bbox 270 2936 374 3012; x_wconf 91' lang='lat' dir='ltr'><strong>qui</strong></span> <span class='ocrx_word' id='word_1_290' title='bbox 417 2948 600 3011; x_wconf 84' lang='lat' dir='ltr'><strong>quum</strong></span> <span class='ocrx_word' id='word_1_291' title='bbox 627 2938 706 2997; x_wconf 86' lang='lat' dir='ltr'><strong>ab</strong></span> <span class='ocrx_word' id='word_1_292' title='bbox 737 2936 941 3013; x_wconf 85' lang='lat' dir='ltr'><strong>equite</strong></span> <span class='ocrx_word' id='word_1_293' title='bbox 968 2940 1243 3001; x_wconf 90' lang='lat' dir='ltr'><strong>Romano</strong></span> <span class='ocrx_word' id='word_1_294' title='bbox 1276 2941 1600 3017; x_wconf 85' lang='lat' dir='ltr'><strong>splendido</strong></span> <span class='ocrx_word' id='word_1_295' title='bbox 1630 2949 1691 3002; x_wconf 91' lang='lat' dir='ltr'><strong>et</strong></span> <span class='ocrx_word' id='word_1_296' title='bbox 1717 2940 1891 3015; x_wconf 82' lang='lat' dir='ltr'><strong>forti,</strong></span> <span class='ocrx_word' id='word_1_297' title='bbox 1921 2939 2003 3000; x_wconf 82' lang='lat' dir='ltr'><strong>M.</strong></span> <span class='ocrx_word' id='word_1_298' title='bbox 2030 2940 2319 3014; x_wconf 89' lang='lat' dir='ltr'><strong>Paconio,</strong></span> 
     </span>
     <span class='ocr_line' id='line_1_35' title="bbox 269 3018 2324 3096; baseline 0.002 -17"><span class='ocrx_word' id='word_1_299' title='bbox 269 3036 390 3081; x_wconf 89' lang='lat' dir='ltr'><strong>non</strong></span> <span class='ocrx_word' id='word_1_300' title='bbox 417 3018 834 3095; x_wconf 84' lang='lat' dir='ltr'><strong>impetrasset,</strong></span> <span class='ocrx_word' id='word_1_301' title='bbox 875 3030 942 3082; x_wconf 91' lang='lat' dir='ltr'><strong>ut</strong></span> <span class='ocrx_word' id='word_1_302' title='bbox 971 3020 1087 3081; x_wconf 87' lang='lat' dir='ltr'><strong>sibi</strong></span> <span class='ocrx_word' id='word_1_303' title='bbox 1114 3022 1373 3085; x_wconf 83' lang='lat' dir='ltr'><strong>insulam</strong></span> <span class='ocrx_word' id='word_1_304' title='bbox 1400 3023 1462 3084; x_wconf 90' lang='lat' dir='ltr'><strong>in</strong></span> <span class='ocrx_word' id='word_1_305' title='bbox 1493 3024 1631 3084; x_wconf 85' lang='lat' dir='ltr'><strong>lacu</strong></span> <span class='ocrx_word' id='word_1_306' title='bbox 1656 3024 1832 3084; x_wconf 89' lang='lat' dir='ltr'><strong>Prilio</strong></span> <span class='ocrx_word' id='word_1_307' title='bbox 1862 3023 2185 3096; x_wconf 85' lang='lat' dir='ltr'><strong>venderet,</strong></span> <span class='ocrx_word' id='word_1_308' title='bbox 2230 3040 2324 3083; x_wconf 89' lang='lat' dir='ltr'><strong>re-</strong></span> 
     </span>
     <span class='ocr_line' id='line_1_36' title="bbox 267 3100 2319 3180; baseline 0.002 -17"><span class='ocrx_word' id='word_1_309' title='bbox 267 3110 450 3179; x_wconf 78' lang='lat' dir='ltr'><strong>pente</strong></span> <span class='ocrx_word' id='word_1_310' title='bbox 476 3100 754 3163; x_wconf 84' lang='lat' dir='ltr'><strong>lintribus</strong></span> <span class='ocrx_word' id='word_1_311' title='bbox 785 3104 849 3164; x_wconf 91' lang='lat' dir='ltr'><strong>in</strong></span> <span class='ocrx_word' id='word_1_312' title='bbox 883 3118 1016 3164; x_wconf 87' lang='lat' dir='ltr'><strong>eam</strong></span> <span class='ocrx_word' id='word_1_313' title='bbox 1043 3102 1104 3162; x_wconf 91' lang='lat' dir='ltr'><strong>in</strong></span> <span class='ocrx_word' id='word_1_314' title='bbox 1112 3106 1304 3166; x_wconf 87' lang='lat' dir='ltr'><strong>sulam</strong></span> <span class='ocrx_word' id='word_1_315' title='bbox 1335 3106 1665 3179; x_wconf 85' lang='lat' dir='ltr'><strong>materiem,</strong></span> <span class='ocrx_word' id='word_1_316' title='bbox 1705 3106 1952 3178; x_wconf 84' lang='lat' dir='ltr'><strong>calcem,</strong></span> <span class='ocrx_word' id='word_1_317' title='bbox 1986 3114 2319 3180; x_wconf 83' lang='lat' dir='ltr'><strong>caementa,</strong></span> 
     </span>
     <span class='ocr_line' id='line_1_37' title="bbox 269 3184 2321 3266; baseline 0.002 -21"><span class='ocrx_word' id='word_1_318' title='bbox 269 3201 437 3245; x_wconf 87' lang='lat' dir='ltr'><strong>arma</strong></span> <span class='ocrx_word' id='word_1_319' title='bbox 469 3186 757 3247; x_wconf 86' lang='lat' dir='ltr'><strong>convexit</strong></span> <span class='ocrx_word' id='word_1_320' title='bbox 788 3184 1164 3259; x_wconf 86' lang='lat' dir='ltr'><strong>dominoque</strong></span> <span class='ocrx_word' id='word_1_321' title='bbox 1191 3196 1357 3249; x_wconf 84' lang='lat' dir='ltr'><strong>trans</strong></span> <span class='ocrx_word' id='word_1_322' title='bbox 1398 3188 1591 3263; x_wconf 84' lang='lat' dir='ltr'><strong>ripam</strong></span> <span class='ocrx_word' id='word_1_323' title='bbox 1628 3187 2010 3266; x_wconf 85' lang='lat' dir='ltr'><strong>inspectante</strong></span> <span class='ocrx_word' id='word_1_324' title='bbox 2056 3205 2181 3248; x_wconf 90' lang='lat' dir='ltr'><strong>non</strong></span> <span class='ocrx_word' id='word_1_325' title='bbox 2212 3190 2321 3249; x_wconf 87' lang='lat' dir='ltr'><strong>du·</strong></span> 
     </span>
     <span class='ocr_line' id='line_1_38' title="bbox 266 3265 2319 3345; baseline 0.003 -20"><span class='ocrx_word' id='word_1_326' title='bbox 266 3265 479 3326; x_wconf 87' lang='lat' dir='ltr'><strong>bitavit</strong></span> <span class='ocrx_word' id='word_1_327' title='bbox 518 3276 834 3326; x_wconf 83' lang='lat' dir='ltr'><strong>exstruere</strong></span> <span class='ocrx_word' id='word_1_328' title='bbox 875 3266 1216 3328; x_wconf 79' lang='lat' dir='ltr'><strong>aedificium</strong></span> <span class='ocrx_word' id='word_1_329' title='bbox 1264 3269 1324 3329; x_wconf 93' lang='lat' dir='ltr'><strong>in</strong></span> <span class='ocrx_word' id='word_1_330' title='bbox 1365 3270 1591 3331; x_wconf 83' lang='lat' dir='ltr'><strong>alieno:</strong></span> <span class='ocrx_word' id='word_1_331' title='bbox 1634 3268 1737 3333; x_wconf 87' lang='lat'><strong>75.</strong></span> <span class='ocrx_word' id='word_1_332' title='bbox 1781 3269 1885 3345; x_wconf 89' lang='lat' dir='ltr'><strong>qui</strong></span> <span class='ocrx_word' id='word_1_333' title='bbox 1916 3269 2058 3331; x_wconf 88' lang='lat' dir='ltr'><strong>huic</strong></span> <span class='ocrx_word' id='word_1_334' title='bbox 2082 3270 2147 3329; x_wconf 89' lang='lat' dir='ltr'><strong>T.</strong></span> <span class='ocrx_word' id='word_1_335' title='bbox 2174 3270 2319 3331; x_wconf 88' lang='lat' dir='ltr'><strong>Fur-</strong></span> 
     </span>
     <span class='ocr_line' id='line_1_39' title="bbox 267 3345 2317 3427; baseline 0.004 -23"><span class='ocrx_word' id='word_1_336' title='bbox 267 3345 450 3419; x_wconf 76' lang='lat' dir='ltr'><strong>fanio,</strong></span> <span class='ocrx_word' id='word_1_337' title='bbox 479 3349 575 3407; x_wconf 87' lang='lat' dir='ltr'><strong>cui</strong></span> <span class='ocrx_word' id='word_1_338' title='bbox 607 3346 780 3407; x_wconf 68' lang='lat' dir='ltr'><strong>viror</strong></span> <span class='ocrx_word' id='word_1_339' title='bbox 805 3347 867 3407; x_wconf 86' lang='lat' dir='ltr'><strong>di</strong></span> <span class='ocrx_word' id='word_1_340' title='bbox 895 3347 1295 3411; x_wconf 74' lang='lat' dir='ltr'><strong>immortales!</strong></span> <span class='ocrx_word' id='word_1_341' title='bbox 1330 3383 1415 3397; x_wconf 93' lang='lat'><strong>—-</strong></span> <span class='ocrx_word' id='word_1_342' title='bbox 1462 3352 1608 3426; x_wconf 87' lang='lat' dir='ltr'><strong>quid</strong></span> <span class='ocrx_word' id='word_1_343' title='bbox 1641 3351 1801 3412; x_wconf 86' lang='lat' dir='ltr'><strong>enim</strong></span> <span class='ocrx_word' id='word_1_344' title='bbox 1828 3368 1943 3427; x_wconf 85' lang='lat' dir='ltr'><strong>ego</strong></span> <span class='ocrx_word' id='word_1_345' title='bbox 1976 3353 2053 3412; x_wconf 89' lang='lat' dir='ltr'><strong>de</strong></span> <span class='ocrx_word' id='word_1_346' title='bbox 2082 3352 2317 3413; x_wconf 88' lang='lat' dir='ltr'><strong>mulier·</strong></span> 
     </span>
    </p>
   </div>
  </div>
 </body>
</html>
