2459 3817
242 140 326 203 44
738 141 816 199 ΙΝ
843 140 908 213 Ω.
941 140 1357 200 CAECILIUM
1380 140 1794 200 DIVINATIO.

245 290 349 340 Alii
383 291 497 340 ideo
532 295 710 353 putant
735 290 1089 340 divinationem
1126 291 1253 354 dici,
1294 292 1427 353 quod
1464 291 1663 341 iniurati
1695 286 1887 341 iudices
1922 290 1975 340 in
2010 287 2107 338 hac
2142 304 2285 338 causa

244 359 479 415 sedeant,
518 365 594 415 et,
632 357 770 419 quod
803 357 981 417 velint,
1034 358 1341 423 praesentire
1379 360 1443 409 de
1477 365 1688 420 utroque
1718 357 1942 422 possint3
1998 355 2081 405 alii
2096 391 2112 415 ,
2157 357 2285 419 quod

243 440 324 475 res
360 431 538 489 agatur
571 424 682 474 sine
717 424 927 475 testibus
961 437 1009 475 et
1044 427 1152 475 sine
1190 425 1404 486 tabulis,
1444 436 1493 476 et
1516 425 1597 475 his
1627 426 1831 475 remotis
1861 430 2156 489 argumenta
2180 423 2286 473 sola

245 498 517 555 sequantur
548 491 740 541 iudices
776 501 824 541 et
855 493 1001 554 quasi
1041 493 1283 544 divinent.

380 559 562 625 Agitur
598 566 765 609 autem
804 574 955 609 causa
990 562 1256 611 senatoriis
1298 561 1496 611 iudiciis
1532 560 1583 609 in
1630 559 1820 610 invidia
1866 559 2003 625 apud
2046 558 2285 624 populum

246 628 528 678 constitutis
560 628 879 691 corruptione
914 627 1180 678 multorum
1195 665 1211 693 ,
1246 629 1441 678 vexatis
1475 628 1753 693 provinciis
1790 628 2020 677 omnibns
2056 641 2117 677 ac
2138 627 2285 676 sociis
2338 638 2347 649 ·

244 694 420 760 populi
454 694 666 744 Romani
702 694 850 744 fessis
882 701 986 745 toto
1013 696 1129 745 orbe
1155 702 1425 761 terrarum,
1461 696 1837 745 accusatoribus
1868 694 2286 760 praevaricatione

248 762 517 813 infamibus
533 798 547 823 ,
597 763 854 828 flagitante
899 763 1044 828 plebe
1081 765 1271 813 iudicia
1304 764 1550 827 equestris
1588 763 1807 823 ordinIs,
1856 777 1985 825 quae
2033 762 2139 812 fere
2177 768 2287 810 ante

245 845 401 881 annos
436 830 502 880 X.
547 831 703 880 victor
735 828 874 879 Sulla
917 831 1215 891 sustulerat,
1257 838 1593 897 cognoscente
1640 831 1703 880 de
1739 831 1965 897 pecuniis
2002 829 2287 895 repetundis

245 900 328 948 Μ’.
367 898 633 949 Glabrione
667 904 897 963 praetore
923 906 973 947 et
1007 899 1336 964 amplissimis
1366 900 1648 963 quibusque
1671 898 1909 969 qenatorss
1935 898 2126 949 ordinis
2161 897 2288 946 iudi·

245 967 471 1017 cantibus
488 1002 502 1025 ,
537 980 734 1014 summa
774 968 1141 1031 exspectatione
1175 975 1482 1017 cunctorum.

383 1032 550 1084 Genus
602 1047 785 1083 causae
831 1032 1096 1084 honestum
1112 1070 1127 1094 ,
1185 1041 1347 1084 status
1395 1034 1609 1096 qualitas
1640 1032 1905 1099 neg-otialis
1956 1034 2286 1097 comparativa

246 1102 308 1151 de
342 1100 690 1151 constituendo
727 1109 1039 1161 accusatore,
1077 1104 1164 1165 qui
1203 1102 1520 1167 potissimum
1547 1102 1609 1153 de
1636 1102 1832 1152 duobus
1892 1108 1997 1151 aut.
2032 1102 2118 1163 qui
2155 1100 2287 1150 solus

245 1176 466 1218 accuset:
533 1170 654 1219 dicit
686 1168 820 1219 enim
855 1167 1100 1220 Caecilius
1146 1178 1236 1219 aut
1267 1184 1297 1218 a
1342 1184 1398 1219 se
1432 1170 1770 1219 accusandum
1813 1184 1927 1219 esse
1961 1169 2169 1219 Verrem
2205 1177 2289 1217 aut

247 1252 276 1287 ι
306 1251 363 1286 se
393 1251 607 1300 quoque.

407 1351 452 1409 1.
486 1347 544 1410 1.
587 1310 664 1409 Si
714 1350 853 1427 quis
884 1358 1168 1423 vestrum,
1216 1350 1484 1424 iudices,
1518 1358 1621 1411 aut
1655 1365 1881 1419 eorum,
1917 1347 2021 1423 qui
2050 1348 2283 1422 adsunt,

248 1433 401 1491 forte
432 1431 677 1493 miratur
711 1449 839 1507 me,
889 1432 994 1509 qui
1021 1442 1109 1493 tot
1135 1449 1332 1493 annos
1360 1432 1421 1492 in
1450 1430 1654 1492 causis
1689 1430 2055 1509 iudiciisque
2098 1428 2288 1505 publi-

245 1512 334 1572 cis
364 1514 444 1572 ita
478 1514 592 1572 sim
623 1510 931 1587 versatus,
969 1522 1036 1574 ut
1064 1514 1438 1574 defenderim
1479 1515 1729 1586 muthS,
1780 1511 2059 1573 laeserim
2105 1511 2289 1571 nemi·

247 1611 416 1667 nem,
450 1594 650 1657 subito
680 1613 840 1657 nunc
871 1603 1098 1655 mutata
1131 1598 1435 1657 voluntate
1474 1597 1555 1655 ad
1588 1596 2005 1656 accusandum
2034 1595 2289 1654 descen-

247 1678 421 1749 dere,
453 1676 507 1737 is
539 1677 593 1737 si
623 1679 738 1739 mei
770 1677 1008 1738 consilii
1039 1693 1286 1739 causam
1318 1678 1737 1752 rationemque
1766 1676 2139 1753 cognoverit,
2169 1692 2292 1736 una

245 1769 304 1821 et
331 1761 425 1834 id,
454 1761 622 1835 quod
653 1760 836 1833 faeie,
884 1759 1162 1836 probabit
1205 1770 1266 1821 et
1304 1759 1364 1820 in
1396 1760 1511 1825 hac
1554 1776 1741 1825 causa
1784 1761 2061 1839 profecto
2104 1757 2289 1819 nemi·

246 1861 382 1907 nem
414 1844 914 1921 praeponendum
944 1841 1087 1909 mihi
1116 1864 1259 1909 esse
1288 1855 1555 1908 actorem
1582 1844 1832 1922 putabit.

408 1929 467 1989 2.
505 1927 695 2001 Quum
729 1938 1016 2005 quaestor
1043 1932 1102 1990 in
1133 1928 1341 1991 Sicilia
1370 1930 1651 2002 fuissem,
1682 1927 1949 2003 iudices,
1979 1928 2185 2003 itaque
2214 1944 2289 1989 ex

244 2026 320 2070 ea
371 2011 686 2084 provincia
749 2012 1185 2086 decessissem,
1238 2022 1306 2073 ut
1355 2012 1575 2073 Siculis
1627 2010 1907 2072 omnibus
1968 2009 2286 2072 iucundam

244 2092 713 2168 diuturnamque
753 2097 1100 2155 memoriam
1133 2104 1497 2170 quaesturae
1527 2093 1911 2168 nominisque
1954 2092 2075 2153 mei
2113 2093 2285 2154 relin-

247 2191 527 2249 querem,
561 2176 784 2236 factum
811 2184 906 2235 est
933 2176 1017 2236 uti
1048 2194 1232 2250 quum
1256 2192 1556 2237 summum
1589 2174 1648 2236 in
1681 2175 1989 2238 veteribus
2017 2176 2285 2251 patronis

245 2256 448 2319 multis
475 2265 601 2318 tum
637 2275 758 2318 non
785 2258 1012 2317 nullum
1041 2257 1220 2318 etiam
1248 2258 1305 2317 in
1338 2274 1433 2319 me
1456 2256 1835 2333 praesidium
1870 2256 2000 2320 suis
2033 2257 2285 2319 fortunis

246 2339 636 2405 constitutum
671 2355 812 2401 esse
841 2340 1285 2400 arbitrarentur.
1340 2336 1451 2415 Qui
1483 2357 1641 2401 nunc
1672 2342 1943 2416 populati
1971 2349 2156 2415 atque
2186 2358 2286 2401 ve·

245 2422 369 2484 xati
402 2424 598 2483 cuncti
630 2422 707 2481 ad
737 2437 830 2481 me
863 2421 1102 2497 publice
1131 2437 1321 2498 saepe
1345 2433 1673 2497 venerunt,
1706 2430 1772 2483 ut
1811 2439 2058 2484 suarum
2102 2424 2289 2484 fortu-

246 2522 458 2565 narum
512 2504 775 2564 omnium
830 2520 1074 2565 causam
1127 2504 1667 2581 defensionemque
1723 2505 2135 2581 susciperemz
2194 2521 2292 2565 me

247 2602 434 2661 saepe
465 2602 606 2646 esse
639 2584 1000 2661 pollicitum,
1047 2602 1238 2661 saepe
1278 2586 1625 2648 ostendisse
1666 2588 1977 2659 dicebant,
2028 2586 2082 2647 si
2122 2588 2293 2663 quod

251 2679 490 2744 tempus
519 2668 870 2741 accidisset,
918 2686 1040 2743 quo
1087 2680 1359 2744 tempore
1397 2668 1626 2745 aliquid
1676 2686 1713 2729 a
1752 2686 1847 2730 me
1891 2670 2291 2745 requirerent,

246 2750 582 2812 commodis
611 2768 818 2812 eorum
849 2767 945 2810 me
968 2768 1087 2811 non
1113 2752 1473 2813 defuturum.
1516 2749 1853 2814 &Venisse
1881 2762 2123 2827 tempus
2166 2752 2293 2811 aie-

245 2836 402 2911 bant,
417 2850 536 2893 non
561 2832 677 2893 iam
711 2842 777 2895 ut
806 2835 1125 2894 commoda
1153 2852 1295 2907 sua,
1339 2836 1449 2895 sed
1478 2841 1542 2895 ut
1570 2834 1753 2896 vitam
1788 2836 2167 2910 salutemque
2198 2843 2290 2895 to·-

247 2916 362 2977 tius
388 2911 736 2989 provinciae
760 2917 1179 2978 defendet-cmx
1211 2934 1353 2978 sese
1381 2918 1498 2977 iam
1521 2933 1598 2977 ne
1620 2918 1773 2978 deos
1800 2917 2044 2992 quidem
2065 2916 2125 2976 in
2158 2916 2294 2979 suis

243 2997 493 3059 urbibus
533 3000 612 3057 ad
637 3014 794 3073 quos
825 3000 1218 3075 confugerent
1246 3001 1499 3074 habere,
1532 3001 1697 3075 quod
1726 3014 1935 3061 eorum
1966 2998 2296 3060 simulacra

245 3079 629 3141 sanctissima
663 3080 724 3140 C.
749 3083 973 3141 Verres
1003 3097 1079 3140 ex
1110 3082 1377 3142 delubris
1403 3080 1881 3157 religiosissimis
1908 3080 2293 3141 sustu11sset=

247 3179 398 3237 quas
425 3178 527 3223 res
560 3163 829 3223 luxuries
872 3164 931 3221 in
961 3161 1237 3237 flagitiis,
1284 3164 1610 3225 crudelitas
1644 3164 1705 3223 in
1748 3162 2103 3239 suppliciiS,
2143 3180 2293 3223 ava-

246 3244 378 3305 ritia
419 3245 478 3306 in
509 3244 769 3320 rapinis,
817 3243 1104 3319 superbia
1147 3245 1206 3304 in
1256 3245 1635 3307 contumeliis
1677 3246 1923 3307 efficere
1964 3244 2289 3321 potuisset,

247 3343 349 3386 eas
380 3344 591 3387 omnes
624 3343 763 3387 sese
793 3327 912 3387 hoc
953 3343 1073 3387 uno
1108 3336 1389 3402 praetore
1424 3346 1532 3402 per
1570 3328 1889 3389 triennium
1930 3326 2295 3403 pertulisset
