2459 3817
791 100 956 164 cAP.
989 110 1251 166 16—18.
1294 107 1349 170 5.
1378 107 1647 166 38—45.
2132 97 2253 164 113

172 252 318 320 huic
350 264 412 317 et
441 271 615 318 suam
645 263 707 317 et
731 255 811 316 ab
840 255 959 318 hoc
991 255 1351 317 observatas
1382 253 1573 318 tribus
1614 254 1865 330 ederes,
1904 269 2027 315 non
2063 253 2253 316 modo

180 357 302 402 non
329 355 649 416 quererer,
695 340 807 399 sed
830 339 992 400 hunc
1027 339 1101 399 iis
1136 337 1441 400 iudicibus
1464 337 1677 413 editis,
1713 336 1820 415 qui
1848 337 2033 399 iidem
2061 345 2253 400 testes

175 439 320 486 esse
349 431 637 498 possent,
680 422 1022 485 absolutum
1058 429 1359 498 putarem,
1414 438 1617 498 neque
1646 438 1808 484 nunc
1850 425 2036 484 multo
2067 437 2252 484 secus

175 505 479 568 existimo.
526 507 722 580 Quum
752 507 911 566 enim
940 507 1052 568 has
1087 505 1279 568 tribus
1314 504 1579 582 edidisti,
1607 505 1832 582 ignotis
1862 515 1920 567 te
1948 504 2252 567 iudicibus

173 589 262 652 uti
317 590 495 651 malle
538 607 722 666 quam
771 589 932 652 notis
972 588 1349 651 indicavistiz
1404 589 1611 664 fugisti
1665 591 2025 652 sententiam
2066 588 2251 663 legts=

173 671 540 749 aequitatem
563 689 804 736 omnem
823 673 1118 736 reiecisti=
1149 675 1208 734 in
1242 673 1507 734 tenebris
1541 688 1722 748 quam
1751 673 1810 733 in
1844 675 1979 735 luce
2002 688 2253 734 causam

176 755 408 818 versari
450 757 732 820 maluisti.
819 755 924 820 43.
975 756 1243 818 Voltinia
1287 755 1479 817 tribus
1509 756 1587 816 ab
1618 755 1737 816 hoc
1770 765 2086 832 corruptaz
2142 757 2250 816 Te·

175 841 435 904 retinam
459 841 776 902 ‘habuerat
827 841 1126 902 venalem.
1197 837 1353 912 Quid
1384 837 1617 899 diceret
1642 839 1812 914 apud
1834 839 2251 900 Voltinienses

175 930 282 986 aut
307 923 476 998 apud
507 923 758 984 tribules
789 939 943 985 suos
974 922 1256 984 iudices?
1297 922 1485 981 Immo
1518 937 1665 982 vero
1698 930 1762 982 tu
1793 922 1937 996 quid
1971 921 2253 982 diceres?

177 1023 361 1082 quem
403 1007 668 1067 iudicem
709 1022 790 1066 ex
832 1005 949 1065 illis
997 1013 1103 1066 aut
1152 1003 1398 1066 tacitum
1432 1011 1649 1066 testem
1680 1004 1942 1065 haberes
1972 1011 2076 1064 aut
2105 1020 2252 1065 vero

178 1089 361 1150 etiam
394 1089 744 1150 excitares?
769 1087 1005 1148 Etenim
1039 1087 1094 1148 si
1121 1103 1266 1149 reus
1304 1086 1492 1147 tribus
1524 1089 1748 1161 ederet,
1782 1086 2109 1150 Voltiniam
2133 1089 2252 1148 for·

176 1179 348 1232 tasse
375 1171 658 1232 Plancius
695 1180 945 1246 propter
974 1169 1495 1232 necessitudinem
1536 1187 1610 1231 ac
1640 1170 2040 1245 vicinitatem,
2076 1187 2251 1232 suam

175 1270 326 1316 vero
369 1261 533 1316 certe
562 1254 877 1316 edidisset.
963 1256 1066 1330 Et,
1103 1253 1158 1315 si
1190 1253 1509 1330 quaesitor
1536 1253 1679 1316 huic
1708 1255 1987 1316 edendus
2015 1253 2251 1327 fuisset,

174 1353 358 1415 quem
391 1339 629 1400 tandem
661 1339 868 1414 potius
895 1355 1076 1415 quam
1109 1339 1272 1400 hunc
1303 1339 1366 1398 Ο.
1397 1339 1653 1412 Alfium,
1690 1355 1872 1416 quem
1900 1338 2115 1412 habet,
2151 1338 2251 1399 cui

173 1421 531 1484 notissimus
560 1439 706 1484 esse
730 1422 928 1496 debet,
960 1421 1245 1496 vicinum,
1275 1422 1575 1503 tribulem,
1596 1423 2024 1498 gravissimum
2056 1422 2249 1483 homi·

172 1523 312 1568 nem
353 1505 876 1582 iustissimumque
911 1506 1258 1568 edidisset?
1286 1505 1461 1569 cuius
1496 1507 1743 1582 quidem
1774 1507 2055 1583 aequitas
2084 1513 2143 1566 et
2178 1521 2251 1565 ea

179 1592 461 1651 voluntas
507 1607 653 1666 erga
683 1592 784 1652 Cn.
811 1590 1037 1651 Plancii
1081 1591 1369 1662 salutem,
1412 1607 1593 1664 quam
1626 1589 1725 1650 ille
1760 1589 1892 1651 sine
1923 1592 2045 1651 ulla
2080 1587 2249 1664 cupi·

172 1671 384 1735 ditatis
414 1673 760 1748 suspitione
801 1690 948 1748 prae
979 1688 1049 1733 se
1081 1675 1225 1746 fert,
1268 1671 1446 1733 facile
1479 1673 1749 1732 declarat
1781 1688 1900 1732 non
1935 1671 2129 1734 fuisse
2159 1675 2250 1732 fu·

171 1755 438 1830 giendos
467 1756 720 1818 tribules
749 1755 890 1816 huic
917 1755 1187 1830 iudices,
1231 1753 1331 1816 cui
1373 1755 1779 1830 quaesitorem
1825 1753 2103 1815 tribulem
2144 1771 2251 1814 ex-

171 1838 504 1914 optandum
541 1837 734 1899 ruisse
763 1839 1042 1901 videatis.

295 1921 507 1982 XVIII.
552 1920 656 1984 44.
691 1921 904 1997 Neque
933 1938 1049 1997 ego
1101 1937 1264 1982 nunc
1292 1919 1611 1984 consilium
1638 1919 2024 1997 reprebendo
2062 1929 2249 1996 tuum,

171 2005 344 2082 quod
367 2021 476 2065 eas
509 2005 718 2078 tribus,
749 2005 972 2080 quibus
991 2012 1122 2066 erat
1150 2004 1249 2064 hic
1280 2004 1542 2066 maxime
1566 2013 1767 2079 notus,
1791 2022 1914 2066 non
1946 2003 2248 2065 ediderisae

171 2089 286 2150 sed
322 2105 359 2148 a
387 2096 447 2150 te
483 2089 681 2154 doceo
706 2087 1030 2150 consilium
1053 2105 1174 2150 non
1201 2097 1509 2151 servatum
1536 2098 1809 2150 senatus.
1839 2085 2073 2150 Etenim
2110 2086 2250 2162 quis

170 2181 228 2233 te
257 2180 384 2234 tum
406 2170 643 2234 audiret
669 2173 907 2234 illorum
950 2180 1053 2234 aut
1076 2172 1223 2248 quid
1247 2172 1487 2234 diceres
1509 2179 1539 2231 τ
1578 2171 2055 2248 sequestremne
2074 2169 2245 2230 Plan-

171 2255 376 2317 cium?
409 2264 771 2332 respuerent
799 2273 1000 2332 aureS,
1034 2273 1214 2318 nemo
1245 2265 1627 2332 agnosceret,
1656 2256 2071 2332 repudiarent.
2146 2256 2244 2315 An

169 2339 551 2415 gratiosum?
586 2339 670 2401 illi
716 2339 975 2402 libenter
1013 2340 1321 2414 audirent,
1363 2356 1478 2402 nos
1520 2357 1643 2401 non
1686 2340 1892 2402 timide
1928 2337 2247 2400 confitere·

171 2440 324 2486 mur.
409 2421 543 2485 Noli
585 2425 743 2486 enirn
787 2434 1033 2501 putare,
1061 2423 1443 2498 Laterensis,
1473 2423 1710 2499 legibus
1744 2423 1908 2497 istis,
1952 2437 2107 2498 quas
2150 2437 2247 2482 se·

171 2515 352 2570 natus
385 2508 464 2569 de
493 2509 720 2571 ambitu
748 2509 972 2572 sancirl
1001 2507 1290 2582 voluerit,
1332 2505 1395 2569 id
1424 2523 1568 2569 esse
1596 2515 1827 2579 actum,
1853 2514 1920 2567 ut
1946 2505 2248 2579 suffraga-

169 2591 252 2653 tio
269 2638 284 2665 ,
313 2601 378 2654 ut
407 2592 814 2667 observantia,
843 2602 911 2657 ut
937 2592 1128 2670 gratia
1158 2593 1485 2654 tolleretur.
1574 2591 1833 2666 Semper
1862 2590 2107 2650 fuerunt
2134 2587 2247 2648 viri

170 2674 346 2750 boni,
391 2675 494 2750 qui
538 2678 702 2751 apud
741 2676 994 2739 tribules
1023 2693 1176 2738 suos
1204 2673 1459 2751 gratiosi
1488 2690 1630 2735 esse
1663 2675 1905 2734 vellent.
1992 2671 2095 2733 45.
2128 2671 2242 2732 Ne-

169 2774 291 2832 que
333 2773 481 2818 vero
513 2766 630 2819 tam
666 2761 854 2820 durus
881 2761 939 2820 in
981 2759 1224 2837 plebem
1264 2765 1475 2821 noster
1504 2759 1657 2818 ordo
1690 2756 1827 2826 suit,
1858 2765 1925 2817 ut
1953 2771 2089 2816 eam
2124 2754 2245 2816 coli

171 2849 378 2903 nostra
401 2840 643 2903 modica
671 2842 1027 2904 liberalitate
1059 2842 1340 2912 noluerit,
1396 2857 1597 2916 neque
1625 2841 1745 2900 hoc
1776 2838 1985 2900 liberis
2015 2838 2245 2900 nostris

168 2923 656 2987 interdicendum
684 2933 796 3000 est,
834 2944 910 2988 ne
934 2926 1265 2988 observent
1284 2924 1533 2986 tribules
1558 2941 1727 2996 suoS,
1764 2939 1841 2984 no
1864 2921 2134 2999 diligant,
2168 2937 2247 2982 ne

168 3010 477 3070 conficere
511 3009 881 3072 necessariis
914 3008 1044 3071 suis
1068 3024 1242 3070 suam
1276 3007 1493 3071 tribum
1524 3007 1782 3083 possint,
1818 3023 1896 3068 ne
1921 3022 2033 3082 par
2062 3007 2140 3066 ab
2170 3003 2247 3064 iis

167 3109 390 3154 munus
433 3093 495 3154 in
535 3110 652 3154 sua
691 3091 980 3168 petitione
1009 3099 1389 3168 exspectent.
1479 3092 1647 3152 Haec
1691 3091 1851 3152 enim
1897 3091 2077 3166 plena
2108 3095 2251 3148 sunt

170 3176 386 3250 officii,
420 3179 599 3252 plena
632 3174 1093 3249 observantiae,
1123 3177 1305 3251 plena
1332 3173 1513 3236 etiam
1548 3169 1943 3250 antiquitatis.
2028 3173 2151 3231 Isto
2183 3169 2247 3230 in

167 3275 394 3336 genere
423 3267 483 3321 et
511 3259 736 3322 fuimus
759 3258 908 3336 ipsi,
952 3275 1138 3336 quum
1172 3257 1519 3320 ambitionis
1549 3267 1795 3320 nostrae
1824 3265 2101 3330 tempora
2136 3269 2248 3330 po·

170 3342 508 3419 stulabant,
553 3351 615 3405 et
657 3342 1033 3406 clarissimos
1079 3341 1247 3404 viros
1292 3359 1435 3404 esse
1481 3339 1743 3402 vidimus
1788 3347 1859 3473 eg
1888 3336 2073 3400 hodie
2103 3352 2255 3401 esse

298 3444 422 3486 οπο.
470 3445 657 3489 onA'r.
704 3429 772 3489 11
985 3438 997 3496 ῥ

968 3510 1001 3597 s

932 3620 999 3741 ί
