2459 3817
149 106 279 185 -182
584 109 662 168 ΙΝ
708 110 772 171 C.
818 109 1147 171 VERREM
1190 109 1367 170 ACT.
1413 109 1488 169 11.
1532 107 1679 168 LIB.
1726 104 1805 165 V.

158 282 285 337 est:
326 282 545 351 teque,
586 273 977 337 sanctissima
1008 281 1203 337 mater
1232 277 1446 348 idaea,
1487 289 1674 369 quam
1707 270 1878 347 apud
1906 268 2224 346 Enguinos

156 358 595 435 augustissimo
632 367 695 420 et
731 356 1216 451 religiosissimo·
1238 357 1302 419 in
1333 358 1564 423 templo
1605 354 1699 417 sic
1728 354 2056 429 spoliatam
2088 353 2225 415 reli-

154 440 304 535 quit,
332 447 398 500 ut
431 453 592 498 nunc
621 452 844 499 nomen
874 437 1059 497 modo
1086 434 1358 496 Africani
1387 444 1450 497 et
1478 434 1738 511 vestigia
1768 435 2033 497 violatae
2079 434 2221 497 reli·

152 522 353 597 gionis
382 526 680 591 maneant,
710 528 1101 580 monumenta
1128 517 1422 580 victoriae
1444 517 1693 594 sanique
1722 527 2075 581 ornamenta
2096 534 2219 579 non

154 611 423 664 exstentz
468 618 727 677 vosque,
759 601 1027 663 omnium
1050 617 1257 662 rerum
1286 600 1637 675 rorensium,
1669 601 2064 664 consiliorum
2093 618 2219 661 ma·

155 687 474 759 ximorum,
504 687 704 760 legum
733 684 1217 759 iudiciorumque
1249 682 1454 744 arbitri
1484 693 1545 745 et
1575 692 1788 757 testes,
1817 684 2216 745 celeberrimo

152 769 213 829 in
251 771 390 830 loco
429 770 645 844 populi
672 766 933 828 Romani
968 766 1184 840 locati,
1245 767 1460 828 Castor
1498 776 1559 828 et
1582 767 1829 840 Pollux,
1882 783 2142 842 quorum
2184 781 2221 826 e

154 852 379 927 templo
413 860 730 926 quaestum
772 851 891 912 iste
926 849 1047 911 sibi
1080 858 1143 911 et
1182 851 1470 925 praedam
1499 848 2012 925 improbissimam
2055 865 2219 911 com-

155 934 424 1011 paravit:
468 950 806 1009 omnesque
836 933 917 1008 di,
952 932 1056 1008 qui
1081 932 1380 994 vehiculis
1403 934 1711 995 tensarum
1741 934 2052 994 sollennes
2077 948 2218 993 coe·

154 1026 253 1079 tus
285 1019 569 1078 ludorum
595 1015 790 1090 initis,
826 1033 1085 1092 quorum
1114 1014 1227 1077 iter
1257 1015 1374 1077 iste
1407 1015 1487 1076 ad
1515 1032 1696 1076 suum
1724 1024 2066 1091 quaestum,
2095 1030 2218 1075 non

154 1102 236 1160 ad
266 1100 627 1175 religionum
652 1098 1001 1175 dignitatem
1042 1098 1394 1160 faciundum
1434 1098 1928 1173 exigendumque
1955 1098 2219 1159 curavit=

157 1181 298 1246 187.
329 1191 542 1258 teque,
576 1184 759 1243 Ceres
790 1191 850 1243 et
877 1181 1126 1257 Libera,
1168 1198 1424 1257 quarum
1455 1197 1664 1255 sacra,
1708 1180 1868 1243 sicut
1897 1178 2220 1256 opiniones

156 1264 469 1327 hominum
507 1281 581 1325 ac
620 1264 950 1341 religiones
993 1266 1223 1339 serunt,
1268 1265 1450 1340 longe
1477 1263 1758 1327 maximis
1801 1271 1986 1339 atque
2017 1263 2220 1324 occul-

156 1348 407 1409 tissimis
438 1347 821 1409 caerimoniis
851 1347 1264 1420 continentur,
1305 1364 1344 1408 a
1386 1346 1610 1423 quibus
1649 1346 1820 1408 initia
1847 1346 2010 1407 vitae
2036 1355 2223 1422 atque

157 1431 373 1501 victua
406 1447 659 1503 morum,
685 1432 903 1505 legum,
930 1428 1436 1503 mansuetudinis,
1464 1428 1853 1492 humanitatis
1873 1428 2220 1491 hominibus

156 1523 217 1573 et
246 1511 593 1575 civitatibus
624 1513 765 1571 data
790 1528 864 1572 ac
896 1512 1213 1587 dispertita
1243 1528 1388 1573 esse
1421 1511 1722 1588 dicuntur,
1756 1528 2011 1587 quarum
2044 1528 2221 1574 sacra

160 1596 427 1671 populus
449 1596 761 1655 Romanus
789 1611 827 1655 a
850 1594 1101 1656 Graecis
1128 1596 1323 1656 ascita
1356 1603 1418 1656 et
1445 1603 1700 1671 accepta
1729 1602 1895 1657 tanta
1921 1594 2221 1671 religione

158 1689 221 1740 et
248 1680 491 1754 publice
518 1686 581 1739 et
610 1678 745 1753 priv
746 1677 891 1738 atim
918 1686 1146 1753 tuetur,
1185 1694 1309 1738 non
1347 1685 1416 1739 ut
1443 1678 1522 1738 ab
1555 1678 1684 1740 illis
1696 1678 1819 1739 huc
1830 1678 2076 1775 adlata,
2108 1678 2220 1737 sed

155 1771 223 1823 ut
252 1760 510 1823 caeteris
539 1760 682 1822 hinc
714 1761 931 1822 tradita
964 1778 1107 1823 esse
1136 1760 1490 1833 videantur,
1525 1778 1686 1836 quae
1721 1761 1802 1822 ab
1829 1746 1946 1822 isto
1971 1775 2096 1822 uno
2131 1760 2221 1821 sic

157 1846 387 1918 polluta
414 1860 488 1905 ac
518 1844 740 1906 violata
782 1854 951 1918 sunt,
994 1853 1057 1905 ut
1096 1843 1487 1906 simulacrum
1517 1842 1753 1906 Cereris
1791 1862 2010 1919 unum,
2053 1843 2221 1919 quod

157 1944 193 1985 a
224 1927 353 1987 viro
383 1944 507 1987 non
540 1929 725 1988 modo
754 1927 950 2002 tangi,
990 1928 1103 1987 sed
1130 1944 1207 1989 ne
1237 1927 1428 2002 aspici
1463 1926 1706 2001 quidem
1737 1927 1834 1989 fas
1863 1926 2002 2002 mit,
2047 1943 2084 1987 e
2125 1942 2222 1987 sa·

157 2010 355 2070 erario
384 2009 595 2070 Catina
625 2011 1091 2071 convellendum
1132 2010 1658 2085 auferendumque
1699 2008 2033 2084 curaverit,
2075 2010 2222 2069 aite-

154 2109 290 2151 rum
318 2101 519 2152 autem
546 2094 762 2152 Henna
790 2109 869 2152 ex
900 2110 1015 2153 sua
1043 2094 1194 2153 sede
1224 2108 1300 2153 ac
1320 2093 1508 2153 domo
1537 2092 1867 2166 sustulerit,
1897 2092 2065 2168 quod
2095 2098 2225 2152 erat

156 2177 307 2248 tale,
336 2183 403 2236 ut
429 2174 709 2235 homines
726 2220 743 2246 ,
780 2192 965 2249 quum
994 2173 1302 2248 viderent,
1334 2183 1439 2237 aut
1466 2173 1667 2251 ipsam
1691 2175 1908 2236 videre
1947 2190 2018 2235 se
2047 2175 2224 2235 Cere-

155 2274 285 2319 rem
312 2265 418 2318 aut
429 2258 693 2332 effigiem
707 2257 943 2319 Cereris
961 2274 1081 2319 non
1099 2257 1366 2318 humana
1386 2262 1824 2331 manufactam,
1851 2258 1967 2319 sed
1988 2258 2071 2318 de
2083 2272 2224 2318 cae-

158 2341 217 2401 lo
240 2342 475 2415 lapsam
510 2340 971 2401 arbitrarenture
1018 2338 1157 2403 188.
1200 2358 1322 2402 vos
1364 2340 1547 2402 etiam
1575 2350 1762 2417 atque
1789 2339 1972 2402 etiam
2006 2341 2224 2415 implo-

157 2440 227 2483 ro
250 2431 310 2483 ct
330 2425 594 2497 appello,
626 2421 1052 2484 sanctissimae
1086 2424 1257 2496 deae,
1291 2439 1452 2498 quae
1488 2424 1628 2486 illos
1656 2425 2022 2485 Hennenses
2049 2424 2224 2483 lacus

156 2504 458 2578 lucosque
512 2505 805 2577 incolitiS,
859 2514 1239 2580 cunctaeque
1279 2505 1554 2579 Siciliae,
1609 2523 1772 2582 quae
1817 2504 1964 2566 mihi
2013 2505 2222 2565 delen·

156 2587 361 2647 denda
410 2586 628 2648 tradita
666 2595 792 2659 est,
836 2587 1231 2663 praesidetis,
1273 2605 1314 2648 a
1346 2588 1601 2663 quibus,
1644 2588 1911 2651 inventis
1949 2586 2223 2661 frugibus

156 2668 306 2730 etin
337 2670 546 2731 orbem
586 2677 877 2731 terrarum
921 2670 1288 2745 diStributis,
1329 2688 1544 2733 omnes
1583 2681 1801 2748 gentes
1827 2687 1903 2732 ac
1945 2668 2224 2731 nationes

152 2749 344 2813 vestri
387 2753 684 2829 religione
730 2753 990 2815 numinis
1052 2756 1464 2816 continentum
1529 2764 1810 2817 caeteros
1861 2753 2008 2815 item
2069 2753 2223 2813 deos

156 2835 437 2909 deasque
467 2852 681 2897 omnes
716 2835 973 2913 imploro
1006 2846 1067 2898 et
1096 2837 1401 2910 obtestor,
1433 2855 1695 2912 quorum
1725 2834 1968 2913 templis
1999 2843 2062 2896 et
2089 2835 2226 2896 reli·

154 2918 441 2991 gionibus
472 2916 620 2993 iste,
670 2920 901 2981 nefario
944 2921 1208 2995 quodam
1253 2922 1459 2981 rurore
1487 2929 1551 2981 et
1576 2919 1836 2981 audacia
1885 2918 2228 2988 instinctuS,

157 2998 379 3061 bellum
409 3002 770 3077 sacrilegum
801 3020 1045 3077 semper
1072 3002 1449 3077 impiumque
1477 3002 1688 3064 habuit
1716 3001 2025 3072 indictum,
2057 3009 2142 3071 ut,
2175 2997 2230 3059 si

154 3081 216 3143 in
246 3082 365 3144 hoc
394 3100 501 3145 reo
532 3095 717 3160 atque
760 3084 821 3145 in
849 3086 969 3145 hac
999 3102 1188 3146 causa
1218 3084 1424 3146 omnia
1464 3102 1601 3146 mea
1643 3084 1902 3148 consilia
1941 3084 2022 3144 ad
2065 3084 2229 3145 salu-

155 3176 273 3227 tem
307 3166 648 3239 sociorum,
678 3165 1027 3240 dignitatern
1062 3168 1272 3243 populi
1303 3166 1593 3239 Romani,
1639 3168 1823 3229 fldem
1857 3182 2055 3227 meam
2085 3180 2232 3241 spe-

154 3257 501 3322 ctaverunt,
557 3250 611 3309 si
661 3250 885 3308 nullam
938 3250 1020 3309 ad
1071 3265 1200 3309 rem
1245 3248 1364 3309 nisi
1407 3251 1488 3311 ad
1533 3248 1804 3311 officium
1845 3259 1906 3310 et
1948 3247 2228 3309 virtutem

157 3347 372 3392 omnes
430 3348 607 3393 meae
668 3346 884 3401 curae,
941 3329 1185 3404 vigiliae
1241 3330 1772 3408 cogitationesque
1817 3332 2228 3402 elaborarunt,
