2459 3817
800 135 969 200 cAP.
996 142 1169 197 5-8.
1198 144 1256 207 s.
1284 143 1522 202 ιιι-19.
1563 156 1618 201 0
2067 129 2193 195 215

108 307 227 368 set
270 300 336 363 in
378 318 449 363 re
488 299 737 377 publiea
780 299 1099 379 cogitavit,
1144 302 1262 364 sed
1305 300 1454 378 quid
1499 302 1706 364 facere
1741 298 1882 378 ipse
1907 301 2192 363 deberet:

110 384 357 446 deinde
387 401 425 445 a
451 385 653 458 vobis,
684 391 895 461 patres
920 384 1272 462 conscripti,
1296 392 1466 462 peto,
1495 392 1584 461 ut,
1607 384 1788 448 etiam
1812 384 1864 447 si
1889 384 2068 461 sequi
2089 384 2193 446 mi-

115 485 247 529 nus
285 467 591 529 audebitis
624 468 967 531 orationem
997 476 1187 545 atque
1220 467 1644 533 auctoritatem
1676 484 1892 543 meam,
1927 468 2192 546 benigne

112 566 225 611 me
256 560 463 613 tamen
480 596 496 621 ,
528 558 598 613 ut
630 552 835 613 adhue
870 552 1132 624 fecistis,
1173 551 1458 615 audiatis.

259 635 359 695 16.
403 633 671 697 Primum
710 633 896 711 igitur
924 643 1065 698 aeta
1098 635 1384 697 Caesaris
1417 637 1729 699 servanda
1761 650 2024 710 censeo,
2067 651 2191 695 non

116 734 255 793 quo
289 718 547 794 probem
581 752 651 767 -
687 718 827 795 quis
856 718 1017 781 enim
1045 718 1108 781 id
1138 719 1388 795 quidem
1410 722 1662 797 potest?
1685 752 1762 766 --
1796 720 1909 780 sed
1934 717 2079 795 quia
2100 734 2192 777 ra·

114 801 359 863 tionem
384 801 726 863 habendam
751 802 1015 864 maxime
1046 800 1317 864 arbitror
1344 804 1518 877 pacis
1549 810 1736 879 atque
1769 802 1896 865 otii.
1952 797 2194 862 Vellem

112 886 383 946 adesset
394 885 476 946 Μ.
488 887 815 959 Αιιιοῐιίιιε,
834 886 1019 947 modo
1034 886 1170 947 sine
1182 886 1526 949 advocatis.
1557 886 1701 956 Sed,
1717 892 1785 946 ut
1799 884 2036 960 opinor,
2055 883 2196 945 licet

114 967 181 1027 ei
204 968 415 1029 minus
436 970 665 1041 valere,
690 968 861 1044 quod
878 967 1024 1029 mibi
1042 968 1175 1029 heri
1186 967 1482 1043 perillum
1499 984 1626 1029 non
1645 966 1889 1029 licebat.
1929 969 2196 1028 Doceret

118 1067 229 1110 me
260 1054 365 1111 vel
400 1051 609 1126 potius
644 1068 793 1124 vos,
824 1060 1033 1128 patres
1064 1051 1422 1127 conscripti,
1454 1066 1638 1129 quem
1667 1054 1748 1112 ad
1779 1050 2028 1112 modum
2057 1050 2196 1125 ipse

122 1134 418 1194 Caesaris
443 1141 583 1195 aeta
610 1134 991 1196 defenderet.
1034 1137 1135 1196 An
1156 1136 1219 1195 in
1245 1133 1765 1197 commentariolis
1795 1144 1858 1196 et
1881 1134 2194 1208 chirogra-

122 1216 271 1291 phis
297 1224 361 1277 et
380 1216 601 1278 libellis
626 1232 700 1277 se
726 1234 853 1279 uno
878 1223 1137 1279 auctore
1159 1217 1416 1293 prolatis
1441 1234 1516 1280 ac
1539 1235 1619 1279 ne
1642 1218 1899 1293 prolatis
1925 1217 2193 1292 quidem,

122 1300 242 1359 sed
272 1306 505 1361 tantum
532 1299 721 1363 modo
754 1300 936 1363 dictis
964 1307 1103 1362 aeta
1132 1300 1418 1363 caesaris
1447 1302 1624 1363 firma
1652 1308 1857 1363 erunt:
1903 1316 2066 1377 quae
2093 1300 2194 1361 ille

122 1381 186 1443 in
220 1399 333 1445 aes
363 1383 603 1457 incidit,
646 1382 709 1444 in
741 1401 867 1462 quo
898 1383 1115 1461 populi
1140 1384 1316 1447 iussa
1347 1394 1812 1463 perpetuasque
1842 1387 2012 1461 leges
2048 1398 2194 1445 esse

123 1468 357 1541 voluit,
404 1482 523 1545 pro
553 1466 741 1529 nihilo
786 1468 1214 1531 habebuntur?
1271 1469 1370 1529 17.
1400 1469 1703 1545 Equidem
1731 1467 2018 1530 existimo
2048 1467 2195 1529 nihil

123 1557 253 1611 tam
284 1566 430 1612 esse
462 1551 525 1613 in
553 1551 709 1613 actis
739 1551 1021 1614 caesaris
1058 1566 1246 1628 quam
1277 1556 1451 1628 leges
1489 1552 1789 1614 Caesaris.
1843 1555 1943 1612 An
1959 1598 1975 1624 ,
2011 1551 2068 1612 si
2095 1550 2195 1613 cui

130 1633 285 1729 quid
318 1635 421 1695 ille
454 1634 764 1710 promisit,
792 1635 857 1696 id
890 1636 1007 1696 erit
1034 1637 1256 1705 fixum,
1293 1637 1466 1709 quod
1492 1636 1656 1697 idem
1685 1651 1812 1695 non
1843 1636 2054 1695 faeere
2081 1650 2194 1709 po·

124 1718 286 1778 tuit?
312 1726 381 1777 ut
410 1719 615 1777 multis
647 1721 836 1779 multa
866 1718 1175 1795 promissa
1202 1734 1330 1780 non
1358 1718 1520 1779 fecit.
1581 1720 1752 1793 Quae
1771 1726 1976 1780 tamen
1999 1722 2192 1781 multo

129 1802 312 1875 plura
338 1798 443 1860 illo
482 1807 729 1861 mortuo
764 1808 1012 1876 reperta
1051 1808 1199 1862 sunt
1241 1817 1426 1875 quam
1473 1817 1509 1861 a
1543 1801 1688 1863 vivo
1735 1801 2040 1862 beneficia
2080 1817 2198 1876 per

130 1897 350 1943 omnes
380 1898 579 1944 annos
606 1882 837 1945 tributa
864 1891 924 1945 et
948 1884 1111 1946 data.
1162 1884 1288 1946 Sed
1315 1901 1388 1946 ea
1417 1902 1540 1946 non
1564 1893 1756 1957 muto,
1779 1900 1903 1945 non
1934 1900 2192 1946 moveo:

130 1982 371 2028 summo
400 1967 605 2027 studio
630 1964 793 2030 illius
816 1968 1137 2046 praeclara
1158 1974 1300 2029 aeta
1320 1970 1612 2030 defendo.
1667 1968 1938 2029 Pecunia
1961 1970 2196 2030 utinam

128 2050 216 2110 ad
246 2050 399 2125 Opis
426 2054 734 2113 maneret!
783 2061 1041 2135 cruenta
1064 2053 1170 2113 illa
1200 2051 1480 2127 quidem,
1521 2053 1635 2113 sed
1664 2052 1760 2113 his
1791 2052 2193 2127 temporibus,

132 2135 426 2209 quoniam
453 2134 548 2207 iis,
580 2151 845 2211 quorum
879 2145 1005 2208 est,
1036 2152 1161 2198 non
1194 2137 1502 2208 redditur,
1532 2134 1907 2197 necessaria.
1975 2137 2192 2210 Quam·

132 2232 319 2291 quarn
350 2232 425 2279 ea
452 2234 707 2293 quoque
734 2222 816 2282 sit
842 2220 1071 2291 effusa,
1114 2220 1171 2280 si
1200 2220 1285 2280 ita
1311 2219 1373 2280 in
1406 2218 1559 2281 actis
1597 2218 1728 2281 ruit.
1821 2217 1917 2279 18.
1953 2217 2194 2293 Ecquid

135 2308 233 2361 est
260 2303 431 2377 quod
457 2310 582 2363 tam
619 2303 871 2379 proprie
900 2304 1021 2365 diei
1051 2302 1256 2379 possit
1287 2309 1490 2370 aetum
1515 2302 1677 2373 eiuS,
1710 2301 1818 2377 qui
1849 2310 2098 2379 togatus
2129 2302 2195 2361 in

136 2399 205 2445 re
231 2385 475 2461 publiea
498 2401 635 2446 cum
661 2394 977 2483 potestate
996 2385 1386 2463 imperioque
1408 2394 1696 2447 versatus
1718 2386 1816 2458 sit,
1842 2402 2027 2461 quam
2049 2386 2194 2449 lex?

138 2469 375 2542 Quaere
395 2476 531 2531 acta
555 2470 841 2532 Gracchi:
866 2473 1041 2547 leges
1064 2469 1469 2545 Semproniae
1492 2473 1902 2546 proferentur.
1951 2470 2194 2544 Quaere

136 2552 373 2614 Sullae:
424 2553 761 2615 Corneliae.
858 2554 1053 2628 Quid?
1122 2553 1398 2629 Pompeii
1451 2550 1668 2615 tertius
1717 2557 2078 2613 consulatus
2130 2552 2192 2611 in

138 2636 359 2710 quibus
390 2636 544 2699 actis
572 2636 886 2699 constitit?
926 2652 1153 2713 nempe
1185 2637 1249 2697 in
1285 2638 1545 2713 legibus.
1629 2638 1720 2697 De
1752 2636 2018 2696 Caesare
2051 2635 2190 2711 ipso

136 2720 193 2779 si
220 2736 553 2793 quaereres
584 2720 873 2796 quidnam
904 2722 1139 2797 egisset
1166 2720 1226 2780 in
1262 2720 1419 2781 urbe
1449 2734 1511 2781 et
1551 2718 1613 2778 in
1642 2726 1806 2791 toga,
1843 2720 2014 2793 leges
2044 2718 2193 2777 mul-

138 2810 235 2863 tas
262 2803 673 2879 responderet
705 2820 777 2865 se
820 2812 884 2865 et
912 2807 1266 2881 praeclaras
1311 2802 1556 2869 tulisse,
1601 2800 2006 2877 chirographa
2036 2814 2190 2861 vero

139 2893 241 2946 aut
266 2893 527 2947 mutaret
553 2893 662 2947 aut
688 2902 815 2947 non
849 2887 1028 2947 daret
1058 2893 1192 2958 aut,
1237 2886 1294 2946 si
1316 2885 1625 2956 dedisset,
1655 2898 1780 2943 non
1813 2884 1965 2945 istas
1997 2900 2101 2944 res
2129 2882 2192 2943 in

140 2968 289 3030 actis
330 2970 463 3031 suis
514 2971 789 3031 duceret.
891 2968 1020 3031 Sed
1061 2969 1216 3029 haec
1265 2968 1406 3046 ipsa
1455 2967 1765 3030 concedo:
1823 2966 2192 3042 quibusdam

146 3051 319 3113 etiam
350 3052 411 3114 in
443 3053 629 3115 rebus
660 3053 955 3124 coniveo,
996 3052 1058 3113 in
1090 3051 1370 3113 maximis
1399 3068 1552 3113 vero
1582 3048 1791 3123 rebus,
1827 3050 1890 3112 id
1917 3058 2018 3111 est
2045 3048 2192 3124 legi·

146 3136 283 3208 bus,
327 3144 465 3199 acta
492 3138 776 3199 Caesaris
814 3134 1075 3198 dissolvi
1112 3136 1432 3197 terendum
1473 3151 1597 3196 non
1627 3140 1800 3209 puto.
1885 3134 2043 3194 vm.
2093 3131 2192 3215 19.

148 3219 309 3293 Quae
334 3222 434 3282 lex
475 3222 717 3291 melior.
766 3218 1000 3292 utilior,
1044 3218 1278 3295 optima
1327 3220 1509 3284 etiam
1550 3235 1620 3279 re
1661 3216 1908 3293 publica
1941 3214 2193 3289 saepius

150 3301 409 3377 flagitata
438 3320 621 3380 quam
652 3321 733 3366 ne
768 3302 1117 3382 praetoriae
1156 3304 1517 3379 provinciae
1556 3303 1697 3378 plus
1741 3314 1924 3375 quam
1970 3313 2196 3360 annum

152 3400 299 3448 neve
344 3389 487 3465 plus
534 3404 719 3466 quam
762 3388 1075 3451 biennium
1122 3388 1486 3449 consulares
1546 3382 2004 3447 obtinerentur?
2061 3380 2196 3443 Hae
