2459 3817
800 133 965 194 CAP.
999 141 1260 196 13—15;
1301 138 1352 200 S.
1387 137 1654 198 29—35.
2182 130 2267 194 55

193 287 363 365 quod
406 302 725 349 commune
765 285 1089 348 consilium
1130 285 1300 363 quod
1335 293 1460 346 tum
1493 303 1616 346 non
1645 282 2266 348 honorificentissime

192 373 273 432 de
312 387 449 432 mea
490 373 688 432 salute
734 371 1139 443 decrevisset,
1192 387 1380 446 quum
1425 370 1626 431 subito
1672 369 1921 430 edicunt
1961 369 2085 430 duo
2122 385 2263 430 con-

195 456 397 529 suleS,
430 462 501 516 ut
516 455 595 514 ad
624 471 799 514 suum
826 455 1103 516 vestitum
1128 462 1451 514 senatores
1469 453 1754 514 redirent.
1810 452 1958 526 Quis
1983 469 2266 526 umquam

194 540 412 600 consui
440 546 723 598 senatum
750 537 947 612 ipsius
976 537 1240 598 decretis
1271 552 1487 611 parere
1515 535 1864 612 prohibuit?
1899 537 2040 610 quis
2061 545 2266 614 tyran·

196 639 311 683 nus
341 620 601 682 miseros
634 622 845 700 lugere
884 620 1117 682 vetuit?
1174 620 1471 680 Parumne
1503 628 1627 692 est,
1673 619 1848 694 Piso,
1890 629 1960 680 ut
2000 622 2265 682 omittam

196 704 544 780 Gabinium,
582 705 748 780 quod
778 713 1007 766 tantum
1038 702 1318 764 homines
1348 701 1646 777 fefellisti,
1690 711 1756 764 ut
1787 703 2128 778 negligeres
2158 721 2262 767 au·

192 787 530 850 ctoritatem
574 797 854 862 senatuS,
907 787 1117 863 optimi
1164 787 1470 862 cuiusque
1515 785 1773 848 consilia
1819 795 2262 864 contemneres,

192 887 319 932 rem
345 871 647 946 publicam
672 871 991 946 proderes,
1018 872 1345 932 consulare
1363 885 1584 930 nomen
1609 868 1985 946 adfligeres?
2005 870 2265 932 etiamne

191 955 435 1015 edicere
452 955 749 1026 audebas,
772 971 855 1015 ne
874 953 1514 1014 maererenthomines
1539 969 1764 1027 meam,
1797 969 2002 1028 suam,
2035 953 2121 1013 rei
2151 971 2263 1028 pu-

192 1039 388 1099 blicae
429 1038 857 1110 calamitatem,
905 1055 983 1098 ne
1026 1038 1187 1098 hunc
1230 1054 1410 1098 suum
1445 1037 1720 1097 dolorem
1753 1045 1926 1097 ves-te
1955 1035 2262 1112 significa·

192 1128 367 1182 rent?
438 1121 585 1181 Sive
625 1120 728 1180 illa
766 1120 961 1182 vestis
1004 1119 1254 1181 mutatio
1298 1122 1375 1181 ad
1425 1122 1650 1180 luctum
1691 1121 1966 1196 ipsorum
2009 1119 2142 1180 sive
2182 1121 2262 1182 ad

191 1203 647 1278 deprecandum
690 1204 961 1278 valebat,
1021 1203 1161 1279 quis
1200 1220 1490 1278 umquam
1533 1212 1658 1264 tam.
1699 1203 1968 1264 erudelis
2009 1203 2118 1263 suit
2158 1203 2264 1278 qui

146 1299 155 1306 ·
191 1286 545 1362 prohiberet
582 1303 952 1362 quemquam
992 1295 1097 1348 aut
1128 1287 1246 1346 sibi
1287 1303 1558 1348 maerere
1591 1295 1696 1348 aut
1773 1285 1993 1348 ceteris
2029 1287 2262 1362 suppli-

187 1385 331 1430 care
344 1376 381 1428 v:
432 1368 535 1431 33.
582 1370 783 1444 Quint
816 1387 931 1431 sua
957 1378 1181 1445 >sponte
1208 1370 1486 1432 homines
1512 1370 1576 1430 ‚in
1607 1370 1939 1432 amicorum
1969 1369 2261 1445 periculis

189 1452 469 1514 vestitum
502 1463 737 1514 mutare
767 1471 887 1514 non
920 1455 1162 1516 solent?
1195 1470 1310 1529 pro
1339 1460 1399 1515 te
1427 1455 1596 1529 ipso,
1631 1454 1806 1528 Piso,
1840 1470 2102 1516 nemone
2131 1471 2259 1516 mu·

186 1535 396 1598 tabit-8v
422 1553 501 1598 ne
526 1536 624 1599 isti
654 1537 933 1612 quidem,
982 1554 1141 1614 quos
1169 1539 1407 1614 legatos
1439 1554 1562 1598 non
1596 1538 1782 1598 modo
1811 1539 1981 1598 null-o
2009 1546 2260 1600 senatus
2337 1554 2342 1560 ·

184 1621 465 1682 consulto
481 1637 505 1694 ,·
564 1622 677 1682 sed
726 1622 907 1682 etiam
954 1631 1337 1697 repugnante
1389 1630 1605 1683 senatu
1658 1621 1765 1682 tibi
1821 1630 1947 1682 tute
1997 1621 2258 1696 legasti?

182 1704 345 1778 Ergo
377 1703 639 1764 hominis
670 1705 980 1779 desperati
1022 1713 1081 1764 et
1116 1705 1452 1780 proditoris
1492 1705 1582 1764 rei
1615 1703 1898 1778 publicae
1927 1719 2141 1764 casum
2169 1706 2257 1766 lu·

182 1787 413 1860 gebunt
451 1787 715 1847 fortasse
760 1789 863 1862 qui
901 1789 1135 1848 volent:
1184 1786 1338 1846 civis
1373 1785 1790 1846 florentissimi
1831 1787 2258 1848 benevolentia

183 1871 486 1930 bonorum
519 1878 580 1929 et
614 1869 842 1944 optime
872 1871 953 1928 de
986 1871 1180 1931 salute
1227 1870 1458 1944 patriae
1487 1869 1682 1928 meriti
1732 1868 2068 1942 perieulum
2113 1886 2252 1931 con-

184 1953 454 2013 iunctum
496 1967 634 2012 cum
680 1951 953 2027 periculo
996 1951 1258 2012 civitatis
1295 1953 1506 2024 lugere
1555 1950 1794 2013 senatui
1845 1968 1968 2012 non
2013 1952 2259 2014 licebit?

184 2041 523 2113 Eidemque
548 2039 869 2110 consules,
904 2037 958 2098 si
979 2038 1329 2114 appellandi
1353 2045 1499 2098 sunt
1534 2040 1844 2112 consules,
1875 2056 2034 2114 quos
2059 2055 2240 2100 nemo

182 2130 283 2182 est
306 2121 451 2197 quin
476 2137 595 2180 non
622 2121 806 2180 modo
832 2137 907 2180 ex
924 2121 1231 2195 memoria,
1258 2123 1370 2182 sed
1387 2121 1565 2181 etiam
1591 2137 1668 2180 ex
1688 2122 1858 2182 fastis
1881 2123 2242 2184 evellendos

184 2212 391 2280 putet,
433 2211 617 2280 pacto
658 2203 776 2262 iam
820 2204 1072 2264 foedere
1108 2204 1586 2279 provinciarum,
1637 2206 1926 2280 producti
1962 2207 2020 2267 in
2075 2206 2240 2267 circo

186 2287 477 2348 Flaminio
506 2287 567 2346 in
588 2286 937 2347 contionem
960 2287 1039 2346 ab
1066 2287 1168 2347 illa
1193 2288 1350 2349 suria
1379 2303 1452 2348 ac
1481 2295 1661 2364 peste
1689 2289 1942 2363 patriae,
1975 2289 2240 2350 maximo

179 2387 319 2430 cum
354 2370 580 2444 gemitu
608 2377 821 2430 vestro
846 2370 949 2431 illa
986 2371 1216 2440 omnia,
1263 2387 1423 2446 quae
1459 2379 1586 2432 tum
1621 2379 1836 2433 contra
1865 2389 1964 2432 me
2002 2379 2240 2432 contra-

183 2471 306 2528 que
335 2469 463 2513 rem
494 2452 799 2528 publicam
845 2494 1117 2514 .......
1167 2470 1324 2515 voce
1363 2469 1436 2514 ac
1479 2456 1784 2515 sententia
1815 2472 1930 2516 sua
1959 2471 2241 2530 compro·

179 2538 505 2597 baverunt.
592 2538 726 2596 XV.
772 2535 993 2596 lisdem
1028 2538 1390 2598 consulibus
1421 2538 1780 2598 sedentibus
1817 2546 2003 2614 atque
2037 2539 2240 2614 inspe-

184 2621 491 2681 ctantibus
518 2621 641 2680 lata
670 2622 771 2680 lex
801 2626 923 2692 est,
956 2639 1036 2681 nn
1057 2639 1348 2683 suerrum
1367 2641 1707 2696 uminum,
1739 2641 1822 2682 nn
1842 2639 1984 2688 ems
2009 2641 2238 2684 onnon·

181 2723 443 2779 TIARET,
467 2723 548 2764 lm
574 2721 721 2770 QUIS
742 2722 893 2764 Lnffl
912 2721 1416 2766 Imnncnnnnnw:
1448 2723 1530 2766 ΠΤ
1551 2723 1824 2766 omnus
1857 2723 2082 2765 rasus
2103 2723 2238 2766 Dm·

180 2805 295 2848 nus
318 2805 533 2848 menn
552 2805 735 2845 rnnm
754 2803 1051 2846 menum:
1081 2805 1165 2847 m·
1190 2807 1312 2847 mx
1332 2788 1559 2859 Anna,
1582 2807 1703 2847 mx
1724 2789 1925 2848 Fur-*m
1947 2807 2030 2848 xm
2049 2807 2238 2848 vnn·

177 2889 327 2930 nm:
362 2885 484 2944 qua
515 2881 637 2928 una
663 2867 983 2941 rogatione
1010 2868 1147 2941 quis
1176 2881 1274 2928 est
1297 2869 1400 2943 qui
1424 2884 1544 2928 non
1569 2868 1862 2943 intelligat
1889 2869 2239 2930 universam

179 2967 309 3011 rem
334 2949 640 3028 publicam
662 2951 1125 3010 essedeletam?
1154 2951 1256 3010 34.
1281 2952 1630 3026 Iisdemque
1653 2953 2012 3014 consulibus
2037 2954 2238 3027 inspe-

178 3036 484 3096 ctantibus
518 3049 839 3094 servorum
870 3033 1129 3094 dilectus
1161 3035 1502 3094 habebatur
1528 3051 1642 3110 pro
1671 3035 1957 3096 tribunali
1985 3035 2236 3096 Aurelio

178 3119 425 3178 nomine
449 3116 865 3192 collegiorum,
896 3133 1083 3191 quum
1106 3117 1352 3178 vicatim
1377 3118 1655 3178 homines
1685 3119 2236 3189 conscriberentur,

176 3199 659 3274 decuriarentur,
691 3201 770 3261 ad
796 3200 934 3272 vim,
962 3201 1041 3260 ad
1068 3217 1300 3272 manuS,
1325 3203 1402 3262 ad
1433 3203 1705 3274 caedem,
1733 3205 1810 3263 ad
1829 3202 2236 3276 direptionem

174 3281 590 3346 incitarentur.
648 3283 1000 3358 Iisdemque
1024 3285 1384 3346 consulibus
1405 3284 1472 3323 *¹*
1506 3299 1674 3345 arma
1701 3287 1760 3345 in
1799 3287 2090 3358 tempium
2129 3285 2236 3344 Ca·

174 3366 363 3427 storis
398 3370 598 3441 palam
632 3367 1206 3441 comportabantur,
1249 3369 1478 3442 gradus
1509 3368 1783 3428 eiusdem
1821 3366 2030 3439 tempii
2059 3367 2230 3427 tosse-
