2459 3817
826 167 991 232 CAP.
1022 175 1215 233 7—9.
1262 176 1312 237 s.
1345 179 1611 237 21-27.
2216 173 2259 239 9

187 319 410 382 tientur
462 335 532 380 se
571 319 804 392 abste,
854 318 971 379 nisi
1018 319 1238 382 virtute
1276 319 1620 396 vincentur,
1668 321 1902 384 honore
1953 323 2250 396 superari.

187 402 289 466 25.
332 405 415 462 At
454 403 539 475 si,
580 401 847 475 iudiceS‚
934 403 1151 464 ceteris
1194 403 1466 478 patriciis
1507 421 1604 464 me
1639 413 1700 465 et
1734 423 1847 466 vos
1887 409 2251 480 peregrinos

190 485 385 546 videri
406 493 731 560 oporteret,
766 502 805 544 a
831 487 1137 561 Torquato
1171 495 1368 546 tamen
1395 487 1513 547 hoc
1543 487 1752 548 vitium
1783 489 2082 548 sileretur.
2142 489 2254 550 Est

188 568 347 640 enim
383 567 517 642 ipse
548 575 818 628 materno
848 585 1073 642 genere
1101 569 1504 645 municipalis,
1537 570 1952 631 honestissimi
1981 587 2054 630 ac
2077 570 2249 630 nobi-

188 651 405 713 lissimi
450 650 721 726 generis,
766 653 877 712 sed
922 660 1119 713 tamen
1151 653 1467 714 Asculani.
1533 656 1658 714 Aut
1699 653 1878 728 igitur
1910 655 2131 714 doceat
2156 653 2247 712 Pi-

188 743 397 795 centes
444 735 612 795 solos
654 751 775 794 non
820 751 964 795 esse
1003 735 1363 810 peregrinos
1416 744 1519 796 aut
1565 738 1831 811 gaudeat
1876 753 1991 797 suo
2039 736 2251 810 generi

184 836 285 880 me
322 833 521 877 meum
553 834 672 878 non
702 826 1092 893 anteponere.
1168 819 1300 892 Qua
1327 835 1394 879 re
1423 835 1623 892 neque
1649 828 1714 879 tu
1741 835 1836 878 me
1867 821 2250 893 peregrinum

186 901 444 976 posthac
480 899 740 973 dixeris,
770 919 847 960 ne
878 902 1127 974 gravius
1156 902 1454 972 refutere,
1484 917 1683 974 neque
1713 917 1949 974 regem,
1984 917 2061 960 ne
2090 901 2249 962 deri·

186 985 388 1044 deare.
450 983 578 1042 Nisi
606 985 761 1044 forte
788 985 1021 1057 regium
1050 983 1157 1043 tibi
1188 983 1428 1043 videtur
1456 983 1539 1043 ita
1561 983 1786 1054 vivere,
1821 991 2030 1043 utnon
2061 984 2246 1043 modo

186 1067 413 1128 homini
442 1065 681 1138 nemini,
710 1067 823 1125 sed
852 1082 931 1125 ne
960 1065 1276 1140 cupiditati
1299 1065 1546 1140 quidem
1568 1066 1672 1125 ulli
1697 1065 1954 1138 serviaS,
1982 1075 2249 1126 contem-

186 1165 332 1209 nere
362 1165 575 1207 omnes
607 1147 909 1219 libidines,
942 1164 1065 1208 non
1094 1147 1246 1219 auri,
1281 1164 1404 1207 non
1433 1148 1684 1222 argenti,
1722 1165 1844 1208 non
1914 1155 2250 1209 ceterarum

186 1247 391 1290 rerum
420 1229 725 1304 indigere,
768 1229 829 1288 in
860 1238 1076 1290 senatu
1103 1229 1330 1292 sentire
1363 1229 1580 1301 libere,
1623 1231 1837 1305 populi
1870 1230 2060 1305 magis
2092 1231 2248 1292 utili-

186 1314 291 1374 tati
322 1312 643 1372 consulere
672 1329 853 1386 quam
884 1314 1205 1374 voluntati:
1242 1313 1467 1374 nemini
1489 1314 1727 1387 cedere,
1758 1315 1956 1374 multis
1989 1313 2249 1386 obsiste·
2315 1347 2319 1352 =

186 1413 272 1456 re.
338 1394 404 1454 Si
433 1395 550 1454 hoc
582 1403 758 1469 putas
788 1412 932 1458 esse
965 1395 1228 1470 regium,
1259 1413 1356 1457 me
1385 1413 1592 1472 regem
1620 1413 1763 1458 esse
1795 1398 2119 1457 confiteor=
2153 1397 2248 1456 sin

188 1488 245 1540 te
290 1478 563 1553 potentia
602 1495 763 1550 mea,
816 1478 871 1540 si
916 1479 1279 1554 dominatio,
1329 1481 1384 1542 si
1425 1479 1692 1556 denique
1730 1479 1981 1556 aliquod
2023 1479 2247 1541 dictum

184 1564 490 1636 adrogans
539 1569 643 1622 aut
688 1563 1019 1638 superbum
1064 1572 1298 1636 movet,
1353 1562 1496 1639 quin
1542 1573 1605 1625 tu
1645 1563 1709 1623 id
1751 1564 1955 1638 potius
2002 1565 2250 1639 profers

187 1661 370 1720 quam
402 1645 571 1706 verbi
598 1644 887 1706 invidiam
920 1647 1472 1722 contumeliamque
1504 1646 1850 1706 maledicti?

353 1729 453 1788 IX.
486 1727 587 1787 26.
630 1729 779 1802 Ego,
817 1729 997 1789 tantis
1027 1746 1065 1789 a
1092 1746 1191 1789 me
1220 1728 1537 1789 beneficiis
1567 1728 1627 1787 in
1651 1745 1716 1787 re
1743 1727 1984 1802 publica
2009 1727 2249 1802 positiS,

180 1811 232 1873 si
263 1811 495 1870 nullum
516 1809 680 1869 aliud
706 1810 855 1870 mihi
884 1811 1219 1885 praemium
1250 1811 1326 1870 ab
1356 1819 1572 1870 senatu
1595 1811 1950 1884 populoque
1972 1811 2248 1869 Romano

184 1893 304 1956 nisi
326 1893 650 1952 honestum
686 1892 872 1952 otium
902 1896 1304 1966 postularem,
1342 1892 1481 1967 quis
1510 1909 1631 1952 non
1669 1893 2078 1952 concederet?
2120 1891 2248 1954 Sibi

183 1974 779 2047 haberenthonoreS,
804 1974 921 2034 sibi
934 1975 1203 2050 imperia,
1232 1975 1348 2035 sibi
1365 1973 1734 2049 provinciaS,
1760 1973 1876 2034 sibi
1891 1973 2250 2048 triumphos,

186 2058 303 2120 sibi
342 2057 462 2117 alia
504 2059 851 2130 praeclarae
891 2058 1089 2118 laudis
1129 2057 1423 2133 insignia=
1477 2057 1621 2118 mihi
1650 2057 1858 2117 liceret
1893 2056 2026 2117 eius
2059 2055 2252 2128 urbiS,

186 2159 371 2218 quam
419 2155 916 2214 conservassem,
961 2149 1302 2216 conspectu
1345 2141 1668 2219 tranquillo
1713 2139 1913 2200 animo
1951 2148 2010 2201 et
2043 2141 2251 2214 quieto

185 2224 324 2286 frui.
388 2221 588 2296 ouidi
620 2221 673 2283 si
702 2223 821 2284 hoc
844 2239 965 2284 nou
1003 2226 1275 2298 postulo:
1315 2223 1368 2284 si
1395 2223 1497 2284 ille
1529 2225 1704 2284 labor
1733 2240 1906 2284 meus
1938 2221 2253 2298 pristinUS,

184 2309 238 2368 si
280 2305 655 2378 sollicitudo,
712 2306 767 2367 si
810 2307 1043 2379 officia,
1102 2306 1157 2367 si
1206 2323 1462 2382 operae,
1516 2305 1570 2367 si
1611 2305 1856 2381 vigiliae
1897 2304 2256 2366 deserviunt

184 2387 429 2462 amiciS,
464 2397 711 2464 praesto
744 2398 887 2450 sunt
914 2389 1225 2451 omnibusz
1264 2390 1315 2451 si
1351 2406 1552 2473 neque
1579 2389 1757 2450 amici
1787 2389 1847 2450 in
1879 2391 2010 2450 foro
2045 2387 2250 2462 requi-

182 2480 325 2534 runt
362 2471 629 2533 studium
670 2488 871 2533 meum
912 2489 1115 2548 neque
1152 2489 1255 2533 res
1298 2474 1544 2547 publica
1568 2472 1630 2532 in
1663 2474 1860 2533 curia=
1912 2471 1966 2532 si
1999 2488 2097 2531 me
2127 2487 2254 2531 non.

183 2556 369 2616 modo
402 2572 527 2616 non
566 2571 767 2616 rerum
810 2564 1115 2631 gestarum
1156 2555 1431 2631 vacatio,
1475 2558 1589 2618 sed
1623 2572 1825 2630 neque
1854 2553 2108 2616 honoris
2144 2571 2250 2614 ne-

186 2656 308 2714 que
335 2638 554 2700 aetatis
582 2637 901 2700 excusatio
928 2639 1201 2700 vindicat
1239 2656 1276 2699 a
1305 2639 1547 2701 labores
1594 2639 1648 2698 si
1682 2641 1962 2699 voluntas
1992 2654 2160 2710 mea,
2197 2635 2254 2695 si

183 2720 514 2794 industria,
546 2721 601 2782 si
630 2723 877 2794 domuS,
915 2721 970 2782 si
997 2721 1265 2794 animuS,
1303 2723 1356 2781 si
1386 2739 1566 2783 aures
1600 2729 1808 2796 patent
1837 2721 2150 2782 omnibusx
2197 2718 2254 2780 si

184 2804 329 2864 mihi
370 2821 450 2864 ne
478 2805 558 2862 ad
592 2820 665 2864 ea
700 2804 977 2879 quidem,
1020 2822 1180 2880 quae
1222 2821 1336 2879 pro
1379 2806 1576 2865 salute
1609 2804 1874 2864 omnium
1909 2803 2108 2878 gessi,
2154 2820 2248 2863 re-

183 2887 497 2946 cordanda
525 2894 587 2945 et
614 2885 938 2961 cogitanda
962 2888 1296 2962 quidquam
1320 2887 1678 2961 relinquitur
1706 2886 2014 2962 temporiS,
2048 2895 2252 2946 tamen

183 2970 303 3030 hoc
340 2985 593 3044 regnum
636 2969 1067 3044 appellabitur,
1126 2968 1304 3030 cuius
1347 2970 1608 3030 vicarius
1653 2969 1757 3044 qui
1792 2970 1937 3030 velit
1977 2986 2119 3030 esse
2161 2968 2248 3028 in-

185 3051 378 3112 veniri
409 3067 587 3112 nemo
622 3059 871 3126 potest?
923 3052 1133 3126 Longe
1170 3052 1349 3113 abest
1379 3069 1418 3114 a
1455 3069 1552 3112 me
1583 3051 1754 3127 regni
1785 3051 2077 3128 suspitio:
2151 3049 2252 3112 27.

182 3133 283 3195 sin
314 3134 557 3209 quaeris
600 3135 706 3208 qui
736 3134 857 3194 sint
882 3136 1114 3194 Romae
1154 3150 1410 3209 regnum
1446 3151 1752 3210 occupare
1785 3134 2020 3206 conati,
2068 3143 2136 3193 ut
2173 3149 2252 3192 ne

184 3216 448 3292 replices
486 3217 791 3279 annalium
820 3218 1203 3290 memoriam,
1246 3233 1325 3277 ex
1365 3218 1719 3281 domesticis
1761 3215 2126 3292 imaginibus
2162 3213 2248 3274 in-

180 3298 417 3362 venies.
474 3303 599 3360 Res
630 3300 791 3361 enim
818 3309 1061 3375 gestae,
1105 3301 1324 3372 credo,
1363 3317 1534 3361 meae
1565 3317 1663 3362 me
1693 3299 1872 3359 nimis
1907 3300 2254 3360 extulerunt

174 3399 257 3445 ac
296 3382 445 3444 mihi
486 3383 698 3445 nescio
747 3399 907 3459 quos
954 3381 1205 3458 spiritus
1248 3386 1587 3446 attulerunt.
1679 3380 1912 3454 Quibus
1947 3379 2027 3438 de
2065 3380 2254 3440 rebus
