2459 3817
294 113 372 183 18
478 193 481 196 ⁴
896 85 1045 182 rao
1070 119 1137 179 Ρ.
1170 117 1426 180 suLLA
1456 115 1758 181 oaArio.

298 281 363 335 ut
390 280 723 348 occuparet
750 269 1050 332 Etruriam
1076 269 1615 346 praescriberetur,
1641 287 1844 346 quum
1879 267 2080 332 omnia
2113 268 2372 333 ordina-

296 364 535 429 rentur,
590 355 1059 427 instruerentur,
1099 362 1486 429 pararentur,
1525 352 1632 414 ubi
1678 354 1790 415 fuit
1828 353 2026 426 Sulla,
2073 355 2376 416 Corneli?

296 457 441 500 num
468 441 742 500 Romae?
768 437 951 497 immo
978 437 1162 510 longe
1188 435 1365 498 afuitz
1409 453 1554 496 num
1580 435 1642 496 in
1669 435 1746 497 iis
1795 437 2184 512 regionibus,
2235 455 2370 513 quo

298 538 369 585 ze
400 521 651 582 Catilina
678 518 1017 580 inferebat?
1054 521 1242 580 multo
1272 518 1453 580 etiam
1481 517 1760 594 longius=
1800 536 1944 580 num
1973 521 2033 580 in
2059 536 2217 594 agro
2255 521 2371 581 Ca-

296 604 489 677 merti,
501 603 743 677 Piceno,
755 602 1006 676 Gallico,
1025 618 1179 678 quas
1204 603 1265 662 in
1297 618 1438 662 oras
1461 601 1724 662 maxime
1753 603 1929 677 quasi
1949 603 2204 664 morbus
2231 603 2368 678 qui-

298 689 437 747 dam
477 685 637 747 illius
681 685 904 746 furoris
939 691 1340 760 pervaserat?
1381 683 1530 744 nihil
1559 700 1706 746 vero
1736 685 1955 745 minus·
2009 685 2146 746 Fuit
2175 685 2364 759 enim,

300 769 507 831 utiam
538 776 678 830 ante
713 768 858 840 dixi,
890 766 1175 844 Neapoli=
1217 767 1328 828 suit
1355 765 1415 827 in
1445 783 1521 828 ea
1551 776 1721 842 parte
1749 767 1986 840 Italiae,
2034 785 2195 842 quae
2236 785 2359 828 ma·

294 853 459 914 xime
484 853 601 914 ista
630 850 971 926 suspitione
1012 849 1223 913 caruit.
1309 849 1410 912 54.
1458 850 1611 924 Quid
1642 866 1788 925 ergo
1817 850 2045 911 indicat
2071 859 2182 912 aut
2211 851 2365 926 quid

298 937 495 996 adfert
530 944 635 996 aut
671 935 811 1010 ipse
838 933 1155 996 Cornelius
1185 941 1290 995 aut
1319 949 1461 1006 vos,
1494 932 1598 1008 qui
1635 933 1790 994 haee
1833 932 1909 992 ab
1941 933 2044 993 illo
2073 934 2366 1002 mandata

294 1019 586 1080 defertis?
624 1017 1006 1078 Gladiatores
1028 1025 1267 1092 emptos
1297 1031 1440 1077 esse
1461 1015 1672 1076 Fausti
1702 1015 2086 1078 simulatione
2108 1017 2190 1076 ad
2221 1033 2362 1076 eae-

294 1103 435 1162 dem
462 1118 537 1162 ac
564 1103 901 1163 tumultum.
986 1101 1075 1161 Ita
1100 1116 1385 1172 prorsusz
1421 1097 1762 1174 interpositi
1799 1107 1940 1160 sunt
1967 1099 2362 1174 gladiatores

298 1201 457 1260 quos
480 1192 838 1246 testamento
863 1183 1053 1258 patris
1062 1181 1275 1243 deberi
1306 1179 1968 1258 videmus.—Adrepta
1987 1189 2086 1242 est
2115 1181 2365 1256 familia,

298 1284 458 1343 quae
488 1266 541 1326 si
570 1275 739 1328 esset
764 1266 1209 1340 praetermissa,
1253 1274 1468 1341 posset
1493 1265 1613 1325 alia
1640 1258 1864 1326 familia
1890 1263 2098 1325 Fausti
2134 1280 2361 1326 munus

297 1348 963 1424 praebere.—-Utinam
991 1348 1236 1422 quidem
1263 1348 1417 1408 haec
1457 1346 1598 1422 ipsa
1632 1364 1756 1408 non
1786 1349 1969 1408 modo
2011 1345 2364 1422 iniquo-rum

294 1429 580 1501 invidiae,
614 1431 729 1491 sed
756 1446 1094 1504 aequorum
1122 1428 1565 1505 exspectationi
1597 1428 1745 1492 satis
1777 1431 1982 1490 facere
2013 1438 2362 1505 posset!—

292 1514 688 1586 Properatum
728 1512 1118 1574 vehementer
1163 1520 1288 1586 est,
1341 1529 1526 1588 quum
1569 1515 1750 1588 longe
1789 1521 2032 1588 tempus
2087 1512 2364 1574 muneris

293 1596 860 1670 abesset—Quasi
892 1612 1040 1657 vero
1071 1603 1316 1669 tempus
1345 1595 1531 1655 dandi
1562 1597 1829 1658 muneris
1869 1612 1994 1657 non
2023 1596 2204 1657 valde
2247 1612 2361 1671 ap-

295 1679 987 1755 propinquaret—Nec
1022 1677 1308 1753 opinante
1333 1678 1589 1752 Fausto,
1646 1695 1832 1753 quum
1859 1678 1914 1738 is
1946 1692 2144 1752 neque
2171 1679 2364 1740 sciret

292 1779 497 1839 neque
539 1765 749 1838 vellet,
790 1761 1017 1824 familia
1056 1770 1151 1824 est
1193 1768 1560 1837 comparata.
1582 1759 1774 1823 -55.
1811 1763 1894 1822 At
1932 1761 2162 1822 litterae
2213 1770 2360 1822 sunt

291 1845 519 1921 Fausti,
553 1862 666 1922 per
698 1863 855 1922 quas
888 1846 991 1908 ille
1024 1846 1310 1923 precibus
1331 1861 1370 1904 a
1390 1845 1452 1903 P.
1477 1844 1646 1905 Sulla
1675 1844 1824 1918 petit
1847 1852 1914 1905 ut
1940 1851 2099 1904 emat
2128 1842 2356 1918 gladia·

296 1938 459 1991 tores
487 1938 549 1991 et
578 1938 645 1991 ut
670 1929 787 1991 hos
817 1929 993 2005 ipsos
1022 1937 1213 2003 emat,
1264 1944 1468 2003 neque
1513 1929 1710 1988 solum
1739 1928 1820 1986 ad
1849 1926 2076 1988 Sullam
2109 1925 2356 2000 missae,

295 2014 406 2074 sed
436 2012 516 2071 ad
549 2012 615 2071 L.
646 2013 986 2084 Caesarem,
1020 2012 1088 2085 Q.
1114 2010 1488 2087 Pompeium,
1512 2010 1576 2070 C.
1601 2008 1967 2083 Memmium,
1992 2026 2248 2084 quorum
2276 2011 2358 2069 de

295 2092 598 2156 sententia
626 2101 752 2154 tota
782 2111 885 2154 res
919 2102 1095 2168 gesta
1122 2096 1429 2155 est.--At
1461 2092 1726 2168 praefuit
1751 2092 2266 2158 familiae—Iam
2303 2090 2356 2152 si

296 2177 357 2237 in
391 2176 666 2251 paranda
694 2174 921 2235 familia
949 2176 1116 2236 nulla
1142 2175 1412 2253 suspitio
1439 2184 1552 2248 est,
1580 2175 1718 2250 quis
1746 2175 2076 2250 praefuerit
2107 2173 2253 2234 nihil
2277 2175 2354 2234 ad

295 2276 423 2320 rem
455 2257 969 2334 pertinet—Sed
997 2267 1197 2319 tamen
1216 2275 1468 2320 munere
1495 2257 1703 2320 servili
1735 2258 1948 2320 obtulit
1967 2275 2038 2320 se
2059 2259 2144 2318 ad
2171 2259 2354 2318 ferra-

296 2350 499 2404 menta
541 2339 999 2417 prospicienda.
1038 2375 1111 2386 -
1140 2341 1408 2403 Praefuit
1449 2357 1597 2403 vero
1631 2357 1979 2416 numquam,
2015 2357 2216 2415 eaque
2249 2355 2353 2400 res

292 2425 458 2488 omni
490 2433 765 2500 tempore
793 2441 906 2500 per
944 2426 1206 2498 Bellum,
1235 2423 1446 2486 Fausti
1473 2423 1768 2498 libertum,
1796 2424 2212 2486 administrata
2238 2429 2352 2483 est.

460 2509 587 2568 XX.
630 2506 733 2570 56.
772 2510 855 2569 At
886 2506 1047 2568 enim
1071 2506 1284 2569 Sittius
1314 2516 1408 2568 est
1435 2508 1514 2568 ab
1534 2506 1736 2568 hocin
1765 2507 2114 2569 ulteriorem
2133 2505 2352 2579 Hispa·

292 2589 456 2652 niam
487 2589 744 2664 missus,
785 2597 854 2651 ut
880 2605 1015 2650 eam
1048 2589 1428 2665 provinciam
1467 2591 1862 2664 perturbaret.
1949 2588 2210 2650 Primum
2238 2587 2352 2648 Sit-

294 2673 431 2747 tiuS,
468 2673 723 2746 iudices,
756 2672 826 2733 L.
854 2673 1005 2734 Iulio
1036 2673 1100 2732 C.
1126 2671 1340 2748 Figulo
1379 2673 1733 2736 consulibus
1764 2673 2080 2748 profectus
2114 2679 2210 2732 est
2230 2669 2352 2730 xali-

294 2765 521 2832 quanto
554 2765 694 2819 ante
724 2757 991 2818 furorem
1013 2755 1304 2818 Catilinae
1331 2764 1391 2818 et
1429 2755 1836 2832 suspitionem
1865 2755 2048 2818 huius
2077 2753 2352 2817 coniura-

289 2839 505 2901 tionise
548 2839 771 2901 deinde
806 2848 903 2902 est
928 2841 1244 2916 protectus
1279 2856 1402 2900 non
1439 2848 1563 2900 tum
1596 2838 1884 2914 primum,
1925 2839 2040 2900 sed
2080 2852 2264 2913 quum
2290 2834 2352 2897 in

291 2921 513 2983 iisdem
556 2923 711 2984 locis
754 2922 1063 2997 aliquanto
1104 2930 1245 2984 ante
1281 2923 1498 2984 eadem
1529 2923 1608 2982 de
1655 2937 1842 2986 eausa
1881 2921 2116 2996 aliquot
2155 2934 2352 2980 annos

289 3007 541 3066 fuissem
571 3021 645 3066 ac
671 3007 985 3080 profectus
1016 3013 1115 3066 est
1145 3021 1268 3067 non
1297 3006 1481 3068 modo
1515 3005 1596 3066 ob
1625 3020 1894 3078 eausam,
1925 3004 2040 3065 sed
2065 3001 2242 3065 etiam
2269 3001 2353 3062 ob

288 3086 704 3150 necessariam
738 3103 1018 3160 causam,
1063 3103 1282 3163 magna
1320 3089 1554 3149 ratione
1598 3102 1736 3148 cum
1773 3085 2170 3148 Mauritaniae
2208 3099 2353 3158 rege

290 3179 621 3234 eontracta.
706 3169 856 3230 Tum
884 3178 1117 3243 autem,
1158 3171 1262 3232 illo
1289 3172 1598 3247 profecto,
1631 3169 1802 3232 Sulla
1829 3177 2192 3246 procurante
2218 3165 2351 3227 eius

288 3271 443 3317 rem.
464 3261 525 3316 et
570 3261 849 3330 gerente,
900 3251 1175 3328 plurimis
1212 3262 1276 3314 et
1313 3251 1734 3329 pulcherrimis
1778 3253 1843 3313 P.
1889 3251 2046 3314 Sittii
2086 3248 2351 3328 praediis

292 3337 553 3399 venditis
582 3353 691 3398 aes
720 3334 985 3398 alienum
1004 3334 1285 3397 eiusdem
1319 3346 1417 3399 est
1442 3336 1831 3407 dissolutum,
1865 3343 1949 3405 ut,
1980 3351 2139 3411 quae
2167 3347 2350 3394 causa
