2459 3817
312 214 398 279 34
620 214 768 276 PRO
814 215 980 275 SEX.
1020 213 1313 281 ROSCIO,
1340 212 1691 273 AMERINO
1737 211 2069 311 ΟΡιΑΤΙΟ.ι

309 363 762 442 potentiamque
795 364 1177 443 Chrysogoni
1217 362 1475 423 dicimus
1516 372 1577 424 et
1614 363 1793 423 nobis
1836 362 2081 423 obstare
2125 368 2186 421 et
2214 378 2361 436 per-

310 447 452 509 ferri
475 448 638 508 nullo
663 449 847 507 modo
871 463 1062 522 posse
1097 456 1159 509 et
1187 463 1226 506 a
1248 445 1447 520 vobis,
1478 446 1765 521 quoniam
1787 452 2063 521 potestas
2078 444 2219 503 data
2241 452 2365 518 est,

311 547 431 590 non
460 531 644 591 modo
675 530 994 602 infirmari,
1033 546 1241 591 verum
1276 528 1455 589 etiam
1480 527 1778 589 vindicari
1809 536 2111 603 oportere.
2211 525 2362 587 123.

309 610 438 687 Ego
468 613 560 673 sic
589 612 899 673 existimo=
936 612 1038 687 qui
1061 612 1273 689 quaeri
1296 611 1440 672 velit
1462 628 1539 671 ex
1561 610 1656 684 iis,
1693 627 1850 685 quos
1874 613 2131 681 constat,
2167 626 2361 684 quum

313 696 539 757 caedes
571 697 726 756 lacta
744 704 854 767 est,
879 695 1180 768 adfuisse,
1225 711 1364 755 eum
1395 711 1621 769 cupere
1648 709 1860 753 verum
1892 691 2193 752 invenire=
2249 692 2358 767 qui

312 787 572 851 recuset,
605 795 743 839 eum
772 780 1068 853 profecto,
1104 776 1343 839 tametsi
1384 778 1572 837 verbo
1608 793 1729 837 non
1760 776 2012 848 audeat,
2053 782 2253 835 tamen
2288 791 2360 833 re

227 857 233 865 “
309 860 448 935 ipsa
475 862 552 920 de
579 860 878 922 maleficio
903 878 1016 921 suo
1047 860 1341 921 confiteri.
1400 859 1540 919 Dixi
1570 858 1758 933 initio,
1788 857 2043 931 iudiceS,
2072 858 2235 917 nolle
2256 874 2360 917 me

311 945 486 1017 plura
518 944 596 1003 de
624 943 876 1005 istorum
918 944 1152 1003 scelere
1181 941 1415 1015 dicere,
1462 958 1643 1017 quam
1682 958 1873 1003 causa
1911 940 2251 1015 postularet
2282 956 2359 999 ac

311 1026 650 1087 necessitas
678 1026 816 1102 ipsa
847 1033 1112 1099 cogeret.
1169 1025 1322 1083 Nam
1353 1033 1413 1086 et
1440 1026 1662 1085 multae
1690 1040 1792 1085 res
1824 1022 2048 1084 adferri
2090 1028 2361 1097 possunt

310 1116 370 1169 et
401 1125 524 1169 una
555 1124 840 1183 quaeque
883 1124 1090 1167 earum
1135 1107 1337 1168 multis
1377 1123 1514 1167 cum
1555 1106 1923 1181 argumentis
1968 1103 2089 1165 dici
2126 1112 2353 1179 potest.

313 1192 534 1249 Verum
561 1207 696 1266 ego,
732 1191 896 1266 quod
925 1189 1150 1251 invitus
1183 1206 1257 1250 ac
1290 1189 1641 1251 necessario
1674 1187 1849 1261 faci0,
1888 1204 2088 1263 neque
2124 1186 2229 1247 diu
2249 1204 2357 1247 ne-

311 1290 432 1346 que
462 1272 781 1347 diligenter
820 1274 1022 1334 facere
1050 1290 1338 1348 possum=
1420 1288 1579 1347 quae
1620 1269 1934 1347 praeteriri
1976 1271 2139 1330 nullo
2164 1271 2354 1331 modo

311 1363 606 1429 poterant,
638 1372 712 1415 ea
746 1354 989 1429 leviter,
1017 1354 1275 1428 iudices,
1303 1354 1499 1430 attigi:
1564 1371 1724 1429 quae
1756 1352 1959 1429 posita
1986 1351 2215 1414 suntin
2248 1370 2355 1414 su-

313 1435 711 1510 spicionibus,
743 1438 822 1497 de
851 1438 1072 1511 quibus
1102 1437 1158 1497 si
1191 1452 1457 1512 coepero
1482 1436 1704 1510 dicere,
1732 1436 2007 1512 pluribus
2036 1434 2240 1495 verbis
2277 1436 2359 1496 sit

315 1517 759 1593 disserendum,
791 1535 861 1581 ea
897 1518 1120 1580 vestris
1143 1519 1403 1594 ingeniis
1434 1519 1941 1595 coniecturaeque
1970 1519 2299 1579 committ0.

471 1601 675 1661 XLIII.
717 1599 858 1663 124.
901 1600 1102 1663 Venio
1131 1619 1292 1663 nunc
1326 1604 1404 1663 ad
1433 1602 1583 1662 illud
1622 1618 1841 1663 nomen
1872 1618 2121 1662 aureum
2163 1600 2353 1679 Chry-

309 1684 548 1760 sogoni,
579 1684 694 1745 sub
725 1702 845 1760 quo
881 1684 1125 1746 nomine
1146 1693 1273 1747 tota
1300 1683 1562 1745 societas
1588 1685 1787 1747 latuitz
1818 1686 1897 1745 de
1920 1702 2060 1760 quo,
2094 1682 2353 1759 iudiceS,

308 1784 510 1842 neque
534 1783 657 1843 quo
674 1767 856 1829 modo
881 1768 1078 1829 dicam
1091 1784 1291 1843 neque
1316 1785 1439 1843 quo
1453 1768 1636 1829 modo
1654 1776 1892 1829 taceam
1913 1765 2181 1842 reperire
2204 1783 2351 1842 pos·

310 1868 464 1911 sum.
527 1850 593 1911 Si
620 1851 779 1911 enirn
808 1859 1003 1924 tace0,
1035 1852 1134 1913 vel
1162 1851 1483 1911 maximam
1513 1860 1747 1926 partem
1776 1850 2087 1925 relinqunt
2120 1848 2215 1909 sin
2244 1866 2341 1910 au-
2440 1846 2442 1888 ³

310 1941 428 1992 tem
458 1930 617 2004 dico,
648 1949 866 1994 vereor
894 1950 972 1993 ne
1002 1951 1124 1995 non
1155 1934 1257 1995 ille
1287 1937 1476 2007 soluS,
1507 1933 1569 1994 id
1602 1934 1772 2009 quod
1802 1934 1883 1993 ad
1916 1950 2015 1994 me
2042 1931 2187 1992 nihil
2218 1932 2353 1994 atti·

308 2021 427 2086 net,
474 2014 586 2074 sed
614 2014 714 2074 alii
745 2032 993 2090 quoque
1020 2018 1228 2091 plures
1258 2019 1464 2078 laesos
1493 2032 1562 2077 se
1592 2032 1733 2077 esse
1764 2024 1993 2091 putent.
2087 2014 2352 2074 Tametsi
2438 2054 2440 2093 3

308 2095 391 2156 ita
424 2111 495 2156 se
522 2111 624 2155 res
659 2095 858 2168 habet,
880 2105 947 2158 ut
973 2097 1118 2158 mihi
1146 2100 1207 2157 in
1229 2114 1612 2159 communem
1641 2115 1891 2159 causam
1922 2104 2227 2159 sectorum
2258 2096 2348 2155 di·
2438 2096 2440 2110 “

309 2178 570 2239 cendum
598 2176 742 2237 nihil
773 2194 992 2253 magno
1025 2196 1211 2254 opere
1241 2179 1535 2241 videatur.
1592 2180 1758 2242 Haec
1787 2180 1945 2242 enim
1970 2196 2159 2241 causa
2187 2196 2352 2239 nova
2436 2240 2438 2245 ,

309 2262 584 2336 profecto
614 2268 673 2321 et
702 2259 1027 2335 singularis
1063 2270 1174 2323 est.
1261 2262 1399 2323 125.
1444 2264 1753 2323 Bonorum
1798 2263 1941 2343 Sex.
1972 2262 2182 2323 Roscii
2225 2278 2350 2321 em-
2436 2290 2438 2333 =

305 2352 448 2418 ptor
479 2353 576 2406 est
608 2344 1066 2421 Chrysogonus.
1139 2343 1399 2404 Primum
1438 2346 1558 2407 hoc
1592 2345 1936 2406 videamus:
1981 2346 2115 2407 eius
2154 2343 2349 2405 homi-

303 2426 399 2487 nis
417 2427 592 2487 bona
623 2444 744 2501 qua
772 2425 1005 2487 ratione
1031 2426 1349 2488 venierunt
1379 2437 1485 2489 aut
1513 2446 1635 2504 quo
1681 2430 1864 2490 modo
1893 2427 2103 2489 venire
2132 2436 2348 2504 potne-

305 2516 488 2571 runt?
513 2512 718 2583 Atque
746 2508 866 2569 hoc
902 2526 1023 2570 non
1051 2508 1136 2569 ita
1165 2526 1471 2583 quaeram,
1501 2510 1758 2585 iudiceS,
1791 2521 1857 2571 ut
1884 2512 1946 2571 id
1977 2510 2175 2580 dicam
2204 2526 2349 2571 esse
2434 2540 2436 2554 ι

305 2590 637 2666 indignum,
668 2590 930 2653 hominis
973 2590 1316 2653 innocentis
1347 2594 1509 2654 bona
1542 2593 1811 2653 venisse.
1898 2593 1963 2653 Si
1993 2592 2154 2655 enim
2187 2592 2344 2653 haec

303 2673 624 2735 audientur
652 2691 724 2734 ac
759 2673 946 2736 libere
989 2673 1284 2747 dicentur,
1318 2692 1438 2737 non
1470 2674 1581 2737 fnit
1609 2684 1811 2737 tantus
1844 2676 2025 2737 homo
2058 2675 2200 2737 Sex.
2224 2676 2346 2735 Ro·
2432 2704 2434 2729 i

304 2756 468 2817 scius
496 2756 558 2817 in
588 2754 844 2827 civitate,
875 2765 941 2818 ut
969 2758 1046 2817 de
1079 2773 1155 2819 eo
1185 2756 1567 2833 potissimum
1598 2774 2059 2833 conqueramur.
2117 2761 2345 2817 Verum
2432 2738 2434 2776 ¹

305 2856 419 2913 ego
449 2840 566 2900 hoc
600 2856 860 2914 quaero:
909 2840 1013 2915 qui
1040 2848 1370 2914 potuerunt
1394 2840 1512 2903 ista
1549 2842 1688 2915 ipsa
1714 2843 1879 2916 lege,
1915 2857 2073 2917 quae
2102 2841 2179 2901 de
2202 2856 2345 2915 pro·
2430 2890 2432 2893 Α

244 2952 252 2959 ·
305 2920 636 2996 scriptione
677 2931 800 2995 est,
843 2920 975 2983 sive
1005 2922 1255 2984 Valeria
1294 2931 1388 2985 est
1428 2926 1559 2985 sive
1602 2922 1879 2984 Cornelia
1904 2957 1991 2969 —
2017 2940 2137 2983 non
2182 2921 2344 2982 enim
2430 2924 2432 2998 l

196 3068 200 3073 ,
304 3003 447 3064 novi
489 3020 603 3065 nec
643 3004 774 3066 seio
816 3036 928 3079 -,
972 3020 1184 3067 verum
1236 3004 1353 3066 ista
1388 3005 1527 3081 ipsa
1567 3008 1702 3081 lege
1742 3006 1906 3067 bona
1948 3007 2093 3067 Sex.
2132 3004 2344 3066 Roscii

303 3086 511 3147 venire
542 3085 646 3162 qui
680 3095 1046 3163 potuerunt?
1105 3088 1244 3151 126.
1291 3087 1594 3163 Scriptum
1624 3088 1785 3149 enim
1819 3089 1899 3149 ita
1927 3088 2137 3149 dicunt
2168 3103 2344 3148 esse=
2428 3112 2430 3119 ·

301 3187 372 3229 ur
397 3186 600 3231 noan-nr
629 3185 792 3229 solu
824 3186 1110 3245 vmm,
1142 3188 1241 3240 om
1271 3186 1609 3231 mosenum
1640 3188 1812 3233 sum-z
1854 3188 1977 3247 quo
2005 3170 2067 3232 in
2090 3186 2345 3231 numero

303 3248 445 3313 Sex.
459 3251 724 3315 Rosci-us
747 3270 868 3315 non
894 3263 1016 3316 estx
1040 3270 1156 3313 Aur
1176 3269 1399 3328 nonum,
1424 3270 1522 3323 om
1544 3270 1606 3313 m
1627 3270 2139 3315 Anvnnsamonuu
2158 3258 2345 3312 riun-

304 3351 478 3395 snms
529 3352 721 3397 occlsr
771 3351 944 3399 sum-e
1024 3338 1165 3397 dum
1219 3336 1529 3411 praesidia
1569 3338 1692 3397 ulla
1732 3338 2001 3410 fuerunt,
2045 3336 2107 3397 in
2138 3336 2348 3397 Sullae

304 3418 624 3493 praesidiis
646 3419 769 3481 mit.
799 3419 1021 3481 Postea
1053 3436 1232 3494 quam
1268 3420 1344 3479 ab
1356 3420 1539 3481 armis
1562 3437 1875 3483 recessum
1901 3430 2015 3497 est,
2030 3423 2089 3484 in
2106 3442 2346 3485 sum-mo
