2459 3817
777 156 1159 219 CAP.1-3.
1202 162 1254 223 s.
1281 162 1478 219 1-8.
2044 151 2163 217 197

78 303 453 381 aequiorem
486 321 667 383 quam
694 322 802 367 reo
830 308 1119 381 praebeat
1148 330 1262 363 -ε
1308 309 1422 369 sed
1454 315 1588 380 tua,
1621 286 1958 381 C.'Caesar,
1993 324 2164 383 prae·

4 449 8 464 ,
82 395 270 450 Stans
314 390 767 465 singularisque
806 399 1021 452 natura
1065 392 1228 451 hunc
1275 389 1420 450 mihi
1465 399 1688 451 metum
1718 390 1948 453 minuit.
2034 390 2168 452 Non

4 473 6 548 ζ
80 472 259 533 enim
282 480 405 533 tam
428 474 609 534 timeo
635 474 783 550 quid
804 480 870 533 tu
894 473 972 534 de
999 490 1145 550 rege
1171 473 1480 548 Deiotaro,
1510 491 1688 550 quam
1723 474 1991 549 intelligo
2018 472 2170 549 quid

4 587 6 620 ;
83 556 175 615 de
231 563 300 616 te
360 565 603 617 ceteros
646 555 801 615 velis
842 556 1133 617 iudicare.
1218 555 1282 617 5.
1322 557 1581 618 Moveor
1608 556 1786 618 etiam
1817 556 1937 617 loci
1967 556 2168 631 ipsius

83 638 454 714 insolentia,
504 638 673 715 quod
713 646 939 700 tantam
980 655 1251 715 causam,
1293 650 1523 715 quanta
1565 642 1731 702 nulla
1769 656 2062 715 umquam
2103 640 2166 699 in

84 721 545 797 disceptatione
588 730 830 785 versata
873 729 998 797 est,
1051 723 1193 784 dico
1247 722 1405 785 intra
1458 723 1832 785 domesticos
1877 723 2164 798 parietes,

86 804 239 865 dico
270 813 445 867 extra
474 815 836 869 conventum
873 814 933 867 et
966 822 1100 868 eam
1131 805 1567 881 frequentiam,
1608 806 1670 868 in
1703 823 1826 883 qua
1855 814 2166 867 oratorum

86 887 300 949 studia
328 887 438 949 niti
464 891 695 951 scienta
724 890 785 950 in
820 890 941 951 tuis
972 890 1201 962 oculis,
1232 888 1296 950 in
1325 898 1428 950 tuo
1462 904 1568 950 ore
1595 891 1890 964 vultuque
1919 888 2168 963 acquie-

86 988 225 1045 sco,
256 980 317 1034 te
338 988 525 1033 unum
556 972 815 1047 intueor,
844 973 923 1032 ad
952 979 1011 1032 te
1032 987 1217 1033 unum
1249 971 1445 1033 omnis
1475 979 1715 1047 spectat
1743 970 1955 1033 oratio.
2000 972 2168 1044 Quae

84 1053 241 1115 mihi
264 1056 345 1115 ad
368 1072 544 1131 spem
569 1056 935 1116 obtinendae
958 1053 1227 1115 veritatis
1251 1053 1614 1129 gravissima
1645 1063 1804 1128 sunt,
1828 1055 1907 1115 ad
1938 1061 2168 1135 motum

86 1136 280 1198 animi
325 1145 386 1199 et
425 1138 505 1197 ad
544 1151 784 1199 omnem
827 1136 1117 1212 impetum
1173 1136 1419 1199 dicendi
1465 1138 2040 1213 contentionemque
2080 1137 2164 1198 le·

87 1220 290 1281 viora.
375 1220 436 1281 6.
467 1220 639 1280 Hanc
669 1220 859 1293 enim,
897 1220 962 1280 C.
988 1220 1244 1293 Caesar,
1276 1236 1523 1281 causam
1558 1220 1613 1281 si
1640 1222 1700 1281 in
1732 1222 1866 1284 foro
1897 1220 2164 1281 dicerem

88 1302 314 1364 eodem
348 1300 633 1364 audiente
660 1312 722 1365 et
753 1302 1134 1379 disceptante
1163 1312 1256 1377 te,
1302 1312 1588 1381 quantam
1617 1304 1762 1365 mihi
1794 1303 2166 1365 alacritatem

90 1385 307 1462 populi
346 1385 607 1447 Romani
648 1402 987 1448 concursus
1032 1388 1328 1449 adferret!
1374 1386 1520 1461 Quis
1559 1389 1717 1448 enim
1760 1387 1912 1447 civis
1943 1386 2003 1448 ei
2031 1388 2164 1463 regi

89 1486 219 1530 non
251 1470 511 1541 faveret,
558 1468 735 1532 cuius
782 1486 1022 1531 omnem
1064 1478 1324 1532 aetatem
1358 1471 1419 1529 in
1450 1471 1663 1546 populi
1697 1471 1955 1531 Romani
1983 1470 2164 1531 bellis

92 1561 519 1629 consumptam
559 1568 705 1614 esse
749 1552 1166 1615 meminisset?
1204 1554 1558 1630 Spectat-em
1604 1554 1860 1627 curiam,
1899 1554 2166 1615 intuerer

95 1638 324 1710 rorum,
368 1637 606 1697 caelum
653 1636 920 1713 denique
952 1644 1212 1698 testarer
1240 1637 1462 1712 ipsum.
1551 1636 1672 1709 Sic,
1711 1653 1897 1713 quum
1927 1646 1983 1696 et
2016 1638 2164 1697 deo-

96 1734 227 1778 rum
260 1719 683 1779 immortalium
727 1729 787 1781 et
826 1720 1041 1794 populi
1068 1720 1328 1779 Romani
1373 1727 1437 1780 et
1477 1728 1730 1781 senatus
1767 1718 2068 1781 beneficia
2102 1719 2160 1778 in

97 1816 306 1876 regem
321 1800 671 1861 Deiotarum
701 1802 1076 1874 recordarer,
1104 1804 1274 1861 nullo
1305 1801 1488 1862 modo
1519 1800 1666 1861 mihi
1696 1804 1918 1863 deesse
1948 1809 2159 1876 posset

100 1881 313 1945 oratio.
400 1881 460 1945 7.
502 1884 672 1957 Quae
716 1883 1001 1958 quoniam
1036 1884 1389 1959 angustiora
1421 1884 1688 1961 parietes
1717 1884 1948 1946 faciunt
1975 1886 2158 1943 actio-

100 1983 217 2043 que
249 1966 547 2027 maximae
578 1982 801 2028 causae
838 1966 1180 2028 debilitatur
1207 1968 1381 2042 loc0,
1424 1976 1588 2029 tuum
1621 1976 1742 2041 est,
1776 1969 2026 2038 Caesar,
2059 1964 2163 2040 qui

96 2066 210 2125 pro
256 2050 457 2111 multis
502 2066 694 2125 saepe
738 2048 973 2124 dixisti,
1032 2050 1179 2126 quid
1226 2049 1374 2111 mihi
1412 2066 1572 2111 nunc
1615 2050 1799 2111 animi
1845 2049 1925 2113 sit
1975 2050 2055 2108 ad
2102 2059 2162 2109 te

94 2136 297 2209 ipsum
324 2134 574 2207 referre,
606 2150 729 2209 quo
762 2132 1001 2195 facilius
1032 2150 1219 2209 quum
1249 2135 1529 2209 aequitas
1569 2142 1673 2195 tua
1705 2140 1832 2197 tum
1872 2127 2167 2194 audiendi

98 2215 408 2291 diligentia
441 2216 672 2277 minuat
704 2217 863 2277 hanc
890 2216 1408 2291 perturbationem
1437 2233 1652 2278 meam.

220 2298 345 2359 Sed
376 2308 517 2361 ante
538 2316 719 2376 quam
744 2300 821 2360 de
851 2299 1244 2362 accusatione
1267 2299 1405 2375 ipsa
1437 2299 1596 2374 dico,
1627 2300 1706 2362 de
1733 2308 2162 2363 accusatorum

98 2398 211 2457 spe
240 2398 443 2457 pauca
471 2384 699 2443 dicam=
743 2385 847 2459 qui
882 2400 1068 2458 quum
1096 2381 1421 2446 videantur
1453 2400 1657 2459 neque
1684 2383 1929 2461 ingenio
1961 2396 2163 2459 neque

97 2484 214 2527 usu
242 2474 424 2541 atque
452 2466 887 2529 exercitatione
916 2483 1119 2529 rerum
1139 2468 1366 2539 valere,
1395 2474 1594 2527 tamen
1629 2468 1708 2529 ad
1734 2468 1891 2529 hanc
1915 2480 2162 2526 causam

98 2565 215 2611 non
260 2551 394 2610 sine
427 2549 632 2626 aliqua
674 2566 787 2627 spe
826 2558 889 2612 et
914 2549 1283 2626 cogitatione
1311 2558 1625 2611 venerunt.
1710 2552 1812 2611 111.
1839 2550 1899 2613 8.
1942 2549 2164 2607 Iratum

96 2642 156 2694 te
182 2632 311 2709 regi
342 2633 629 2696 Deiotaro
660 2635 853 2695 fuisse
882 2650 1006 2695 non
1038 2641 1211 2696 erant
1239 2632 1463 2695 nescii=
1495 2633 1800 2695 adfectum
1828 2632 1992 2693 illum
2029 2630 2170 2703 qui-0

96 2717 350 2777 busdam
374 2716 775 2779 incommodis
798 2723 860 2778 et
878 2716 1253 2779 detrimentis
1278 2723 1529 2793 propter
1552 2716 1956 2778 offensionem
1981 2710 2164 2772 animi

96 2798 183 2861 tui
223 2798 649 2874 meminerant,
696 2807 883 2874 teque
912 2816 1099 2875 quum
1126 2800 1270 2861 huic
1308 2800 1526 2860 iratum
1586 2807 1712 2861 tum
1752 2798 1868 2859 sibi
1901 2794 2163 2855 amicum

96 2898 237 2943 esse
277 2891 720 2959 cognoverant,
750 2898 1068 2959 quumque
1105 2883 1273 2959 apud
1312 2880 1515 2956 ipsum
1554 2889 1614 2942 te
1647 2881 1727 2942 de
1759 2889 1864 2941 tuo
1889 2878 2162 2954 periculo

100 2966 395 3039 dicerent,
440 2968 573 3029 fore
602 2965 898 3041 putabant
928 2972 995 3026 ut
1026 2965 1088 3024 in
1120 2966 1472 3026 exulcerato
1509 2962 1710 3025 animo
1743 2963 1922 3024 facile
1954 2963 2164 3023 fictum

100 3048 316 3109 crimen
344 3049 655 3111 insideret.
724 3048 917 3121 Quam
946 3048 1027 3109 ob
1054 3064 1183 3109 rem
1212 3048 1334 3109 hoc
1361 3062 1479 3107 nos
1508 3046 1769 3122 primum
1795 3054 1977 3119 metu,
2016 3045 2163 3106 Cae·

102 3149 227 3206 sar,
262 3148 371 3207 per
398 3135 581 3195 fidem
605 3141 668 3195 et
701 3132 1106 3193 constantiam
1132 3139 1197 3193 et
1223 3129 1602 3191 clementiam
1630 3137 1795 3192 tuam
1821 3128 2040 3199 libera,
2085 3142 2165 3187 ne

98 3215 362 3277 residere
402 3217 461 3278 in
508 3227 569 3280 te
612 3218 797 3279 ullam
841 3224 1077 3291 partem
1127 3212 1483 3276 iracundiae
1541 3212 1945 3291 suspicemur.
2051 3210 2166 3268 Per

100 3299 402 3359 dexteram
432 3300 611 3363 istam
652 3310 714 3363 te
754 3314 885 3374 oro,
928 3316 1111 3375 quam
1150 3297 1284 3374 regi
1324 3298 1609 3360 Deiotaro
1657 3297 1892 3371 hospes
1935 3290 2168 3368 hospiti

100 3381 417 3457 porrexisti
434 3429 451 3459 ,
479 3383 687 3459 istam,
717 3384 967 3459 inquam
982 3428 1001 3458 ‚
1028 3382 1342 3443 dexteram
1368 3397 1493 3443 ,non
1522 3387 1642 3441 tam
1671 3378 1730 3440 in
1757 3376 1933 3439 bellis
1963 3390 2168 3455 neque
