2459 3817
238 166 324 232 52
806 163 961 228 PRO
996 165 1063 224 P.
1103 163 1371 226 SESTIO
1418 163 1727 227 ORATIO.

234 333 599 410 potuissent,
622 329 663 392 ii
687 330 907 393 summi
928 329 1162 405 imperii
1184 330 1429 391 nominc
1451 331 1662 394 armati
1685 329 1912 392 nudam
1940 345 2068 390 rem
2091 325 2282 406 publi-

236 434 371 479 cam
396 415 917 479 contrucidarunt.
960 415 1207 474 Foedus
1238 416 1510 475 fecerunt
1534 431 1671 475 cum
1694 415 1940 476 tribuno
1959 411 2156 490 plebis
2181 427 2283 486 pa·

234 502 375 572 lam,
407 508 471 561 ut
496 501 574 560 ab
601 514 677 558 eo
693 497 1047 574 provincias
1066 497 1421 572 acciperent
1443 513 1600 572 quas
1625 497 1743 575 ipsi
1763 499 2019 558 vellent:
2053 494 2284 556 exerci-

233 590 362 642 tum
383 590 445 642 et
469 581 789 657 pecuniam
812 587 1098 656 quantam
1114 582 1341 642 vellent
1359 596 1433 640 ea
1453 583 1612 656 lege,
1637 581 1690 641 si
1710 580 1830 656 ipsi
1849 580 2022 656 prius
2041 578 2282 639 tribuno

236 663 435 740 plebis
464 664 772 724 adflictam
816 671 881 724 et
922 663 1314 725 constrictam
1349 679 1479 722 rem
1525 664 1828 738 publicam
1858 662 2283 724 tradidissent:

234 749 297 808 id
326 755 530 808 autem
559 748 783 808 foedus
816 762 953 807 meo
979 747 1280 822 sangui-ne
1301 746 1486 808 ictum
1509 747 1735 806 sanciri
1758 763 1952 822 posse
1980 745 2282 806 dicebant.

234 829 338 890 25.
384 831 516 906 Qua
542 845 614 890 re
639 831 946 906 patefacta
976 864 1045 876 -
1075 845 1277 904 neque
1309 828 1466 889 enim
1499 829 1867 890 dissimulari
1897 836 2127 889 tantum
2151 842 2284 887 sce-

234 915 333 974 lus
363 921 607 990 poterat
635 929 749 974 nec
777 915 969 974 latere
987 948 1091 985 ·-,
1123 915 1592 988 promulgantur
1619 929 1743 975 uno
1767 913 2112 986 eodemque
2134 918 2281 970 tem·

234 1013 391 1073 pore
411 995 771 1072 rogationes
796 997 874 1056 ab
900 998 1119 1057 eodem
1143 995 1386 1056 tribuno
1413 996 1490 1055 de
1513 1010 1650 1055 mea
1668 996 1945 1072 pernicie
1967 995 2124 1054 etde
2148 1007 2284 1068 pro·

237 1080 452 1142 vinciis
484 1083 807 1141 consulum
839 1078 1207 1141 nominatim.

400 1163 500 1224 XI.
536 1164 651 1224 Hic
679 1171 801 1224 tum
825 1171 1078 1224 senatus
1102 1161 1421 1236 sollicitus,
1457 1179 1594 1236 vos,
1619 1163 1860 1239 equites
1883 1159 2156 1232 Romani,
2183 1174 2285 1219 ex—

231 1245 417 1320 citati,
440 1245 612 1306 Italia
634 1253 855 1307 cuncta
878 1255 1174 1323 permota,
1200 1242 1416 1306 omnes
1431 1247 1699 1322 denique
1713 1245 1978 1308 omnium
1994 1257 2283 1321 generum

232 1337 421 1406 atque
447 1328 725 1390 ordinum
751 1328 919 1391 cives
942 1345 1216 1390 summae
1239 1328 1326 1389 rei
1351 1329 1631 1405 publicae
1652 1346 1691 1390 a
1711 1329 2066 1390 consulibus
2097 1333 2289 1400 atque

232 1429 275 1472 a
312 1429 551 1474 summo
607 1411 865 1489 imperio
917 1414 1252 1488 petendum
1297 1429 1443 1472 esse
1489 1412 1781 1474 auxilium
1821 1412 2285 1478 arbitrabantur,

236 1512 425 1571 quum
446 1495 531 1557 illi
556 1495 673 1556 soli
697 1503 908 1556 essent
938 1505 1184 1572 praeter
1207 1494 1505 1556 furiosum
1527 1496 1694 1557 illurn
1720 1495 2028 1556 tribunum
2052 1496 2174 1555 duo
2197 1490 2289 1551 rei

237 1579 523 1654 publicae
556 1579 859 1653 turbineS,
908 1580 1009 1654 qui
1045 1595 1168 1640 non
1205 1580 1392 1638 modo
1430 1577 1862 1654 praecipitanti
1893 1577 2126 1654 patriae
2161 1589 2288 1635 non

234 1661 668 1735 subvenirent,
723 1662 836 1722 sed
872 1678 1005 1723 eam
1043 1662 1291 1744 nimium
1325 1662 1502 1722 tarde
1549 1661 1881 1723 concidere
1923 1665 2286 1722 maererent.

236 1746 653 1821 Flagitabatur
679 1747 756 1805 ab
787 1745 862 1806 iis
894 1746 1118 1808 cotidie
1153 1763 1338 1821 quum
1371 1744 1658 1820 querellis
1682 1745 1988 1806 bonorum
2019 1741 2293 1804 omnium

236 1835 366 1888 tum
396 1830 576 1890 etiam
616 1830 907 1905 precibus
939 1837 1224 1900 senatuS,
1262 1837 1333 1890 ut
1370 1844 1565 1889 meam
1596 1843 1848 1890 causam
1879 1825 2287 1904 susciperent,

235 1920 492 1988 agerent
520 1911 777 1986 aliquid,
823 1912 1093 1988 denique
1130 1913 1211 1972 ad
1243 1920 1522 1974 senatum
1556 1913 1886 1973 referrent:
1932 1927 2058 1972 non
2099 1908 2286 1969 modo

238 1997 555 2070 negando,
604 1995 717 2054 sed
746 1995 925 2057 etiam
959 1996 1266 2056 irridendo
1299 1995 1740 2072 amplissimum
1785 2009 2095 2070 quemque
2125 1989 2286 2052 illius

240 2077 471 2139 ordinis
505 2077 1002 2152 insequebantur.
1076 2077 1179 2138 26.
1220 2079 1334 2138 Hic
1366 2079 1569 2140 subito
1604 2094 1792 2154 quum
1819 2075 2192 2138 incredibilis
2227 2074 2285 2133 in

241 2159 602 2236 Capitolium
633 2159 952 2221 multitudo
998 2175 1077 2220 ex
1108 2166 1240 2220 tota
1275 2162 1427 2222 urbe
1461 2170 1808 2237 cunctaque
1848 2163 2019 2222 Italia
2058 2173 2284 2221 conve-

238 2244 463 2318 nisset,
506 2248 737 2302 vestem
762 2244 1111 2303 mutandam
1136 2260 1350 2304 omnes
1389 2261 1612 2320 meque
1641 2245 1822 2305 etiam
1855 2242 2022 2306 omni
2050 2240 2287 2302 ratione

237 2328 480 2402 privato
513 2323 799 2398 consilio,
834 2326 1117 2400 quoniam
1139 2327 1402 2402 publicis
1426 2329 1686 2389 ducibus
1709 2344 1812 2389 res
1846 2327 2095 2404 publica
2117 2339 2284 2388 care-

234 2417 349 2482 ret,
380 2408 830 2470 defendendum
873 2417 1179 2485 putarunt.
1268 2412 1413 2470 Erat
1454 2413 1673 2472 eodem
1710 2419 1994 2488 tempore
2033 2415 2286 2470 senatus

236 2493 297 2552 in
328 2493 485 2552 aede
526 2490 934 2563 Concordiae,
981 2496 1149 2567 quod
1200 2493 1402 2569 ipsum
1444 2495 1736 2570 templum
1783 2496 2289 2571 repraesentabat

236 2575 592 2635 memoriam
624 2576 984 2636 consulatus
1018 2577 1159 2646 mei,
1200 2594 1386 2651 quum
1428 2575 1586 2638 ssens
1619 2577 1944 2640 universus
1976 2582 2130 2642 ordo
2161 2576 2287 2639 cin-

234 2658 541 2719 cinnatum
561 2660 877 2718 consulem
902 2660 1147 2720 orabat:
1174 2677 1312 2719 nam
1339 2662 1489 2721 alter
1509 2661 1608 2720 ille
1629 2660 1916 2723 horridus
1943 2671 2004 2724 et
2025 2676 2288 2725 severus

231 2745 521 2803 consulto
546 2756 617 2801 se
639 2741 803 2802 domi
828 2743 1196 2804 continebat.
1247 2745 1375 2818 Qua
1397 2750 1524 2804 tum
1540 2743 1832 2820 superbia
1855 2761 2111 2806 caenum
2138 2744 2290 2804 illud

232 2840 309 2884 ac
338 2825 509 2884 labes
542 2824 899 2901 amplissimi
936 2826 1167 2886 ordinis
1208 2842 1426 2902 preces
1462 2834 1523 2887 et
1553 2827 2031 2890 clarissimorum
2053 2828 2292 2902 ,civium

234 2907 515 2969 lacrimas
541 2908 913 2984 repudiavit!
946 2926 1043 2970 me
1074 2908 1274 2985 ipsum
1305 2917 1372 2970 ut
1395 2910 1765 2986 contempsit
1785 2912 1991 2974 helluo
2017 2910 2288 2989 patriae!

234 3007 372 3052 nam
408 2991 553 3066 quid
591 3007 709 3067 ego
741 2992 1087 3066 patrimonii
1123 2993 1352 3062 dicam,
1403 2994 1571 3069 quod
1606 2993 1709 3053 ille
1751 3002 1966 3068 totum,
2004 2993 2290 3072 quamvis

234 3083 556 3151 quaestum
581 3075 826 3145 faceret,
849 3075 1088 3137 amisit?
1131 3075 1402 3138 Venistis
1425 3077 1504 3137 ad
1528 3085 1827 3152 senatum,
1854 3096 1990 3152 voS,
2014 3078 2288 3154 inquam,

232 3158 473 3234 equites
496 3157 757 3220 Romani
786 3165 847 3220 et
878 3175 1093 3219 omnes
1121 3161 1269 3220 boni
1295 3167 1468 3220 veste
1489 3167 1720 3222 mutata
1743 3179 1984 3237 vosque
2007 3178 2120 3238 pro
2142 3176 2289 3221 meo

236 3241 433 3317 capite
464 3245 540 3304 ad
576 3241 771 3316 pedes
795 3242 1035 3302 lenonis
1066 3242 1458 3317 impurissimi
1486 3243 1871 3319 proiecistis:
1902 3255 2030 3307 tum
2058 3244 2290 3305 vestris

232 3325 519 3392 precibus
550 3326 627 3385 ab
660 3328 899 3386 latrone
922 3325 1024 3387 illo
1055 3327 1387 3401 repudiatis
1411 3326 1505 3386 vir
1525 3326 1864 3390 incredibili
1887 3329 2028 3402 fide,
2054 3327 2289 3404 magni-

246 3405 456 3464 tudine
500 3408 660 3484 nimi,
690 3411 1053 3480 constantia,
1078 3411 1139 3469 L.
1155 3411 1428 3478 Ninnius,
1456 3410 1536 3469 ad
1559 3418 1840 3473 senatum
1863 3413 1941 3472 de
1954 3411 2294 3487 republica
