2459 3817
235 139 358 206 194
631 139 732 200 DE
761 137 1074 200 IMPERIO
1107 137 1220 198 CN.
1249 135 1557 198 POMPEII
1590 134 1893 196 ORATIO.

228 287 498 366 periculo
523 285 936 358 connnitteret,
971 302 1159 361 quum
1177 294 1283 348 aut
1308 285 1507 351 hieme
1529 295 1631 351 aut
1650 288 1877 365 referto
1900 285 2274 362 praedonum

225 370 377 432 mari
407 369 762 443 navigaret?
813 369 948 432 Hoc
975 376 1205 432 tantum
1236 369 1491 442 bellum,
1535 377 1657 432 tam
1688 376 1895 445 turpe,
1932 376 2055 432 tam
2083 377 2277 442 vetus,

225 462 348 516 tam
377 454 495 515 late
521 450 787 514 divisum
815 458 1002 526 atqua
1034 451 1384 527 dispersum
1414 449 1553 528 quis
1578 469 1867 527 umquam
1892 449 2277 515 arbitraretur

225 528 330 596 aut
369 536 448 595 ab
482 533 762 596 omnibus
790 533 1257 608 imperatoribus
1290 551 1412 598 uno
1452 549 1612 598 anno
1646 543 1749 599 aut
1782 532 2065 602 omnibus
2100 533 2275 594 annis

225 620 304 680 ab
344 633 470 679 uno
509 616 878 694 imperatore
933 617 1153 680 confici
1199 623 1431 692 possa?
1510 615 1613 680 32.
1674 617 1863 692 Quam
1902 612 2279 692 provinciam

226 699 506 762 tenuistis
557 717 596 765 a
649 697 1066 774 praedonibus
1115 699 1371 764 liberam
1416 717 1527 775 per
1574 701 1768 764 hosce
1814 706 2055 763 annos?
2108 700 2279 774 quod

225 783 486 858 vectigal
534 781 713 844 vobis
763 789 954 845 tutum
1004 781 1158 846 suits
1209 798 1393 856 quem
1445 782 1679 846 socium
1722 780 2124 846 defendistis?
2179 781 2277 846 cui

227 863 536 942 praesidio
577 863 882 934 classibus
912 864 1134 934 vestris
1177 864 1420 928 fuistis?
1462 881 1644 940 quam
1672 866 1891 926 multas
1921 863 2275 932 existimatis

224 949 460 1010 insulas
493 963 638 1009 esse
672 948 998 1009 desertas?
1037 965 1222 1023 quam
1249 948 1469 1010 multas
1502 955 1607 1009 aut
1638 955 1801 1012 metu
1831 945 2075 1018 relictas,
2108 955 2211 1011 aut
2240 964 2279 1009 a

226 1030 642 1107 praedonibus
683 1038 900 1106 captas
937 1030 1124 1092 urbes
1165 1045 1311 1090 esse
1356 1030 1705 1094 sociorum?
1784 1031 1914 1093 XII.
1961 1028 2088 1093 Sed
2130 1029 2278 1104 quid

227 1129 343 1189 ego
383 1113 718 1188 longinqua
757 1119 1211 1174 commemoro?
1262 1111 1399 1174 Fuit
1438 1112 1557 1174 hoc
1598 1113 1939 1187 quondam,
1983 1110 2093 1179 suit
2138 1129 2275 1187 pro·

227 1195 424 1272 prium
451 1196 664 1272 populi
682 1195 959 1270 Romani,
989 1197 1172 1271 longe
1201 1212 1241 1255 a
1267 1196 1453 1257 domo
1470 1196 1701 1269 ,bellare
1724 1204 1785 1258 et
1803 1193 2277 1271 propugnaculis

191 1325 196 1330 .
226 1277 464 1354 imperii
493 1277 802 1339 sociorum
832 1279 1137 1352 fortunas,
1171 1293 1299 1340 non
1332 1293 1447 1342 sua
1475 1286 1633 1340 tecta
1664 1279 2011 1345 defendere.
2074 1277 2277 1338 Sociis

228 1377 344 1436 ego
373 1359 602 1421 nostris
624 1377 788 1422 mare
817 1377 928 1436 per
955 1361 1072 1422 hos
1094 1376 1292 1428 annos
1320 1362 1599 1426 clausum
1623 1361 1814 1424 fulsse
1843 1360 2057 1432 dicam.
2094 1377 2277 1436 quum

229 1440 534 1504 exercitus
574 1442 762 1504 vestri
813 1459 1142 1517 numquam
1181 1459 1220 1504 a
1258 1440 1583 1505 Brundisio
1634 1443 1754 1504 nisi
1798 1443 1997 1504 hieme
2044 1459 2279 1507 summa

229 1522 710 1587 transmiserint?
766 1523 880 1598 Qui
924 1526 1004 1584 ad
1047 1541 1164 1586 vos
1205 1526 1285 1586 ab
1324 1524 1551 1586 exteris
1593 1524 1939 1590 nationibus
1983 1525 2275 1601 venirent,

107 1633 135 1643 ··
229 1616 444 1685 captos
487 1623 732 1682 querar,
785 1609 972 1682 quum
1010 1607 1192 1682 legati
1235 1608 1450 1683 populi
1488 1609 1744 1676 Romani
1782 1609 2081 1685 redempti
2118 1608 2280 1672 sint?

225 1689 668 1752 Mercatoribus
699 1697 888 1752 tutum
915 1707 1082 1752 mare
1113 1706 1239 1752 non
1269 1691 1463 1754 fuisse
1492 1689 1707 1764 dicam,
1746 1709 1928 1768 quum
1958 1691 2279 1756 duodecim

228 1790 480 1836 secures
505 1773 568 1834 in
597 1774 974 1850 praedonum
1004 1779 1369 1850 potestatem
1396 1773 1827 1850 pervenerint?
1880 1773 1981 1836 33-
2027 1774 2279 1840 Cnidum

227 1867 331 1918 aut
359 1857 776 1933 Colophonem
803 1865 908 1920 aut
937 1857 1218 1932 Samum,
1246 1855 1659 1936 nobilissimas
1687 1859 1903 1932 urbeS‚
1936 1857 2279 1924 innumera.-

225 1939 508 2014 bilesque
536 1938 690 2000 alias
717 1949 930 2016 captas
951 1956 1096 2002 csse
1125 1956 1611 2014 commemorem,
1642 1957 1831 2016 quum
1864 1949 2107 2012 vestros
2138 1956 2280 2016 por-

227 2031 326 2084 tus
369 2030 552 2097 atque
593 2038 706 2082 eos
747 2031 990 2098 portus,
1033 2023 1257 2101 quibus
1293 2023 1477 2086 vitam
1510 2039 1584 2086 ac
1615 2022 1890 2100 spiritum
1924 2023 2173 2098 ducitis,
2217 2022 2281 2082 in

227 2105 606 2182 praedonum
649 2103 842 2166 fuisse
893 2113 1257 2180 potestatem
1304 2106 1511 2170 sciatis
1522 2114 1569 2174 ⁸3,
1632 2109 1732 2168 An
1785 2122 1931 2167 vero
1986 2104 2281 2182 ignoratis

227 2195 470 2266 portum
513 2187 754 2250 Caietae
794 2189 1251 2250 celeberrimum
1304 2206 1379 2250 ac
1428 2189 1849 2265 plenissimum
1899 2189 2146 2254 navium
2187 2187 2279 2250 in-

232 2279 545 2348 spectante
565 2279 848 2347 praetore
867 2287 908 2332 a
927 2271 1341 2348 praedonibus
1364 2289 1507 2336 esse
1531 2273 1873 2347 direptum?
1926 2271 2021 2332 Ex
2040 2271 2279 2334 Miseno

228 2363 428 2417 autem
467 2353 602 2416 eius
639 2351 840 2430 ipsius
879 2353 1138 2429 liberos,
1189 2354 1295 2430 qui
1336 2371 1473 2418 eum
1513 2354 1930 2430 praedonibus
1975 2362 2154 2416 antea
2195 2352 2282 2414 ibi

226 2439 454 2499 bellum
487 2445 796 2512 gesserat,
839 2455 878 2497 a
905 2439 1319 2512 praedonibus
1358 2455 1503 2500 esse
1537 2439 1857 2504 sublatos?
1939 2438 2091 2500 Nam
2130 2433 2283 2513 quid

228 2535 344 2594 ego
390 2517 674 2580 Ostiense
720 2519 1170 2583 incommodum
1206 2529 1391 2596 atque
1430 2521 1595 2585 illam
1634 2522 1834 2584 labem
1878 2528 2065 2596 atque
2104 2519 2281 2596 igno-

227 2601 472 2666 miniam
494 2601 584 2662 rei
604 2601 887 2680 publicae
901 2619 1140 2680 querar,
1165 2620 1353 2678 quum
1375 2619 1573 2679 prope
1592 2603 2077 2681 inspectantibus
2099 2600 2282 2666 vobis

228 2685 446 2748 classis
475 2701 577 2757 ea,
622 2686 720 2748 cui
768 2689 982 2749 consul
1011 2687 1226 2764 populi
1261 2687 1519 2748 Romani
1561 2686 1953 2763 praepositus
2000 2693 2197 2759 esset,
2242 2700 2285 2743 a

225 2769 640 2846 praedonibus
688 2778 870 2845 capta
905 2779 1090 2846 atque
1124 2787 1429 2846 oppressa
1456 2776 1592 2831 est?
1643 2769 1759 2831 Pro
1783 2771 1844 2829 di
1874 2769 2281 2834 immortales!

220 2857 530 2914 tantamne
549 2851 732 2914 unius
755 2851 1019 2914 hominis
1041 2851 1413 2916 incredibilis
1436 2868 1509 2914 ac
1532 2850 1738 2914 divina
1752 2851 1945 2916 virtus
1966 2859 2088 2914 tam
2110 2849 2289 2912 brevi

221 2942 498 3014 tempore
521 2938 718 2998 lucem
747 2935 990 2997 adferre
1021 2935 1113 2998 rei
1136 2935 1417 3012 publicae
1446 2935 1676 3012 potuit,
1703 2943 1773 2996 ut
1794 2953 1938 3010 voS,
1962 2932 2069 3012 qui
2093 2934 2285 2996 modo

221 3026 362 3080 ante
397 3018 619 3082 ostium
651 3019 996 3082 Tiberinum
1043 3022 1305 3082 classem
1350 3016 1616 3082 hostium
1659 3016 1989 3093 videbatis,
2032 3017 2077 3079 ii
2120 3033 2289 3078 nunc

220 3103 447 3164 nullam
475 3101 632 3179 intra
662 3102 890 3164 Oceani
916 3101 1142 3166 ostium
1173 3104 1555 3180 praedonum
1578 3117 1793 3162 navem
1817 3118 1961 3164 esse
1983 3099 2243 3162 audiatis
2258 3100 2289 3159 Ἰ

218 3183 320 3247 34.
362 3189 572 3262 Atque
603 3187 761 3247 haec
791 3202 914 3261 qua
947 3186 1258 3248 celeritate
1286 3193 1465 3263 gesta
1494 3183 1617 3248 sint
1636 3199 2001 3262 quamquam
2035 3181 2289 3272 videtis,

215 3277 415 3331 tamen
445 3286 484 3331 a
515 3285 614 3330 me
637 3269 700 3330 in
731 3266 994 3329 dicendo
1024 3271 1471 3344 praetereunda
1514 3285 1640 3330 non
1682 3277 1845 3331 sunt.
1933 3266 2081 3344 Quis
2124 3282 2291 3328 emm

217 3367 501 3427 umquam
533 3359 642 3414 aut
672 3350 939 3414 obeundi
971 3351 1202 3426 negotii
1250 3359 1355 3414 aut
1384 3350 1801 3430 consequendi
1833 3357 2130 3428 quaestus
2160 3357 2293 3411 stu-
