2459 3817
228 164 309 232 82
653 165 728 223 ΙΝ
772 163 835 221 C.
883 162 1204 221 VERREM
1247 162 1522 223 ACT.11.
1555 162 1700 221 LIB.
1743 163 1850 221 lv.

229 317 295 377 Ei
338 317 535 390 palam
564 313 847 387 imperat,
893 321 959 371 ut
987 326 1165 371 omne
1194 320 1537 385 argentum,
1582 313 1748 386 quod
1777 312 1944 386 apud
1976 326 2282 386 quemque

228 406 395 459 esset
439 395 713 465 Catinae,
758 393 1239 467 conquirendum
1285 404 1523 455 curaret
1563 403 1624 455 et
1651 395 1729 454 ad
1761 410 1830 454 se
1861 394 2282 456 adferendum.

226 479 627 555 Phylarchum
672 474 1152 550 Centuripinum,
1207 476 1467 551 primum
1513 476 1820 536 hominem
1857 490 2116 551 genere,
2159 476 2278 536 vir·

228 572 381 632 tute,
430 560 691 636 pecunia
708 606 723 631 ,
764 574 885 619 uon
926 558 1044 619 hoc
1087 558 1250 618 idem
1299 559 1558 620 iuratum
1597 558 1802 619 dicere
1830 558 2120 632 audistis,
2165 560 2282 621 sibi

229 655 408 705 istum
454 642 760 717 negotium
813 641 1065 701 dedisse
1105 648 1291 716 atque
1336 642 1708 717 imperasse,
1743 649 1810 701 ut
1852 641 2282 716 Centuripini&

230 727 289 786 iu
338 725 579 785 civitate
616 724 800 785 totius
826 724 1069 783 Siciliae
1121 725 1306 785 multo
1358 724 1620 784 maxima
1669 733 1728 784 et
1783 723 2280 799 locupletissima,

229 826 407 870 omne
448 817 759 883 argentum
809 806 1198 880 conquireret
1240 816 1301 867 et
1346 808 1425 866 ad
1472 823 1541 866 se
1588 806 1958 880 comportari
2009 805 2284 867 iuberet?

228 890 459 968 Agyrio
490 889 763 951 similiter
789 887 966 950 istius
995 889 1249 965 imperio
1281 906 1432 949 vasa
1462 888 1765 950 Corinthia
1808 905 1920 963 per
1943 889 2282 963 Apollodo-

231 991 388 1046 rum,
420 989 599 1048 quem
632 980 851 1034 testem
876 971 1163 1044 audistiS,
1206 971 1553 1049 Syracusas
1587 972 1904 1045 deportata
1945 978 2104 1032 sunt.
2179 968 2284 1033 51.

232 1058 335 1117 llla
366 1073 512 1116 vero
553 1054 780 1131 optima
808 1062 931 1123 est,
969 1055 1165 1127 quod,
1202 1072 1390 1130 quum
1429 1053 1772 1114 Haluntium
1805 1055 2078 1113 venisset
2105 1070 2278 1128 prae·

232 1149 323 1200 tor
370 1137 718 1198 laboriosus
771 1144 831 1195 et
880 1135 1168 1211 diligens,
1223 1138 1362 1211 ipse
1415 1137 1478 1196 in
1530 1136 1826 1211 oppidum
1874 1136 2067 1197 noluit
2106 1152 2281 1196 acce-

228 1223 403 1293 dere,
436 1222 600 1296 quod
630 1228 761 1279 erat
788 1217 1019 1278 difficili
1048 1235 1316 1279 ascensu
1343 1228 1527 1294 atque
1564 1220 1788 1291 ardue,
1829 1218 2282 1291 Archagathum

227 1304 645 1374 Haluntinum,
695 1301 997 1362 hominem
1029 1318 1150 1361 non
1182 1304 1379 1363 solum
1408 1301 1606 1371 domi,
1649 1302 1761 1361 sed
1808 1310 1934 1362 tota
1974 1300 2181 1361 Sicilia
2221 1300 2280 1361 in

232 1385 439 1461 primis
468 1383 760 1452 nobilem,
804 1384 1012 1442 vocari
1040 1384 1238 1444 iussit.
1301 1383 1374 1443 Ei
1413 1383 1724 1458 negotium
1765 1384 1959 1457 dedit,
2001 1391 2068 1443 ut
2107 1384 2280 1457 quid-

234 1468 376 1543 quid
410 1464 655 1526 Halunti
690 1474 859 1525 esset
894 1467 1125 1538 argenti
1168 1465 1384 1526 caelati
1423 1476 1526 1526 aut
1565 1465 1619 1527 si
1667 1465 1813 1541 quid
1855 1464 2034 1526 etiam
2078 1464 2284 1525 Corin—

228 1549 516 1620 thiorum,
564 1556 631 1607 ut
660 1563 838 1607 omne
885 1546 1083 1607 statim
1124 1550 1202 1607 ad
1245 1564 1408 1609 mare
1451 1565 1528 1607 ex
1571 1550 1797 1623 oppido
1841 1550 2283 1623 deportaretur.

227 1630 523 1691 Ascendit
553 1629 613 1689 in
646 1629 939 1704 oppidum
964 1630 1407 1705 Archagathus.
1449 1631 1644 1691 Homo
1674 1630 1914 1703 nobilis,
1951 1630 2058 1705 qui
2088 1644 2126 1689 a
2153 1628 2286 1691 suis

231 1713 413 1775 amari
462 1721 523 1772 et
573 1711 741 1787 diligi
802 1714 1007 1785 vellet,
1072 1714 1304 1773 serebat
1353 1712 1617 1787 graviter
1672 1712 1833 1773 illam
1889 1712 2005 1773 sibi
2046 1714 2122 1773 ab
2163 1712 2284 1773 isto

233 1794 600 1873 provinciam
652 1796 850 1855 datam
915 1812 1029 1855 nec
1080 1794 1227 1870 quid
1287 1798 1512 1856 faceret
1549 1796 1862 1856 ,habebatz
1924 1792 2274 1871 pronuntiat

236 1880 377 1955 quid
405 1877 523 1938 sibi
550 1878 911 1953 imperatum
940 1888 1133 1939 esset:
1175 1877 1341 1938 iubet
1369 1894 1581 1938 omnes
1611 1879 1886 1952 proferre
1907 1878 2076 1953 quod
2097 1878 2282 1937 habe·

228 1970 379 2021 rent.
441 1960 643 2020 Metus
672 1970 801 2020 erat
828 1977 1121 2020 summus.
1185 1962 1328 2036 Ipse
1369 1961 1530 2021 enim
1573 1969 1870 2037 tyrannus
1916 1976 2040 2021 non
2084 1959 2280 2020 disce·

230 2043 413 2102 debat
440 2042 713 2115 longius=
758 2042 1205 2116 Archagathum
1248 2052 1309 2103 et
1336 2052 1648 2117 argentum
1691 2042 1750 2101 in
1793 2043 2008 2103 lectica
2048 2044 2284 2102 cubans

230 2123 310 2185 ad
340 2139 507 2183 mare
537 2122 691 2181 infra
722 2121 1013 2197 oppidum
1054 2125 1472 2199 exspectabat.
1533 2124 1634 2186 52.
1701 2124 1888 2199 Quem
1918 2140 2282 2185 concursum

230 2206 292 2266 in
324 2203 554 2279 oppido
584 2206 808 2265 sactum
838 2204 1106 2279 putatis?
1137 2223 1317 2281 quem
1345 2208 1714 2268 clamorem?
1754 2224 1935 2283 quem
1963 2223 2148 2282 porro
2172 2206 2281 2266 sse-

232 2298 355 2349 tum
384 2286 743 2349 mulierqu
779 2288 883 2361 qui
924 2286 1185 2361 videret,
1225 2306 1451 2363 equum
1490 2289 1812 2351 Troianum
1858 2289 2286 2365 introductum,

230 2372 440 2431 urbem
484 2378 721 2444 cap-tam
764 2370 1011 2431 diceret.
1072 2370 1288 2429 Efferri
1319 2369 1452 2431 sine
1484 2370 1678 2433 thecis
1706 2390 1886 2445 vasa,
1932 2371 2285 2446 extorqueri

231 2452 349 2513 alia
378 2453 457 2512 de
501 2452 780 2513 manibus
819 2451 1162 2525 mulierum,
1206 2451 1459 2527 ecfringi
1483 2456 1806 2517 multorum
1835 2457 2030 2527 foreS,
2072 2454 2286 2515 revelli

230 2536 512 2595 claustra.
574 2533 729 2608 Quid
758 2532 914 2593 enim
959 2534 1224 2609 putatis?
1267 2536 1451 2597 Scuta
1485 2536 1544 2597 si
1575 2538 1818 2611 quando
1849 2537 2288 2613 conquiruntur

230 2634 267 2677 a
302 2616 556 2690 privatis
586 2616 648 2675 in
690 2618 853 2677 bello
903 2632 976 2677 ac
1015 2619 1302 2692 tumultu,
1344 2627 1542 2679 tamen
1587 2618 1865 2679 homines
1905 2619 2075 2680 inviti
2119 2621 2284 2691 dant,

229 2698 345 2760 etsi
374 2700 452 2759 ad
484 2700 739 2759 salutem
780 2715 1162 2761 communem
1200 2700 1335 2761 dari
1381 2702 1674 2763 sentiunt=
1719 2718 1796 2761 ne
1840 2718 2020 2776 quem
2059 2700 2286 2777 putetis

230 2780 361 2841 sine
394 2781 655 2841 maximo
686 2782 900 2842 dolore
920 2791 1236 2856 argentum
1265 2785 1562 2845 caelatum
1591 2785 1772 2843 domo
1807 2786 1973 2857 quod
1995 2784 2147 2843 alter
2168 2782 2288 2843 eri-

229 2872 404 2938 peret
441 2863 789 2939 protulisse.
850 2862 1063 2924 Omnia
1100 2866 1468 2927 deseruntur.
1535 2866 1855 2941 Cibyratae
1907 2866 2122 2926 fratres
2176 2881 2286 2923 vo-

230 2953 471 3007 cantur=
519 2961 715 3020 pauca
759 2946 1130 3021 improbant:
1174 2964 1334 3023 quae
1378 2950 1735 3023 probarunt,
1783 2948 1858 3007 iis
1901 2958 2140 3007 crustae
2182 2954 2287 3005 aut

230 3029 589 3091 emblemata
640 3029 1129 3091 detrahebantur.
1212 3030 1314 3091 Sic
1357 3030 1662 3091 Haluntini
1712 3028 1995 3089 excussis
2047 3027 2289 3089 deliciis

230 3128 365 3171 cum
406 3120 656 3187 argento
710 3126 862 3186 puro
914 3114 1159 3174 domum
1206 3122 1602 3174 revertuntur.
1675 3113 1888 3173 XXIV.
1950 3108 2051 3172 53.
2109 3110 2287 3183 Quod

229 3194 815 3269 umquam,.i·udices‚
842 3194 1099 3257 huiusce
1122 3195 1288 3257 modi
1309 3195 1710 3255 everriculum
1731 3197 1855 3255 ulla
1877 3192 1938 3253 in
1966 3190 2288 3269 provincia

232 3276 387 3335 suit?
440 3280 737 3338 Avertere
774 3277 1007 3354 aliquid
1047 3280 1125 3339 de
1166 3276 1412 3353 publico
1457 3294 1638 3351 quam
1693 3275 2130 3337 obscurissime
2174 3290 2286 3349 per

232 3356 648 3433 magistratum
696 3362 1003 3437 solebant,
1051 3360 1229 3421 etiam
1275 3376 1472 3435 quum.
1499 3358 1728 3435 aliquid
1774 3376 1811 3419 a
1853 3357 2091 3434 privato
2134 3374 2286 3416 non·
