2459 3817
257 179 378 245 118
694 182 771 239 ΙΝ
807 182 867 241 C.
911 180 1240 241 VERREM
1281 182 1444 241 ACT.
1483 182 1556 241 11.
1587 182 1732 241 LlB.
1762 182 1861 240 IV.

246 336 391 401 lum,
422 329 771 391 interesset:
814 329 981 390 illum
1012 330 1286 391 noluisse
1321 347 1434 390 sua
1462 330 1805 391 laudatione
1847 330 2046 392 iuvari
2092 334 2156 392 L.
2188 334 2302 395 Lu-

248 414 491 483 cullum,
528 414 759 473 sororis
794 413 1003 485 virum,
1038 414 1280 488 quicum
1305 413 1530 489 optime
1557 414 1975 474 convenisset=
2008 414 2170 475 hunc
2197 416 2304 476 ho-

250 495 393 555 mini
430 493 805 555 alienissimo
846 512 883 555 a
913 495 1254 557 civitatibus
1287 495 1668 556 laudationes
1703 512 1816 570 per
1843 495 1968 555 vim
1997 505 2058 557 et
2084 506 2304 559 metum

249 592 625 651 comparare.
689 576 831 640 148.
891 579 1065 651 Quod
1086 578 1190 639 ubi
1220 576 1514 650 intellexi,
1547 578 1794 639 multum
1823 579 1989 653 apud
2018 578 2184 640 illum
2212 599 2304 641 re-

248 668 457 721 centes
488 661 760 735 nuntios,
830 663 1079 721 multum
1118 662 1367 721 tabellas
1411 676 1535 721 non
1577 661 2142 735 commendaticias»,
2191 666 2303 724 sed

246 742 591 803 tributarias
629 742 929 817 valuisse,
972 743 1286 804 admonitu
1314 744 1838 821 Syracusanorum
1872 744 2148 818 ipsorum
2191 746 2297 805 im-

246 832 455 898 petum
484 823 545 883 in
570 841 678 885 eas
704 827 939 887 tabulas
970 825 1147 898 facio,
1186 826 1247 885 in
1275 826 1500 901 quibus
1529 834 1780 887 senatus
1805 828 2144 887 consultum
2169 844 2278 903 per

248 906 639 981 scripserant.
716 909 879 969 Ecce
920 918 1123 971 autem
1156 926 1318 969 nova
1346 908 1522 970 turba
1549 915 1731 983 atque
1759 909 1931 981 rixa,
1975 926 2053 969 ne
2102 919 2299 972 tamen

246 988 427 1049 istum
456 989 701 1051 omnino
731 991 1057 1067 Syracusis
1102 991 1236 1051 sine
1265 992 1506 1066 amicis,
1537 990 1670 1051 sine
1716 991 2078 1065 hospitibuS,
2124 996 2303 1066 plane

247 1072 475 1132 nudum
526 1089 669 1133 esse
720 1090 793 1134 ac
840 1076 1145 1136 desertum
1179 1074 1404 1149 putetis
1423 1119 1438 1145 ,
1495 1074 1756 1135 retinere
1802 1072 2011 1149 incipit
2064 1076 2300 1134 tabulas

244 1154 687 1216 Theomnastus
718 1156 982 1231 quidam,
1010 1158 1193 1217 homo
1221 1156 1477 1217 ridicule
1507 1156 1791 1230 insanus-3,
1825 1174 2005 1231 quem
2041 1156 2300 1233 Syracu-

245 1238 379 1297 sani
401 1238 798 1299 Theoractum
832 1248 1083 1301 vocant:
1128 1238 1231 1316 qui
1265 1238 1386 1299 illic
1415 1240 1550 1301 eiu-s
1572 1239 1858 1317 modiest,
1886 1250 1952 1299 ut
1969 1256 2106 1300 eum
2130 1240 2302 1313 pueri

247 1328 581 1394 sectentur,
626 1332 694 1381 ut
735 1338 979 1397 omneS,
1028 1338 1213 1397 quum
1257 1323 1422 1397 loqui
1464 1322 1694 1396 coepit,
1737 1321 2043 1383 irrideant.
2107 1322 2300 1382 Huius

244 1413 443 1462 tamen
472 1403 729 1477 insania,
760 1421 920 1478 quae
952 1405 1205 1465 ridicula
1232 1414 1326 1465 est
1353 1404 1506 1477 aliis,
1543 1404 1685 1465 milii
1717 1414 1838 1465 tum
1869 1408 2123 1465 molesta
2151 1421 2299 1465 sane

245 1483 385 1545 suite
416 1501 555 1545 nam
587 1503 774 1560 quum
809 1504 1060 1561 spumas
1088 1495 1299 1560 ageret
1323 1486 1386 1545 in
1415 1504 1552 1560 ore,
1593 1487 1790 1548 oculis
1833 1488 2100 1559 arderet,
2142 1503 2301 1548 voce

245 1566 509 1627 maxima
540 1568 662 1627 vim
691 1585 789 1629 me
820 1569 937 1630 sibi
966 1570 1207 1629 adferre
1235 1571 1538 1641 clamaret,
1571 1570 1838 1645 copulati
1865 1570 1925 1629 in
1959 1570 2054 1631 ius
2082 1585 2300 1644 perve-

244 1648 464 1710 nimus.
528 1648 667 1713 149.
734 1651 847 1711 Hic
882 1668 996 1726 ego
1027 1653 1576 1727 postularecoepi,
1602 1662 1671 1713 ut
1695 1652 1842 1713 mihi
1872 1653 2107 1713 tabulas
2139 1652 2302 1713 obsi·

244 1748 431 1807 gnare
458 1749 532 1793 ac
560 1734 887 1809 deportare
917 1734 1145 1796 liceret.
1206 1735 1314 1794 Ille
1355 1744 1566 1797 contra
1606 1735 1842 1796 dicere=
1896 1751 2118 1811 negare
2157 1751 2302 1795 esse

241 1816 391 1876 illud
418 1825 667 1878 senatus
710 1819 1083 1893 consultum,
1138 1817 1201 1877 in
1247 1834 1368 1893 quo
1423 1826 1668 1895 praetor
1710 1819 2050 1895 appellatus
2103 1824 2302 1878 essets

244 1914 469 1972 negare
508 1899 569 1959 id
610 1900 755 1961 mihi
777 1900 933 1962 tradi
963 1910 1267 1977 oportere.
1329 1902 1460 1977 Ego
1487 1904 1684 1976 legem
1711 1900 1993 1973 recitare,
2037 1898 2301 1959 omnium

240 1980 388 2040 mihi
426 1982 759 2043 tabularum
798 1990 861 2044 et
900 1982 1227 2045 litterarum
1269 1985 1403 2045 fieri
1443 1992 1821 2061 potestatem.
1885 1984 1992 2043 llle
2033 1983 2300 2043 furiosus

242 2078 492 2137 urgere,
542 2063 687 2123 nihil
730 2066 809 2125 ad
852 2082 923 2125 se
946 2076 1191 2127 nostras
1219 2070 1390 2141 leges
1420 2068 1739 2143 pertinere.
1800 2066 2046 2126 Praetor
2085 2064 2300 2125 intelli-

244 2158 395 2219 gens
434 2162 660 2219 negare
696 2146 811 2207 sibi
861 2149 1137 2225 placere,
1190 2150 1361 2225 quod
1415 2157 1664 2210 senatus
1714 2150 2054 2209 consultum
2106 2156 2302 2207 ratum

246 2244 391 2289 esse
436 2244 557 2288 non
609 2229 887 2302 deberet,
938 2229 1003 2291 id
1043 2247 1139 2292 me
1172 2234 1426 2293 Romam
1481 2234 1821 2307 deportare.
1879 2229 2036 2305 Quid
2070 2231 2302 2291 multa?

243 2310 365 2371 nisi
398 2312 817 2373 vehementius
846 2312 1074 2374 homini
1099 2315 1365 2376 minatus
1398 2330 1632 2387 essem,
1676 2314 1795 2376 nisi
1835 2314 1988 2389 legis
2036 2312 2298 2374 sanctio-

246 2412 384 2455 nem
413 2411 806 2471 poenamque
832 2395 1220 2472 recitassem,
1265 2398 1604 2459 tabularum
1639 2396 1788 2457 mihi
1825 2402 2097 2473 potestas
2140 2396 2300 2453 facta

245 2494 367 2538 non
392 2486 583 2539 esset.
647 2478 755 2539 lile
779 2486 984 2539 autem
1010 2478 1297 2553 insanuS,
1329 2480 1434 2553 qui
1465 2494 1575 2548 pro
1617 2477 1736 2541 isto
1766 2475 2301 2540 vehementissime

254 2572 471 2621 contra
496 2578 597 2622 me
628 2562 1067 2634 declamasset,
1101 2571 1432 2638 postquam
1461 2580 1584 2624 non
1617 2565 1976 2641 impetravit,
2010 2570 2217 2640 credo,
2247 2574 2309 2628 ut

253 2646 312 2704 in
358 2644 611 2721 gratiam
654 2662 894 2707 mecum
933 2645 1191 2721 rediret,
1230 2645 1501 2707 libellum
1530 2648 1676 2708 mihi
1704 2648 1834 2722 dat,
1877 2649 1936 2709 in
1970 2666 2092 2725 quo
2131 2650 2310 2711 istius

253 2730 419 2788 furta
448 2728 846 2805 Syracusana
874 2730 1221 2805 perscripta
1253 2736 1458 2790 erant:
1508 2746 1670 2806 quae
1709 2744 1825 2808 ego
1863 2741 2050 2793 antea
2081 2734 2201 2795 iam
2231 2734 2309 2794 ab

254 2810 390 2871 aliis
423 2826 757 2887 cognoram
790 2820 851 2871 et
880 2826 1263 2887 acceperam.
2196 2882 2209 2901 ⁶

413 2893 645 2953 van.
711 2892 851 2955 150.
914 2893 1189 2956 Laudent
1217 2903 1281 2955 te
1311 2892 1430 2954 iam
1461 2908 1609 2954 sane
1633 2888 1989 2962 Mamertini,
2023 2900 2308 2963 quonlam

250 2992 330 3036 ex
359 2983 488 3037 tota
521 2975 835 3051 provincia
860 2977 977 3037 soli
1013 2985 1154 3039 sunt
1190 2975 1300 3052 qui
1338 2983 1399 3037 te
1433 2976 1670 3037 salvum
1708 2974 1926 3034 velint=
1979 2968 2066 3031 ita
2100 2978 2308 3065 οὺαῑῐιρῐι

251 3059 529 3131 laudent,
589 3067 656 3120 ut
686 3058 907 3131 HeiuS,
960 3058 1067 3133 qui
1104 3058 1396 3135 princeps
1438 3056 1760 3131 legationis
1806 3063 1932 3127 est,
1989 3052 2175 3113 ads1t=
2231 3054 2316 3109 lta

248 3142 525 3212 laudent,
552 3150 622 3201 ut
646 3143 727 3202 ad
754 3156 847 3213 ea,
878 3158 1035 3217 quae
1061 3141 1259 3217 rogati
1287 3148 1480 3214 erunt,
1505 3138 1654 3207 mihi
1681 3136 1875 3215 parati
1907 3134 2026 3197 sint
2049 3147 2314 3207 respon·

248 3224 414 3283 dere.
476 3226 569 3283 Ac
598 3241 675 3285 ne
702 3224 904 3285 subito
936 3242 973 3285 a
1004 3241 1102 3286 me
1136 3222 1587 3301 opprimantur,
1613 3222 1766 3282 haec
1801 3233 1936 3281 sum
1955 3225 2311 3291 rogaturus:

249 3306 478 3367 Navem
518 3308 747 3382 populo
786 3306 1061 3370 Romano
1105 3308 1488 3368 debeantne?
1555 3302 1942 3365 Fatebuntur.
2010 3298 2312 3359 Praebue-

248 3386 443 3448 rintne
470 3398 753 3464 praetore
782 3390 843 3450 C.
880 3390 1118 3452 Verre?
1190 3388 1526 3464 Negabunt.
1587 3382 2064 3448 Aedificat-inme
2093 3391 2315 3440 navem
