2459 3817
248 131 336 197 σο
858 125 1007 189 rao
1039 127 1104 188 P.
1139 125 1406 190 sesne
1442 125 1744 206 omno.

256 285 375 346 mei
426 291 550 345 tam
605 278 867 358 cupidos
921 296 1044 341 non
1100 281 1286 342 modo
1337 280 1418 341 ad
1471 289 1697 342 certam
1749 288 2034 354 mortem,
2095 281 2212 346 sed
2263 279 2329 344 in

256 383 540 444 magnum
572 365 731 428 vitae
758 363 1086 425 discrimen
1115 364 1503 425 adducerem.
1559 362 1662 426 46.
1695 362 1890 438 Quum
1914 363 2144 426 veroin
2167 364 2332 427 hanc

252 453 347 515 rei
387 450 669 527 publicae
710 463 930 509 navem
974 447 1205 524 ereptis
1247 447 1486 508 senatui
1523 447 1952 524 gubernaculis
1985 446 2332 510 fluitantem

253 536 317 597 in
360 535 483 595 alto
526 531 991 608 tempestatibus
1040 529 1410 592 seditionum
1448 545 1523 590 ac
1568 531 2011 592 discordiarum
2057 539 2332 592 armatae

256 626 347 680 tot
384 617 653 688 classes,
698 613 816 674 nisi
858 629 974 688 ego
1016 629 1221 676 essem
1254 629 1416 675 unus
1449 613 1723 686 deditus,
1765 613 2124 676 incursurae
2158 614 2330 675 vide·

254 707 495 773 rentur,
534 714 722 774 quum
753 696 1152 773 proscriptio,
1197 698 1456 770 caedes,
1526 692 1787 768 direptio
1843 693 2331 766 denuntiaretur,

258 797 447 860 quum
485 781 589 842 alii
630 797 727 840 me
768 780 1110 856 suspitione
1166 779 1422 856 periculi
1463 779 1561 841 sui
1591 796 1714 840 non
1743 777 2189 854 defenderent,
2225 779 2331 840 alii

256 876 467 927 vetere
490 864 633 927 odio
655 865 958 926 bonorum
977 865 1396 936 incitarentur,
1431 862 1534 924 alii
1553 861 1923 937 inviderent,
1951 862 2054 922 alii
2079 863 2331 924 obstare

258 949 379 1012 sibi
406 965 505 1008 me
532 947 994 1023 arbitrarentur,
1027 947 1127 1008 alii
1155 947 1374 1008 ulcisci
1400 947 1676 1007 dolorem
1697 945 1964 1021 aliquem
1993 961 2172 1007 suum
2202 947 2327 1007 vel-

257 1034 411 1106 lent,
462 1031 565 1092 alii
600 1039 731 1093 rem
771 1029 972 1107 ipsam
1013 1030 1320 1106 publicam
1360 1037 1546 1104 atque
1584 1029 1747 1091 hunc
1775 1030 2078 1090 bonorum
2105 1037 2327 1090 statum

243 1117 573 1191 'otiumque
617 1114 897 1177 odissent
922 1122 985 1175 et
1024 1114 1103 1175 ob
1131 1113 1320 1174 hasce
1356 1128 1580 1174 causas
1607 1120 1697 1174 tot
1721 1121 1967 1188 tamque
1998 1111 2198 1172 varias
2228 1127 2328 1172 me

257 1216 447 1264 unum
476 1200 917 1275 deposcerent,
956 1198 1373 1274 depugnarem
1407 1196 1614 1270 potius
1647 1211 1784 1256 cum
1813 1211 2051 1257 summo
2084 1210 2206 1255 non
2237 1195 2328 1255 di-

261 1299 397 1346 cam
418 1282 626 1356 exitio,
658 1283 770 1344 sed
793 1279 1067 1357 periculo
1090 1287 1256 1341 certe
1281 1287 1488 1341 vestro
1511 1279 1962 1353 liberorumque
1987 1287 2330 1339 vestrorum

262 1381 446 1442 quam
474 1365 719 1438 ueniti,
750 1364 919 1439 quod
948 1363 1229 1427 omnibus
1257 1361 1678 1438 impendebat,
1712 1379 1869 1424 unus
1897 1378 2011 1438 pro
2045 1361 2332 1423 omnibus

262 1445 645 1522 susciperem
672 1460 747 1506 ac
776 1444 1087 1506 subirem?

426 1530 580 1590 XXI.
611 1527 715 1592 47.
758 1528 921 1594 victi
961 1537 1173 1592 essent
1210 1529 1494 1606 improbi.
1532 1563 1620 1578 —-
1654 1533 1736 1593 At
1775 1531 1977 1605 cives,
2027 1539 2088 1592 at
2126 1530 2206 1590 ab
2251 1546 2330 1590 eo

244 1613 529 1692 privato,
584 1613 691 1690 qui
732 1612 867 1675 sine
905 1613 1089 1674 armis
1120 1613 1302 1675 etiam
1337 1616 1553 1676 consul
1586 1630 1718 1677 rem
1745 1615 2051 1692 publicam
2080 1628 2330 1675 conser-

261 1707 450 1761 varat·
514 1696 620 1759 Sin
652 1696 796 1759 victi
816 1697 1225 1774 essentboni,
1260 1697 1366 1775 qui
1387 1706 1826 1774 superessent?
1873 1713 2074 1760 nonne
2097 1699 2177 1758 ad
2201 1713 2332 1757 ser·

262 1800 378 1845 vos
409 1781 629 1844 videtis
656 1798 786 1843 rem
818 1781 1120 1857 publicam
1148 1790 1465 1844 venturam
1505 1781 1742 1844 fuisse?
1770 1817 1842 1828 —
1887 1785 1985 1842 An
2017 1779 2329 1855 mihiipsi,

260 1875 328 1930 ut
347 1866 593 1943 quidam
612 1873 846 1943 putant,
870 1865 982 1927 fuit
998 1881 1163 1928 mors
1180 1881 1384 1942 aequo
1405 1865 1607 1926 animo
1626 1865 2015 1942 oppetendav
2033 1897 2120 1908 -—
2133 1863 2332 1942 Quid?

260 1960 388 2013 tum
416 1958 755 2012 mortemne
782 1949 1130 2024 rugiebam?
1178 1965 1256 2010 an
1285 1958 1416 2011 erat
1450 1964 1553 2010 res
1580 1950 1702 2010 ulla
1745 1965 1927 2024 quam
1959 1946 2105 2009 mihi
2133 1945 2332 2021 magis

262 2033 594 2108 optandam
632 2039 954 2107 putarem?
1000 2041 1105 2094 aut
1140 2048 1260 2106 ego
1292 2031 1427 2093 illas
1459 2048 1563 2093 res
1593 2039 1792 2093 tantas
1822 2033 1884 2092 in
1913 2041 2077 2094 tanta
2105 2032 2327 2106 impro-

261 2117 479 2176 borum
508 2114 887 2176 multitudine
920 2131 1107 2188 quum
1136 2116 1451 2190 gerebam,
1498 2132 1620 2176 non
1660 2115 1806 2176 mihi
1833 2131 2026 2189 mors,
2070 2132 2193 2176 non
2223 2129 2329 2173 ex-

265 2198 465 2260 silium
505 2197 585 2258 ob
627 2199 843 2259 oculos
890 2198 1288 2258 versabaturtt
1337 2216 1459 2260 non
1505 2199 1658 2260 haec
1692 2197 1959 2275 denique
2000 2215 2040 2258 a
2077 2214 2174 2258 me
2207 2207 2328 2258 tum

264 2293 575 2359 tamquam
616 2281 738 2342 rata
766 2279 826 2340 in
858 2279 997 2357 ipsa
1027 2297 1095 2343 re
1126 2283 1397 2356 gerenda
1437 2282 1853 2344 canebantur?
1901 2297 1980 2343 an
2019 2291 2150 2344 erat
2185 2279 2328 2340 mihi

262 2366 326 2426 in
354 2375 519 2426 tanto
560 2366 726 2425 luctu
767 2379 1071 2439 meorum,
1114 2372 1282 2426 tanta
1309 2364 1746 2439 disiunctione,
1787 2373 1954 2427 tanta
1981 2363 2326 2436 acerbitate,

262 2455 431 2510 tanta
472 2446 837 2524 spoliatione
880 2449 1147 2509 omnium
1188 2465 1419 2522 rerum,
1477 2465 1632 2524 quas
1675 2447 1818 2508 mihi
1854 2459 1962 2510 aut
1988 2458 2201 2510 natura
2226 2456 2330 2508 aut

266 2535 507 2594 fortuna
528 2530 809 2602 dederat,
841 2531 965 2592 vita
986 2530 1345 2592 retinenda?
1376 2541 1496 2593 tam
1510 2548 1686 2593 -eram
1707 2532 1879 2594 rudis
1895 2579 1912 2606 ,
1938 2541 2061 2594 tam
2081 2532 2328 2608 ignarus

264 2633 496 2688 rerum,
529 2622 647 2675 tam
672 2629 898 2690 expers
920 2613 1160 2676 consilii
1188 2624 1294 2677 aut
1319 2614 1588 2691 ingenii?
1617 2616 1766 2677 nihil
1794 2617 2144 2677 audieme
2181 2613 2330 2674 nihil

267 2698 582 2759 videram?
638 2697 786 2758 nihil
836 2697 975 2774 ipse
1030 2699 1294 2774 legendo
1350 2700 1830 2775 quaerendoque
1881 2704 2332 2774 cognoveram?

265 2781 615 2842 nesciebam
643 2779 804 2842 vitae
831 2782 1081 2843 brevem
1110 2797 1254 2844 esse
1286 2799 1528 2844 cursum
1545 2828 1562 2856 ,
1591 2783 1823 2859 gloriae
1854 2781 2333 2858 sempiternum?

268 2881 457 2942 quum
491 2873 659 2928 esset
697 2865 983 2927 omnibus
1024 2866 1274 2927 definita
1315 2882 1512 2939 mors,
1559 2867 1892 2942 optandum
1921 2881 2064 2926 esse
2091 2871 2159 2925 ut
2187 2863 2329 2938 vita,

268 2964 427 3024 quae
468 2947 821 3009 necessitati
862 2949 1213 3022 deberetur,
1265 2949 1498 3025 patriae
1531 2949 1738 3025 potius
1767 2950 1991 3012 donata
2025 2964 2209 3022 quam
2235 2963 2332 3006 re-

265 3039 509 3093 servata
550 3039 799 3096 naturae
849 3032 1194 3093 videretur?
1245 3033 1594 3093 nesciebam
1637 3032 1793 3094 inter
1840 3029 2332 3108 sapientissimos

264 3113 545 3176 homines
587 3114 747 3174 hanc
788 3115 1237 3176 contentionem
1278 3115 1502 3187 ruisse,
1555 3123 1624 3177 ut
1661 3110 1764 3176 al'ii
1794 3115 2068 3176 dicerent
2093 3114 2332 3175 animos

263 3197 575 3260 hominum
604 3211 953 3272 sensusque
982 3205 1177 3258 morte
1203 3199 1528 3274 restingui,
1562 3197 1666 3261 alii
1692 3207 1895 3260 autem
1922 3205 2048 3258 tum
2069 3195 2332 3258 maxime

266 3290 499 3343 mentes
529 3278 897 3358 sapientium
924 3294 997 3339 ac
1027 3278 1272 3342 fortium
1301 3280 1564 3342 virorum
1580 3327 1596 3356 ,
1627 3299 1816 3358 quum
1837 3297 1919 3341 ex
1941 3294 2203 3356 corpore
2221 3295 2330 3338 ex-

265 3361 636 3439 cessissent,
692 3361 919 3425 sentire
958 3379 1033 3422 ac
1082 3361 1334 3435 vigere?
1385 3381 1644 3439 quorum
1683 3365 1935 3426 aiterum
1977 3361 2332 3438 fugiendum
