2459 3817
260 125 345 196 60
862 128 1011 192 PRO
1038 129 1101 190 P.
1130 128 1394 192 SESTIO
1423 127 1726 192 ORATIO.

260 282 600 354 Romanos,
651 279 1034 342 minitabatur
1072 279 1342 356 senatui,
1383 280 1734 342 venditabat
1773 298 1844 342 se
1883 279 2092 360 operis
2129 290 2318 360 atque

258 367 336 426 ab
365 363 441 425 iis
484 379 555 424 se
595 373 899 440 ereptum,
944 379 1023 424 ne
1053 364 1132 424 de
1164 365 1392 426 ambitu
1421 379 1668 426 causam
1699 364 1957 438 diceret,
1999 365 2307 440 praedica-

260 450 387 520 bat,
420 447 499 508 ab
528 445 870 522 iisdemque
900 461 971 506 se
998 446 1179 508 etiam
1206 445 1394 510 invito
1415 455 1636 510 senatu
1661 446 2041 525 provinciam
2061 463 2314 522 sperare

258 530 529 592 dicebatz
558 545 819 605 eamque
838 527 957 592 nisi
978 531 1240 606 adeptus
1263 538 1448 604 esset,
1471 546 1542 592 se
1562 530 1929 594 ineolumem
1941 532 2106 596 nullo
2131 532 2315 592 modo

260 614 392 674 lore
419 609 839 674 arbitrabatur.
930 611 1027 676 19.
1071 615 1270 686 Alter,
1313 631 1352 675 o
1386 614 1452 675 di
1483 613 1657 676 bonit
1708 631 1892 690 quam
1933 622 2122 676 taeter
2151 613 2312 676 ince-

260 695 470 756 debat!
520 712 703 772 quam
732 697 1135 758 truculentus!
1180 713 1362 773 quam
1392 696 1674 758 terribilis
1702 705 1986 772 aspectu!
2021 731 2101 742 -—
2127 714 2315 758 unum

254 777 519 854 aliquem
556 787 615 840 te
641 797 725 842 ex
751 779 1019 842 barbatis
1047 779 1195 852 illis,
1239 781 1588 855 exemplum
1615 778 1851 856 imperii
1877 780 2134 852 veteris,
2166 778 2311 842 ima·

256 861 456 938 ginem
496 862 904 939 antiquitatis,
946 864 1223 924 columen
1257 862 1348 922 rei
1375 862 1658 938 publicae
1685 862 1926 926 diceres
1957 862 2174 926 intueri
2200 886 2312 919 -ε

259 945 515 1006 vestitus
548 963 772 1023 aspere
812 954 1021 1008 nostra
1049 945 1164 1006 hac
1204 962 1478 1022 purpura
1511 946 1748 1022 plebeia
1775 963 1848 1008 ac
1881 962 2076 1022 paene
2107 947 2312 1008 fuscae

258 1030 479 1105 capillo
502 1028 585 1090 ita
606 1029 853 1090 horrido
868 1075 884 1103 ,
913 1037 979 1090 ut
1000 1029 1238 1105 Capua,
1261 1029 1322 1088 in
1347 1047 1466 1104 qua
1491 1029 1623 1103 ipsa
1648 1037 1770 1090 tum
1792 1027 2071 1104 imaginis
2094 1045 2309 1090 ornan-

257 1113 373 1172 dae
403 1128 593 1174 causa
618 1112 1061 1174 duumviratum
1090 1113 1365 1188 gerebat,
1399 1111 1740 1188 Seplasiam
1769 1113 2116 1174 sublaturus
2145 1111 2310 1172 vide-

168 1267 173 1272 ,
256 1204 440 1256 retur.
520 1195 669 1258 Nam
702 1195 849 1270 quid
888 1211 1005 1270 ego
1036 1196 1115 1256 de
1143 1193 1470 1272 supercilio
1499 1195 1727 1269 dicam,
1769 1195 1936 1270 quod
1969 1203 2092 1256 tum
2121 1195 2309 1255 homi-

164 1277 175 1344 ’,
258 1278 437 1338 nibus
479 1295 603 1340 non
644 1278 1062 1352 supercilium,
1110 1279 1221 1339 sed
1261 1280 1484 1354 pignus
1521 1277 1611 1340 rei
1642 1278 1919 1354 publicae
1954 1277 2312 1340 videbatur?

166 1407 178 1428 ,.
256 1359 447 1418 Tanta
472 1366 601 1418 erat
614 1358 881 1432 gravitas
898 1359 959 1420 in
978 1362 1181 1431 oculo,
1207 1367 1374 1420 tanta
1387 1357 1724 1420 contractio
1747 1358 1980 1430 frontis,
2002 1364 2068 1418 ut
2085 1357 2185 1417 illo
2203 1373 2305 1418 su-

260 1440 507 1516 percilio
522 1457 721 1501 annus
734 1443 1055 1502 novusille
1074 1442 1177 1503 niti
1194 1450 1500 1518 tamquam
1519 1443 1672 1502 vade
1687 1439 2012 1501 videretur.
2047 1439 2146 1500 20.
2163 1441 2310 1502 Erat

158 1541 161 1546 ·
258 1522 357 1584 bic
386 1521 651 1584 omnium
680 1539 911 1584 sermm
956 1524 1065 1584 Est
1090 1531 1288 1584 tamen
1313 1521 1404 1586 rei
1432 1523 1712 1600 publicae
1736 1539 2018 1600 magnum
2047 1522 2307 1582 firmum—

174 1617 179 1624 ·
259 1623 380 1684 que
410 1605 781 1668 subsidium=
832 1607 1030 1668 habeo
1061 1622 1242 1682 quem
1271 1623 1578 1684 opponam
1608 1605 1728 1668 labi
1757 1605 1840 1666 illi
1868 1614 2051 1680 atque
2083 1621 2309 1666 caeno:

260 1692 456 1764 vultu,
511 1690 749 1752 medius
796 1690 1009 1764 fidius,
1066 1692 1340 1766 collegae
1389 1691 1486 1752 sui
1530 1688 1838 1750 libidinem
1885 1689 2311 1765 levitatemque

164 1766 177 1831 ἶ
259 1777 521 1851 frangetz
551 1773 799 1838 habebit
827 1783 1075 1836 senatus
1105 1772 1165 1836 in
1194 1774 1355 1835 hunc
1375 1791 1598 1834 annum
1631 1789 1811 1848 quem
1838 1779 2160 1849 sequatur-2
2190 1788 2313 1832 non

162 1893 173 1934 ς
259 1860 453 1920 deerit
480 1867 693 1921 auctor
718 1866 779 1920 et
802 1859 931 1920 dux
960 1857 1156 1920 bonis.
1212 1857 1358 1918 Mihi
1387 1855 1652 1934 denique
1679 1855 1956 1918 homines
1985 1853 2313 1932 praecipue

167 1955 177 1980 ·-
260 1943 741 2017 gratulabantur,
776 1943 943 2018 quod
974 1941 1288 2004 habiturus
1319 1957 1524 2002 essem
1551 1947 1761 2002 contra
1788 1939 2092 2001 tribunum
2109 1935 2314 2016 plebis

160 2027 177 2098 ,ξ
260 2024 557 2086 furiosum
601 2033 665 2088 et
699 2027 994 2086 audacem
1036 2043 1223 2100 quum
1259 2025 1517 2086 amicum
1556 2032 1618 2086 et
1653 2023 1920 2084 adfinem
1959 2029 2088 2084 tum
2131 2020 2315 2084 etiam

163 2106 173 2137 ·’
260 2107 473 2168 fortem
504 2115 565 2168 et
598 2124 845 2184 gravem
876 2110 1208 2170 consulem.

425 2191 525 2252 1Χ.
570 2193 772 2266 Atque
802 2207 1011 2254 eorum
1039 2193 1189 2252 alter
1218 2190 1426 2252 fefellit
1454 2189 1772 2256 neminem.
1829 2187 1976 2264 Quis
2000 2186 2163 2249 enim
2191 2187 2312 2249 cla·

264 2289 401 2336 vum
433 2273 578 2335 tanti
610 2273 847 2349 imperii
874 2282 1081 2336 tenere
1105 2283 1165 2334 et
1194 2273 1602 2350 gubernacula
1630 2272 1719 2334 rei
1751 2272 2028 2349 publicae
2055 2279 2314 2332 tractare

158 2399 162 2415 2
260 2359 317 2419 in
362 2356 623 2418 maximo
669 2373 852 2418 cursu
896 2374 973 2418 ac
1016 2355 1304 2419 fluctibus
1349 2374 1539 2433 posse
1583 2357 1970 2418 arbitraretur
2011 2354 2315 2415 hominem

258 2457 560 2502 emersum
604 2440 805 2501 subito
848 2456 925 2502 ex
969 2439 1266 2500 diuturnis
1304 2442 1566 2501 tenebris
1600 2441 1928 2500 lustrorum
1963 2453 2038 2500 ae
2073 2446 2316 2514 stupro-

260 2539 389 2584 rum
405 2569 421 2598 ,
446 2522 617 2596 vino,
644 2522 889 2600 ganeis,
909 2522 1227 2584 lenociniis
1253 2523 1688 2598 adulteriisque
1708 2523 2096 2586 confectum?
2129 2535 2321 2596 quum

156 2637 159 2640 ⁴
260 2607 313 2671 is
354 2615 595 2681 praeter
644 2622 817 2682 spem
866 2605 928 2666 in
975 2603 1270 2668 altissimo
1321 2607 1515 2682 gradu
1553 2604 1768 2668 alienis
1803 2605 2026 2681 opibus
2076 2603 2322 2680 positus

258 2697 453 2763 esset,
498 2688 601 2766 qui
642 2707 765 2752 non
804 2690 989 2752 modo
1029 2697 1446 2766 tempestatem
1485 2688 1931 2764 impendentem
1969 2685 2190 2748 intueri
2233 2693 2325 2746 te·

260 2773 590 2846 mutentuS,
638 2775 753 2836 sed
792 2790 869 2835 ne
908 2775 1105 2836 lucem
1138 2773 1383 2850 quidem
1417 2771 1720 2834 insolitam
1749 2771 2031 2848 aspicere
2061 2775 2330 2845 posset?

158 2863 164 2871 '
258 2854 359 2917 21.
402 2857 572 2917 Alter
614 2859 835 2919 multos
877 2860 1056 2934 plane
1086 2856 1147 2918 in
1192 2873 1404 2918 omnes
1435 2864 1640 2934 partes
1671 2855 1898 2918 fefellit.
1987 2854 2131 2914 Erat
2155 2852 2328 2914 enim

163 2966 167 2973 2
258 2937 566 3001 hominum
624 2941 899 3016 opinioni
956 2939 1265 3005 nobilitate
1321 2940 1484 3016 ipsa,
1548 2939 1772 3000 blanda
1827 2935 2332 3009 conciliatricula,

260 3023 737 3085 commendatus.
831 3023 1055 3086 Omnes
1097 3024 1244 3084 boni
1287 3039 1529 3098 semper
1569 3019 1862 3082 nobilitati
1903 3022 2212 3092 favemuS,
2264 3026 2336 3080 et

164 3161 172 3190 ζ
263 3105 405 3184 quia
434 3106 575 3168 utile
606 3116 700 3167 est
726 3107 817 3167 rei
844 3107 1124 3183 publicae
1156 3107 1390 3166 nobiles
1417 3105 1694 3166 homines
1719 3120 1863 3165 esse
1886 3103 2108 3178 dignos
2129 3099 2330 3162 maio-

160 3193 171 3257 ,’
259 3191 429 3252 ribus
459 3189 588 3252 suis
618 3196 680 3249 et
706 3188 848 3265 quia
878 3192 1038 3252 valet
1064 3189 1230 3264 apud
1261 3205 1376 3250 nos
1405 3189 1703 3250 clarorum
1734 3187 2043 3248 hominum
2073 3192 2134 3246 et
2160 3185 2332 3245 bene

158 3274 171 3340 ἐ
260 3273 339 3332 de
381 3291 449 3335 re
491 3271 735 3349 publica
774 3271 1123 3333 meritorum
1152 3269 1442 3331 memoria
1477 3271 1653 3332 etiam
1686 3277 2078 3331 mortuorum.
2166 3265 2336 3341 Quia

155 3357 168 3402 ἱ
261 3352 491 3416 tristem
534 3371 807 3433 semper,
861 3352 1004 3432 quia
1046 3353 1434 3427 taciturnum,
1485 3351 1628 3428 quia
1668 3351 2096 3413 subhorridum
2133 3356 2337 3424 atque

164 3647 312 3674 Α

120 3701 383 3750 L—-k
