2459 3817
762 148 932 209 οΑΡ.
971 154 1214 211 46—43.
1263 156 1316 218 ς.
1359 155 1702 211 121-127.·
2151 142 2268 208 161

184 314 392 379 multis
406 312 626 376 officiis
638 311 881 374 illorum
892 320 1191 389 usurpata
1216 320 1278 374 et
1291 314 1648 411 comproba
1647 312 2119 389 cognatio,quos
2131 320 2263 371 tan·

185 402 329 462 dem
345 401 579 460 fructus
592 396 854 460 huiusce
868 396 1376 458 necessitudinis
1361 414 1422 457 m
1438 397 1616 459 istius
1631 396 1891 472 imperio
1911 396 2075 457 tulit?
2087 396 2265 453 Nem·

190 501 273 564 pe
293 483 451 545 hoe
436 498 571 544 iure
593 482 724 554 ruit,
748 481 1004 554 iudices,
1028 487 1097 542 ut
1120 498 1197 541 ex
1222 479 1364 541 sinu
1385 482 1587 558 patrio
1613 480 2036 542 nobilissimus
2057 479 2266 539 adole·

188 583 375 629 scens
401 575 565 628 etex
582 568 911 641 complexu
936 563 1145 625 matris
1163 564 1450 639 ereptus
1434 581 1732 625 innocens
1749 563 1912 625 filius
1925 561 2106 623 istius
2128 576 2262 621 car-

189 650 355 711 nifici
386 650 599 711 Sextio
631 650 978 710 dederetur.
1035 647 1145 710 Cui
1172 646 1405 709 civitati
1437 648 1702 710 maiores
1731 646 1932 710 nostri
1961 644 2266 706 maximos

127 739 135 747 ²
190 750 377 809 agros
401 740 591 809 atque
614 732 879 809 optimos
895 738 1362 803 concesserunt,
1381 748 1562 807 quam
1587 731 1920 791 immunem
1934 744 2080 790 esse
2092 729 2270 787 voiu-

191 817 555 889 erunt,haec
580 817 746 894 apud
762 822 823 877 te
848 814 1255 891 cognationis,
1282 814 1612 886 fidelitatis,
1647 814 1992 884 vetustatis,
2007 810 2270 873 auctori·

192 901 335 961 tatis
357 917 437 961 ne
459 901 580 962 hoc
605 899 850 976 quidem
870 900 1021 959 iuris
1046 898 1330 969 obtinuit,
1345 907 1412 959 ut
1431 897 1615 959 unius
1637 894 2060 957 honestissimi
2082 901 2272 971 atque

193 983 678 1045 innocentissimi
706 982 861 1044 civis
888 989 1149 1043 mortem
1180 998 1256 1042 ac
1285 982 1649 1057 sanguinem
1675 982 2136 1055 deprecaretur.

372 1064 634 1125 XLVIII.
699 1062 838 1127 126.
908 1068 1040 1140 Quo
1098 1069 1450 1143 confugient
1507 1066 1704 1129 socii?
1747 1084 1930 1144 quem
1991 1067 2278 1144 implora·

203 1146 395 1208 bunt?
438 1163 559 1221 qua
600 1164 715 1224 spe
747 1148 1011 1224 denique
1052 1159 1119 1211 ut
1157 1151 1368 1211 vivere
1407 1151 1597 1211 velint
1635 1151 2031 1224 tenebuntur,
2073 1151 2126 1211 si
2162 1164 2276 1213 vos

204 1245 317 1288 eos
348 1228 689 1290 deseretis?
772 1233 870 1290 Ad
899 1240 1258 1293 senatumne
1300 1232 1562 1295 venient.
1627 1233 1812 1308 Quid,
1855 1241 1923 1294 ut
1965 1234 2044 1294 de
2083 1236 2276 1296 Verre

202 1311 575 1386 supplicium
606 1320 890 1373 sumant?
942 1315 1075 1374 Non
1106 1324 1201 1375 est
1227 1314 1546 1390 usitatum,
1593 1333 1715 1377 non
1758 1324 1854 1377 est
1884 1320 2254 1379 senatorium

200 1396 300 1453 Ad
350 1397 647 1470 populum
677 1398 1019 1457 Romanum
1066 1399 1460 1475 confugient?
1508 1398 1731 1461 Facilis
1780 1409 1875 1460 est
1921 1416 2109 1461 causa
2165 1419 2246 1477 po

201 1476 631 1552 puliRomani.
654 1480 851 1554 legem
881 1480 1041 1540 enim
1064 1497 1135 1541 se
1158 1482 1466 1543 sociorum
1492 1498 1681 1543 causa
1703 1482 1964 1543 iussisse
1992 1484 2132 1545 etei
2161 1502 2273 1547 vos

202 1559 322 1635 legi
349 1562 639 1623 custodes
674 1579 747 1622 ac
778 1562 1057 1625 vindices
1086 1565 1530 1639 praeposuisse
1573 1565 1751 1627 dicet.
1817 1565 1930 1626 Hic
1957 1568 2178 1628 locus
2167 1568 2267 1641 lgi-

180 1639 299 1703 'tur
328 1653 423 1706 est
451 1661 611 1706 unus
644 1662 767 1721 quo
800 1648 1179 1723 perfugiant:
1210 1648 1310 1707 hic
1341 1658 1588 1723 portUS,
1620 1648 1773 1709 haec
1800 1666 1944 1721 arx,
1977 1650 2130 1709 hacc
2165 1668 2272 1710 ara

204 1725 543 1787 sociorum:
577 1746 698 1805 quo
733 1730 982 1805 quidem
1010 1746 1174 1790 nunc
1202 1748 1327 1789 non
1363 1730 1446 1791 ita
1478 1725 1867 1805 coniugium,
1908 1738 1977 1791 ut
2001 1738 2182 1791 antea
2211 1732 2269 1792 in

206 1808 336 1869 suis
366 1812 722 1887 repetundis
751 1813 937 1873 rebus
974 1814 1272 1875 solebant.
1331 1814 1466 1873 Non
1490 1830 1736 1885 aurum,
1779 1827 1903 1871 non
1939 1822 2272 1889 argentum,

206 1907 323 1953 non
352 1904 615 1969 vestem,
656 1912 779 1956 non
819 1895 1126 1971 mancipia
1160 1903 1473 1969 repetunt=
1517 1910 1640 1955 non
1687 1904 2071 1993 ornamenta,
2115 1912 2273 1971 quae

205 1991 283 2034 ex
311 1976 564 2037 urbibus
601 1977 885 2053 ranisque
912 1989 1125 2055 erepta
1158 1985 1335 2038 sunt·
1377 1985 1653 2039 metuunt
1682 1976 1962 2039 homines
1992 1978 2273 2056 ἰωροιίιί,

201 2075 279 2119 ne
328 2058 449 2119 iam
491 2062 642 2119 haec
683 2063 953 2137 populus
992 2062 1308 2122 Romanus
1359 2061 1658 2123 concedat
1710 2067 1773 2122 et
1814 2060 1896 2122 ita
1935 2062 2068 2123 fieri
2109 2063 2270 2124 velit.

196 2142 462 2203 Patimur
510 2142 669 2203 enim
724 2145 946 2205 multos
995 2144 1113 2205 iam
1163 2160 1360 2205 annos
1402 2153 1464 2206 et
1508 2136 1779 2219 silemus,
1834 2163 2024 2220 quum
2064 2147 2272 2207 videa-

198 2240 335 2285 mus
366 2225 445 2285 ad
475 2242 709 2301 paucos
740 2227 1017 2289 homines
1049 2244 1264 2289 omnes
1310 2229 1579 2288 omnium
1621 2227 1936 2289 nationum
1973 2230 2270 2303 pecunias

198 2307 576 2384 pervenisse.
603 2310 779 2384 Quod
814 2328 889 2371 eo
923 2311 1117 2388 magis
1150 2313 1308 2371 ferre
1331 2311 1532 2372 animo
1576 2327 1778 2387 aequo
1822 2319 1885 2372 et
1929 2313 2272 2371 concedere

197 2390 507 2466 videmur,
559 2392 703 2469 quia
749 2410 927 2455 nemo
976 2394 1233 2456 istorum
1277 2392 1650 2469 dissimulat,
1699 2410 1880 2455 nemo
1923 2396 2161 2455 laborat
2205 2396 2316 2455 ut*

197 2475 465 2535 obscura
504 2492 617 2535 sua
659 2476 961 2551 cupiditas
1006 2494 1147 2537 esse
1194 2476 1490 2539 videatur.
1555 2474 1697 2541 127.
1761 2479 1831 2537 In
1864 2478 2016 2539 urbe
2061 2486 2270 2539 nostra

198 2558 608 2633 pulcherrima
658 2568 841 2635 atque
896 2560 1283 2621 ornatissima
1332 2562 1498 2636 quod
1540 2560 1813 2636 signum,
1866 2578 2025 2638 quae
2066 2562 2269 2622 tabula

195 2639 362 2715 picta
396 2648 491 2703 est
534 2658 693 2717 quae
741 2660 863 2704 non
894 2644 971 2704 ab
1003 2642 1283 2704 hostibus
1316 2644 1493 2705 victis
1527 2655 1706 2721 capta
1733 2654 1919 2721 atque
1949 2646 2270 2719 deportata

165 2722 316 2783 sit?
382 2726 466 2785 At
505 2722 757 2787 istorum
802 2726 980 2786 villae
1027 2726 1337 2788 sociorum
1367 2728 1859 2788 fidelissimorum
1907 2727 2179 2802 plurimis
2209 2736 2269 2787 et

194 2807 618 2881 pulcherrimis
649 2807 867 2885 spoliis
891 2818 1145 2871 ornatae
1173 2811 1561 2886 refertaeque
1595 2820 1756 2872 sunt.
1826 2810 1944 2871 Ubi
1973 2808 2268 2885 pecunias

190 2899 537 2952 exterarum
587 2891 896 2953 nationum
949 2909 1094 2953 esse
1159 2892 1562 2970 arbitramini,
1634 2910 1793 2969 quae
1845 2910 2007 2954 nunc
2055 2909 2268 2955 omnes

188 2982 389 3050 egent,
423 2990 608 3049 quum
630 2976 935 3044 Athenas,
965 2975 1340 3051 Pergamum,
1370 2976 1678 3055 Cyzicum,
1713 2976 2003 3051 Miletum,
2036 2977 2265 3049 Chium,

190 3056 473 3130 Samum,
522 3066 707 3119 totam
757 3059 968 3119 Asiam
1014 3061 1310 3136 denique,
1339 3060 1663 3133 Achaiam,
1718 3060 2062 3132 Graeciam,
2115 3059 2267 3119 Sici·-

190 3139 331 3199 iiam
363 3148 481 3202 tam
529 3142 587 3201 in
610 3142 836 3237 paucis
865 3140 1026 3202 villis
1062 3140 1335 3203 inclusas
1377 3162 1520 3205 esse
1563 3143 1865 3205 videatis?
1925 3144 2052 3203 Sed
2092 3141 2266 3215 haec,

188 3230 251 3283 ut
286 3222 446 3295 dico,
482 3224 685 3285 omnia
718 3223 838 3285 iarn
870 3224 1025 3285 socii
1054 3226 1246 3287 vestri
1273 3228 1621 3303 relinquunt
1653 3236 1716 3288 et
1750 3226 2079 3301 negligunt,
2110 3223 2267 3284 iudi-

187 3320 315 3367 ces
381 3306 471 3365 Ne
509 3308 753 3382 publice
795 3325 831 3368 a
853 3309 1086 3385 populo
1118 3311 1396 3373 Romano
1442 3311 1882 3448 spoliarentur,
1928 3304 2149 3368 officiis
2191 3322 2268 3368 ac

338 3409 450 3456 cre.
481 3408 660 3459 oRAr.
691 3396 734 3455 Ι.
