<?xml version="1.0" encoding="UTF-8"?>
<!DOCTYPE html PUBLIC "-//W3C//DTD XHTML 1.0 Transitional//EN"
    "http://www.w3.org/TR/xhtml1/DTD/xhtml1-transitional.dtd">
<html xmlns="http://www.w3.org/1999/xhtml" xml:lang="en" lang="en">
 <head>
  <title>
</title>
<meta http-equiv="Content-Type" content="text/html;charset=utf-8" />
  <meta name='ocr-system' content='tesseract 3.04.00' />
  <meta name='ocr-capabilities' content='ocr_page ocr_carea ocr_par ocr_line ocrx_word'/>
</head>
<body>
  <div class='ocr_page' id='page_1' title='image "./mtulliiciceroni00klotgoog_0058.png"; bbox 0 0 2459 3817; ppageno 0'>
   <div class='ocr_carea' id='block_1_1' title="bbox 192 0 2441 43">
    <p class='ocr_par' dir='ltr' id='par_1_1' title="bbox 192 0 2441 43">
     <span class='ocr_line' id='line_1_1' title="bbox 192 0 2441 43; baseline 0 -9"><span class='ocrx_word' id='word_1_1' title='bbox 192 0 2441 43; x_wconf 31' lang='lat' dir='ltr'><strong>W*</strong></span> 
     </span>
    </p>
   </div>
   <div class='ocr_carea' id='block_1_2' title="bbox 831 194 2214 304">
    <p class='ocr_par' dir='ltr' id='par_1_2' title="bbox 831 194 2214 304">
     <span class='ocr_line' id='line_1_2' title="bbox 831 194 2214 304; baseline 0.003 -9"><span class='ocrx_word' id='word_1_2' title='bbox 831 236 992 295; x_wconf 75' lang='lat' dir='ltr'>CAP.</span> <span class='ocrx_word' id='word_1_3' title='bbox 1037 228 1230 297; x_wconf 58' lang='lat'><strong>34-4.</strong></span> <span class='ocrx_word' id='word_1_4' title='bbox 1277 243 1327 304; x_wconf 84' lang='lat' dir='ltr'><strong>s.</strong></span> <span class='ocrx_word' id='word_1_5' title='bbox 1357 246 1435 300; x_wconf 81' lang='lat'><strong>7-</strong></span> <span class='ocrx_word' id='word_1_6' title='bbox 1477 194 1579 300; x_wconf 61' lang='lat'><strong>1⁶.</strong></span> <span class='ocrx_word' id='word_1_7' title='bbox 2139 236 2214 299; x_wconf 69' lang='lat'><strong>47</strong></span> 
     </span>
    </p>
   </div>
   <div class='ocr_carea' id='block_1_3' title="bbox 101 386 2207 3491">
    <p class='ocr_par' dir='ltr' id='par_1_3' title="bbox 101 386 2207 3491">
     <span class='ocr_line' id='line_1_3' title="bbox 175 386 2205 459; baseline 0.001 -12"><span class='ocrx_word' id='word_1_8' title='bbox 175 395 332 447; x_wconf 83' lang='lat' dir='ltr'><strong>tunt=</strong></span> <span class='ocrx_word' id='word_1_9' title='bbox 365 404 460 445; x_wconf 90' lang='lat' dir='ltr'><strong>me</strong></span> <span class='ocrx_word' id='word_1_10' title='bbox 491 387 878 445; x_wconf 82' lang='lat' dir='ltr'><strong>defensorem</strong></span> <span class='ocrx_word' id='word_1_11' title='bbox 907 387 1305 446; x_wconf 78' lang='lat' dir='ltr'>calamitatum</span> <span class='ocrx_word' id='word_1_12' title='bbox 1336 403 1608 459; x_wconf 87' lang='lat' dir='ltr'><strong>suarum,</strong></span> <span class='ocrx_word' id='word_1_13' title='bbox 1650 404 1745 447; x_wconf 89' lang='lat' dir='ltr'><strong>me</strong></span> <span class='ocrx_word' id='word_1_14' title='bbox 1773 390 2027 449; x_wconf 75' lang='lat' dir='ltr'><strong>ultorem</strong></span> <span class='ocrx_word' id='word_1_15' title='bbox 2056 386 2205 449; x_wconf 87' lang='lat' dir='ltr'><strong>iniu-</strong></span> 
     </span>
     <span class='ocr_line' id='line_1_4' title="bbox 170 466 2207 542; baseline 0.002 -16"><span class='ocrx_word' id='word_1_16' title='bbox 170 468 425 540; x_wconf 86' lang='lat' dir='ltr'><strong>riarum,</strong></span> <span class='ocrx_word' id='word_1_17' title='bbox 467 484 564 527; x_wconf 92' lang='lat' dir='ltr'><strong>me</strong></span> <span class='ocrx_word' id='word_1_18' title='bbox 591 466 960 542; x_wconf 83' lang='lat' dir='ltr'><strong>cognitorem</strong></span> <span class='ocrx_word' id='word_1_19' title='bbox 990 467 1140 527; x_wconf 88' lang='lat' dir='ltr'><strong>iuris</strong></span> <span class='ocrx_word' id='word_1_20' title='bbox 1175 468 1300 539; x_wconf 90' lang='lat' dir='ltr'><strong>sui,</strong></span> <span class='ocrx_word' id='word_1_21' title='bbox 1350 484 1444 527; x_wconf 90' lang='lat' dir='ltr'><strong>me</strong></span> <span class='ocrx_word' id='word_1_22' title='bbox 1474 477 1739 529; x_wconf 88' lang='lat' dir='ltr'><strong>actorem</strong></span> <span class='ocrx_word' id='word_1_23' title='bbox 1770 486 1993 529; x_wconf 88' lang='lat' dir='ltr'><strong>causae</strong></span> <span class='ocrx_word' id='word_1_24' title='bbox 2024 472 2207 531; x_wconf 87' lang='lat' dir='ltr'><strong>totius</strong></span> 
     </span>
     <span class='ocr_line' id='line_1_5' title="bbox 172 549 2203 625; baseline 0.002 -17"><span class='ocrx_word' id='word_1_25' title='bbox 172 566 315 609; x_wconf 90' lang='lat' dir='ltr'><strong>esse</strong></span> <span class='ocrx_word' id='word_1_26' title='bbox 345 551 684 610; x_wconf 85' lang='lat' dir='ltr'><strong>voluerunt.</strong></span> <span class='ocrx_word' id='word_1_27' title='bbox 753 549 848 609; x_wconf 79' lang='grc'><strong>12.</strong></span> <span class='ocrx_word' id='word_1_28' title='bbox 913 550 1151 622; x_wconf 81' lang='lat' dir='ltr'><strong>Utrum,</strong></span> <span class='ocrx_word' id='word_1_29' title='bbox 1187 550 1253 623; x_wconf 83' lang='lat' dir='ltr'><strong>Q.</strong></span> <span class='ocrx_word' id='word_1_30' title='bbox 1280 549 1528 620; x_wconf 89' lang='lat' dir='ltr'><strong>Caecili,</strong></span> <span class='ocrx_word' id='word_1_31' title='bbox 1580 550 1695 611; x_wconf 91' lang='lat' dir='ltr'><strong>hoc</strong></span> <span class='ocrx_word' id='word_1_32' title='bbox 1731 552 1915 625; x_wconf 89' lang='lat' dir='ltr'><strong>dicis,</strong></span> <span class='ocrx_word' id='word_1_33' title='bbox 1958 567 2053 611; x_wconf 91' lang='lat' dir='ltr'><strong>me</strong></span> <span class='ocrx_word' id='word_1_34' title='bbox 2084 570 2203 613; x_wconf 86' lang='lat' dir='ltr'><strong>non</strong></span> 
     </span>
     <span class='ocr_line' id='line_1_6' title="bbox 171 631 2205 708; baseline 0.002 -17"><span class='ocrx_word' id='word_1_35' title='bbox 171 631 514 692; x_wconf 91' lang='lat' dir='ltr'><strong>Siculorum</strong></span> <span class='ocrx_word' id='word_1_36' title='bbox 556 639 769 705; x_wconf 80' lang='lat' dir='ltr'><strong>rogatu</strong></span> <span class='ocrx_word' id='word_1_37' title='bbox 811 631 889 690; x_wconf 91' lang='lat' dir='ltr'><strong>ad</strong></span> <span class='ocrx_word' id='word_1_38' title='bbox 933 646 1178 691; x_wconf 86' lang='lat' dir='ltr'><strong>causam</strong></span> <span class='ocrx_word' id='word_1_39' title='bbox 1207 633 1501 692; x_wconf 82' lang='lat' dir='ltr'><strong>accedere</strong></span> <span class='ocrx_word' id='word_1_40' title='bbox 1553 648 1627 690; x_wconf 88' lang='lat' dir='ltr'><strong>an</strong></span> <span class='ocrx_word' id='word_1_41' title='bbox 1670 634 2205 708; x_wconf 85' lang='lat' dir='ltr'><strong>optimorumfide—</strong></span> 
     </span>
     <span class='ocr_line' id='line_1_7' title="bbox 171 713 2205 790; baseline 0.003 -19"><span class='ocrx_word' id='word_1_42' title='bbox 171 714 660 787; x_wconf 86' lang='lat' dir='ltr'><strong>lissimorumque</strong></span> <span class='ocrx_word' id='word_1_43' title='bbox 690 713 994 773; x_wconf 90' lang='lat' dir='ltr'><strong>sociorum</strong></span> <span class='ocrx_word' id='word_1_44' title='bbox 1021 715 1387 774; x_wconf 87' lang='lat' dir='ltr'><strong>voluntatem</strong></span> <span class='ocrx_word' id='word_1_45' title='bbox 1416 715 1579 788; x_wconf 86' lang='lat' dir='ltr'><strong>apud</strong></span> <span class='ocrx_word' id='word_1_46' title='bbox 1624 715 1738 775; x_wconf 89' lang='lat' dir='ltr'><strong>hos</strong></span> <span class='ocrx_word' id='word_1_47' title='bbox 1780 732 2022 790; x_wconf 81' lang='lat' dir='ltr'><strong>gravem</strong></span> <span class='ocrx_word' id='word_1_48' title='bbox 2064 733 2205 777; x_wconf 90' lang='lat' dir='ltr'><strong>esse</strong></span> 
     </span>
     <span class='ocr_line' id='line_1_8' title="bbox 101 794 2203 871; baseline 0.003 -18"><span class='ocrx_word' id='word_1_49' title='bbox 101 795 116 805; x_wconf 71' lang='lat'><strong>⁴</strong></span> <span class='ocrx_word' id='word_1_50' title='bbox 169 812 294 856; x_wconf 88' lang='lat' dir='ltr'><strong>non</strong></span> <span class='ocrx_word' id='word_1_51' title='bbox 325 802 652 870; x_wconf 72' lang='lat' dir='ltr'><strong>oportere?</strong></span> <span class='ocrx_word' id='word_1_52' title='bbox 703 794 767 853; x_wconf 91' lang='lat' dir='ltr'><strong>Si</strong></span> <span class='ocrx_word' id='word_1_53' title='bbox 803 794 864 854; x_wconf 91' lang='lat' dir='ltr'><strong>id</strong></span> <span class='ocrx_word' id='word_1_54' title='bbox 892 795 1146 855; x_wconf 82' lang='lat' dir='ltr'><strong>audebis</strong></span> <span class='ocrx_word' id='word_1_55' title='bbox 1183 794 1416 868; x_wconf 83' lang='lat' dir='ltr'><strong>dicere,</strong></span> <span class='ocrx_word' id='word_1_56' title='bbox 1446 798 1611 871; x_wconf 89' lang='lat' dir='ltr'><strong>quod</strong></span> <span class='ocrx_word' id='word_1_57' title='bbox 1642 798 1702 856; x_wconf 88' lang='lat' dir='ltr'><strong>C.</strong></span> <span class='ocrx_word' id='word_1_58' title='bbox 1728 799 1983 869; x_wconf 82' lang='lat' dir='ltr'><strong>VerreS,</strong></span> <span class='ocrx_word' id='word_1_59' title='bbox 2019 799 2115 857; x_wconf 90' lang='lat' dir='ltr'><strong>cui</strong></span> <span class='ocrx_word' id='word_1_60' title='bbox 2148 810 2203 859; x_wconf 88' lang='lat' dir='ltr'><strong>te</strong></span> 
     </span>
     <span class='ocr_line' id='line_1_9' title="bbox 167 876 2201 952; baseline 0.001 -16"><span class='ocrx_word' id='word_1_61' title='bbox 167 876 474 937; x_wconf 84' lang='lat' dir='ltr'><strong>inimicum</strong></span> <span class='ocrx_word' id='word_1_62' title='bbox 505 892 646 937; x_wconf 87' lang='lat' dir='ltr'><strong>esse</strong></span> <span class='ocrx_word' id='word_1_63' title='bbox 675 876 940 947; x_wconf 80' lang='lat' dir='ltr'><strong>simulaS,</strong></span> <span class='ocrx_word' id='word_1_64' title='bbox 977 876 1237 937; x_wconf 82' lang='lat' dir='ltr'><strong>maxime</strong></span> <span class='ocrx_word' id='word_1_65' title='bbox 1267 877 1595 938; x_wconf 84' lang='lat' dir='ltr'><strong>existimari</strong></span> <span class='ocrx_word' id='word_1_66' title='bbox 1626 880 1783 952; x_wconf 84' lang='lat' dir='ltr'><strong>vult,</strong></span> <span class='ocrx_word' id='word_1_67' title='bbox 1816 879 2056 940; x_wconf 89' lang='lat' dir='ltr'><strong>Siculos</strong></span> <span class='ocrx_word' id='word_1_68' title='bbox 2086 878 2201 940; x_wconf 92' lang='lat' dir='ltr'><strong>hoc</strong></span> 
     </span>
     <span class='ocr_line' id='line_1_10' title="bbox 165 958 2203 1034; baseline 0.001 -15"><span class='ocrx_word' id='word_1_69' title='bbox 165 976 205 1019; x_wconf 87' lang='lat' dir='ltr'><strong>a</strong></span> <span class='ocrx_word' id='word_1_70' title='bbox 232 975 330 1019; x_wconf 91' lang='lat' dir='ltr'><strong>me</strong></span> <span class='ocrx_word' id='word_1_71' title='bbox 360 974 482 1019; x_wconf 88' lang='lat' dir='ltr'><strong>non</strong></span> <span class='ocrx_word' id='word_1_72' title='bbox 514 958 772 1033; x_wconf 89' lang='lat' dir='ltr'><strong>petisse,</strong></span> <span class='ocrx_word' id='word_1_73' title='bbox 803 959 1055 1033; x_wconf 88' lang='lat' dir='ltr'><strong>primum</strong></span> <span class='ocrx_word' id='word_1_74' title='bbox 1084 976 1331 1019; x_wconf 87' lang='lat' dir='ltr'><strong>causam</strong></span> <span class='ocrx_word' id='word_1_75' title='bbox 1360 959 1585 1019; x_wconf 89' lang='lat' dir='ltr'><strong>inimici</strong></span> <span class='ocrx_word' id='word_1_76' title='bbox 1614 960 1697 1020; x_wconf 90' lang='lat' dir='ltr'><strong>tui</strong></span> <span class='ocrx_word' id='word_1_77' title='bbox 1727 961 2096 1034; x_wconf 78' lang='lat' dir='ltr'><strong>sublevabis,</strong></span> <span class='ocrx_word' id='word_1_78' title='bbox 2126 964 2203 1021; x_wconf 88' lang='lat' dir='ltr'><strong>de</strong></span> 
     </span>
     <span class='ocr_line' id='line_1_11' title="bbox 169 1040 2202 1117; baseline 0 -16"><span class='ocrx_word' id='word_1_79' title='bbox 169 1057 295 1117; x_wconf 89' lang='lat' dir='ltr'><strong>quo</strong></span> <span class='ocrx_word' id='word_1_80' title='bbox 326 1058 446 1101; x_wconf 91' lang='lat' dir='ltr'><strong>non</strong></span> <span class='ocrx_word' id='word_1_81' title='bbox 477 1040 939 1115; x_wconf 86' lang='lat' dir='ltr'><strong>praeiudicium,</strong></span> <span class='ocrx_word' id='word_1_82' title='bbox 972 1042 1083 1101; x_wconf 91' lang='lat' dir='ltr'><strong>sed</strong></span> <span class='ocrx_word' id='word_1_83' title='bbox 1116 1044 1293 1115; x_wconf 84' lang='lat' dir='ltr'><strong>plane</strong></span> <span class='ocrx_word' id='word_1_84' title='bbox 1321 1041 1607 1112; x_wconf 79' lang='lat' dir='ltr'><strong>iudicium</strong></span> <span class='ocrx_word' id='word_1_85' title='bbox 1634 1042 1753 1102; x_wconf 86' lang='lat' dir='ltr'><strong>iam</strong></span> <span class='ocrx_word' id='word_1_86' title='bbox 1785 1044 2003 1102; x_wconf 80' lang='lat' dir='ltr'><strong>sactum</strong></span> <span class='ocrx_word' id='word_1_87' title='bbox 2034 1050 2202 1117; x_wconf 85' lang='lat' dir='ltr'><strong>puta-</strong></span> 
     </span>
     <span class='ocr_line' id='line_1_12' title="bbox 166 1120 2203 1197; baseline 0.001 -15"><span class='ocrx_word' id='word_1_88' title='bbox 166 1131 264 1183; x_wconf 89' lang='lat' dir='ltr'><strong>tur</strong></span> <span class='ocrx_word' id='word_1_89' title='bbox 285 1169 300 1197; x_wconf 94' lang='lat'><strong>,</strong></span> <span class='ocrx_word' id='word_1_90' title='bbox 335 1124 498 1197; x_wconf 89' lang='lat' dir='ltr'><strong>quod</strong></span> <span class='ocrx_word' id='word_1_91' title='bbox 533 1120 614 1182; x_wconf 90' lang='lat' dir='ltr'><strong>ita</strong></span> <span class='ocrx_word' id='word_1_92' title='bbox 643 1122 1045 1197; x_wconf 83' lang='lat' dir='ltr'><strong>percrebruit,</strong></span> <span class='ocrx_word' id='word_1_93' title='bbox 1077 1123 1319 1184; x_wconf 88' lang='lat' dir='ltr'><strong>Siculos</strong></span> <span class='ocrx_word' id='word_1_94' title='bbox 1348 1140 1561 1185; x_wconf 88' lang='lat' dir='ltr'><strong>omnes</strong></span> <span class='ocrx_word' id='word_1_95' title='bbox 1590 1133 1855 1185; x_wconf 82' lang='lat' dir='ltr'><strong>actorem</strong></span> <span class='ocrx_word' id='word_1_96' title='bbox 1886 1140 2035 1184; x_wconf 87' lang='lat' dir='ltr'><strong>suae</strong></span> <span class='ocrx_word' id='word_1_97' title='bbox 2062 1141 2203 1185; x_wconf 87' lang='lat' dir='ltr'><strong>cau·</strong></span> 
     </span>
     <span class='ocr_line' id='line_1_13' title="bbox 165 1202 2201 1281; baseline 0.001 -16"><span class='ocrx_word' id='word_1_98' title='bbox 165 1222 280 1265; x_wconf 91' lang='lat' dir='ltr'><strong>sae</strong></span> <span class='ocrx_word' id='word_1_99' title='bbox 314 1212 522 1265; x_wconf 80' lang='lat' dir='ltr'><strong>contra</strong></span> <span class='ocrx_word' id='word_1_100' title='bbox 548 1202 707 1265; x_wconf 90' lang='lat' dir='ltr'><strong>illius</strong></span> <span class='ocrx_word' id='word_1_101' title='bbox 738 1204 985 1264; x_wconf 89' lang='lat' dir='ltr'><strong>iniurias</strong></span> <span class='ocrx_word' id='word_1_102' title='bbox 1017 1206 1354 1281; x_wconf 86' lang='lat' dir='ltr'><strong>quaesisse.</strong></span> <span class='ocrx_word' id='word_1_103' title='bbox 1425 1204 1523 1265; x_wconf 78' lang='lat'><strong>13.</strong></span> <span class='ocrx_word' id='word_1_104' title='bbox 1578 1208 1709 1265; x_wconf 87' lang='lat' dir='ltr'><strong>Hoc</strong></span> <span class='ocrx_word' id='word_1_105' title='bbox 1752 1207 1805 1265; x_wconf 89' lang='lat' dir='ltr'><strong>si</strong></span> <span class='ocrx_word' id='word_1_106' title='bbox 1836 1215 1897 1267; x_wconf 89' lang='lat' dir='ltr'><strong>tu</strong></span> <span class='ocrx_word' id='word_1_107' title='bbox 1925 1205 2201 1267; x_wconf 87' lang='lat' dir='ltr'><strong>inimicus</strong></span> 
     </span>
     <span class='ocr_line' id='line_1_14' title="bbox 161 1286 2205 1362; baseline 0 -15"><span class='ocrx_word' id='word_1_108' title='bbox 161 1286 306 1347; x_wconf 87' lang='lat' dir='ltr'><strong>eius</strong></span> <span class='ocrx_word' id='word_1_109' title='bbox 337 1287 554 1345; x_wconf 81' lang='lat' dir='ltr'><strong>factum</strong></span> <span class='ocrx_word' id='word_1_110' title='bbox 582 1286 863 1361; x_wconf 83' lang='lat' dir='ltr'><strong>negabis,</strong></span> <span class='ocrx_word' id='word_1_111' title='bbox 909 1288 1070 1362; x_wconf 91' lang='lat' dir='ltr'><strong>quod</strong></span> <span class='ocrx_word' id='word_1_112' title='bbox 1101 1286 1238 1361; x_wconf 86' lang='lat' dir='ltr'><strong>ipsc</strong></span> <span class='ocrx_word' id='word_1_113' title='bbox 1267 1290 1365 1347; x_wconf 89' lang='lat' dir='ltr'><strong>cui</strong></span> <span class='ocrx_word' id='word_1_114' title='bbox 1405 1287 1666 1347; x_wconf 88' lang='lat' dir='ltr'><strong>maxime</strong></span> <span class='ocrx_word' id='word_1_115' title='bbox 1694 1288 1843 1347; x_wconf 88' lang='lat' dir='ltr'><strong>haec</strong></span> <span class='ocrx_word' id='word_1_116' title='bbox 1872 1305 1975 1348; x_wconf 88' lang='lat' dir='ltr'><strong>res</strong></span> <span class='ocrx_word' id='word_1_117' title='bbox 2004 1289 2205 1348; x_wconf 81' lang='lat' dir='ltr'><strong>obstat</strong></span> 
     </span>
     <span class='ocr_line' id='line_1_15' title="bbox 161 1368 2201 1443; baseline 0.001 -16"><span class='ocrx_word' id='word_1_118' title='bbox 161 1384 393 1442; x_wconf 85' lang='lat' dir='ltr'><strong>negare</strong></span> <span class='ocrx_word' id='word_1_119' title='bbox 421 1384 539 1429; x_wconf 90' lang='lat' dir='ltr'><strong>non</strong></span> <span class='ocrx_word' id='word_1_120' title='bbox 569 1370 778 1443; x_wconf 91' lang='lat' dir='ltr'><strong>audet,</strong></span> <span class='ocrx_word' id='word_1_121' title='bbox 811 1368 1013 1442; x_wconf 79' lang='lat' dir='ltr'><strong>videto</strong></span> <span class='ocrx_word' id='word_1_122' title='bbox 1046 1385 1122 1428; x_wconf 88' lang='lat' dir='ltr'><strong>ne</strong></span> <span class='ocrx_word' id='word_1_123' title='bbox 1164 1368 1417 1429; x_wconf 85' lang='lat' dir='ltr'><strong>nimium</strong></span> <span class='ocrx_word' id='word_1_124' title='bbox 1458 1368 1822 1429; x_wconf 76' lang='lat' dir='ltr'><strong>familiariter</strong></span> <span class='ocrx_word' id='word_1_125' title='bbox 1863 1369 2201 1430; x_wconf 87' lang='lat' dir='ltr'><strong>inimicitias</strong></span> 
     </span>
     <span class='ocr_line' id='line_1_16' title="bbox 163 1450 2199 1513; baseline 0 -2"><span class='ocrx_word' id='word_1_126' title='bbox 163 1466 457 1511; x_wconf 88' lang='lat' dir='ltr'><strong>exercere</strong></span> <span class='ocrx_word' id='word_1_127' title='bbox 487 1450 749 1511; x_wconf 88' lang='lat' dir='ltr'><strong>videare.</strong></span> <span class='ocrx_word' id='word_1_128' title='bbox 820 1450 1050 1511; x_wconf 89' lang='lat' dir='ltr'><strong>Deinde</strong></span> <span class='ocrx_word' id='word_1_129' title='bbox 1079 1460 1224 1513; x_wconf 85' lang='lat' dir='ltr'><strong>sunt</strong></span> <span class='ocrx_word' id='word_1_130' title='bbox 1252 1459 1438 1513; x_wconf 86' lang='lat' dir='ltr'><strong>testes</strong></span> <span class='ocrx_word' id='word_1_131' title='bbox 1469 1451 1581 1511; x_wconf 90' lang='lat' dir='ltr'><strong>viri</strong></span> <span class='ocrx_word' id='word_1_132' title='bbox 1608 1450 1924 1512; x_wconf 88' lang='lat' dir='ltr'><strong>clarissimi</strong></span> <span class='ocrx_word' id='word_1_133' title='bbox 1954 1460 2199 1513; x_wconf 87' lang='lat' dir='ltr'><strong>nostrae</strong></span> 
     </span>
     <span class='ocr_line' id='line_1_17' title="bbox 165 1532 2197 1608; baseline 0 -16"><span class='ocrx_word' id='word_1_134' title='bbox 165 1532 460 1606; x_wconf 79' lang='lat' dir='ltr'><strong>civitatiS,</strong></span> <span class='ocrx_word' id='word_1_135' title='bbox 490 1550 648 1608; x_wconf 89' lang='lat' dir='ltr'><strong>quos</strong></span> <span class='ocrx_word' id='word_1_136' title='bbox 677 1548 891 1594; x_wconf 83' lang='lat' dir='ltr'><strong>omnes</strong></span> <span class='ocrx_word' id='word_1_137' title='bbox 918 1550 956 1592; x_wconf 89' lang='lat' dir='ltr'><strong>a</strong></span> <span class='ocrx_word' id='word_1_138' title='bbox 986 1551 1082 1595; x_wconf 91' lang='lat' dir='ltr'><strong>me</strong></span> <span class='ocrx_word' id='word_1_139' title='bbox 1110 1534 1407 1595; x_wconf 88' lang='lat' dir='ltr'><strong>nominari</strong></span> <span class='ocrx_word' id='word_1_140' title='bbox 1450 1551 1570 1595; x_wconf 89' lang='lat' dir='ltr'><strong>non</strong></span> <span class='ocrx_word' id='word_1_141' title='bbox 1600 1542 1696 1594; x_wconf 90' lang='lat' dir='ltr'><strong>est</strong></span> <span class='ocrx_word' id='word_1_142' title='bbox 1735 1550 2021 1595; x_wconf 84' lang='lat' dir='ltr'><strong>necesse=</strong></span> <span class='ocrx_word' id='word_1_143' title='bbox 2066 1550 2197 1604; x_wconf 76' lang='lat' dir='ltr'><strong>eOS,</strong></span> 
     </span>
     <span class='ocr_line' id='line_1_18' title="bbox 163 1614 2197 1691; baseline 0.001 -17"><span class='ocrx_word' id='word_1_144' title='bbox 163 1614 269 1689; x_wconf 88' lang='lat' dir='ltr'><strong>qui</strong></span> <span class='ocrx_word' id='word_1_145' title='bbox 300 1615 549 1687; x_wconf 78' lang='lat' dir='ltr'><strong>adsunt,</strong></span> <span class='ocrx_word' id='word_1_146' title='bbox 585 1616 938 1689; x_wconf 81' lang='lat' dir='ltr'><strong>appellabo=</strong></span> <span class='ocrx_word' id='word_1_147' title='bbox 977 1633 1162 1691; x_wconf 82' lang='lat' dir='ltr'><strong>quoS‚</strong></span> <span class='ocrx_word' id='word_1_148' title='bbox 1193 1616 1247 1676; x_wconf 92' lang='lat' dir='ltr'><strong>si</strong></span> <span class='ocrx_word' id='word_1_149' title='bbox 1275 1616 1584 1690; x_wconf 90' lang='lat' dir='ltr'><strong>mentirer,</strong></span> <span class='ocrx_word' id='word_1_150' title='bbox 1614 1625 1803 1678; x_wconf 87' lang='lat' dir='ltr'><strong>testes</strong></span> <span class='ocrx_word' id='word_1_151' title='bbox 1833 1633 1975 1677; x_wconf 91' lang='lat' dir='ltr'><strong>esse</strong></span> <span class='ocrx_word' id='word_1_152' title='bbox 2004 1616 2197 1690; x_wconf 86' lang='lat' dir='ltr'><strong>impu-</strong></span> 
     </span>
     <span class='ocr_line' id='line_1_19' title="bbox 162 1696 2195 1773; baseline -0.001 -18"><span class='ocrx_word' id='word_1_153' title='bbox 162 1697 411 1757; x_wconf 77' lang='lat' dir='ltr'><strong>dentiae</strong></span> <span class='ocrx_word' id='word_1_154' title='bbox 439 1712 611 1757; x_wconf 90' lang='lat' dir='ltr'><strong>meae</strong></span> <span class='ocrx_word' id='word_1_155' title='bbox 640 1696 882 1757; x_wconf 88' lang='lat' dir='ltr'><strong>minime</strong></span> <span class='ocrx_word' id='word_1_156' title='bbox 901 1700 1136 1757; x_wconf 84' lang='lat' dir='ltr'><strong>vellem.</strong></span> <span class='ocrx_word' id='word_1_157' title='bbox 1201 1698 1325 1759; x_wconf 90' lang='lat' dir='ltr'><strong>Scit</strong></span> <span class='ocrx_word' id='word_1_158' title='bbox 1358 1698 1437 1769; x_wconf 91' lang='lat' dir='ltr'><strong>is,</strong></span> <span class='ocrx_word' id='word_1_159' title='bbox 1474 1698 1576 1773; x_wconf 92' lang='lat' dir='ltr'><strong>qui</strong></span> <span class='ocrx_word' id='word_1_160' title='bbox 1608 1706 1702 1758; x_wconf 84' lang='lat' dir='ltr'><strong>est</strong></span> <span class='ocrx_word' id='word_1_161' title='bbox 1734 1698 1793 1757; x_wconf 90' lang='lat' dir='ltr'><strong>in</strong></span> <span class='ocrx_word' id='word_1_162' title='bbox 1825 1697 2099 1767; x_wconf 90' lang='lat' dir='ltr'><strong>consilio,</strong></span> <span class='ocrx_word' id='word_1_163' title='bbox 2134 1698 2195 1756; x_wconf 88' lang='lat' dir='ltr'><strong>C.</strong></span> 
     </span>
     <span class='ocr_line' id='line_1_20' title="bbox 157 1778 2199 1853; baseline -0 -16"><span class='ocrx_word' id='word_1_164' title='bbox 157 1778 521 1840; x_wconf 81' lang='lat' dir='ltr'><strong>Marcellus=</strong></span> <span class='ocrx_word' id='word_1_165' title='bbox 556 1780 671 1840; x_wconf 87' lang='lat' dir='ltr'><strong>scit</strong></span> <span class='ocrx_word' id='word_1_166' title='bbox 696 1780 778 1851; x_wconf 90' lang='lat' dir='ltr'><strong>is,</strong></span> <span class='ocrx_word' id='word_1_167' title='bbox 813 1796 992 1853; x_wconf 91' lang='lat' dir='ltr'><strong>quem</strong></span> <span class='ocrx_word' id='word_1_168' title='bbox 1023 1779 1246 1840; x_wconf 91' lang='lat' dir='ltr'><strong>adesse</strong></span> <span class='ocrx_word' id='word_1_169' title='bbox 1272 1779 1469 1852; x_wconf 79' lang='lat' dir='ltr'><strong>viden,</strong></span> <span class='ocrx_word' id='word_1_170' title='bbox 1502 1780 1605 1838; x_wconf 89' lang='lat' dir='ltr'><strong>Cn.</strong></span> <span class='ocrx_word' id='word_1_171' title='bbox 1632 1780 1920 1839; x_wconf 81' lang='lat' dir='ltr'><strong>Lentulus</strong></span> <span class='ocrx_word' id='word_1_172' title='bbox 1948 1779 2199 1837; x_wconf 89' lang='lat' dir='ltr'><strong>Marcel·</strong></span> 
     </span>
     <span class='ocr_line' id='line_1_21' title="bbox 156 1859 2203 1935; baseline -0.001 -16"><span class='ocrx_word' id='word_1_173' title='bbox 156 1860 355 1920; x_wconf 80' lang='lat' dir='ltr'><strong>linus:</strong></span> <span class='ocrx_word' id='word_1_174' title='bbox 401 1876 658 1934; x_wconf 91' lang='lat' dir='ltr'><strong>quorum</strong></span> <span class='ocrx_word' id='word_1_175' title='bbox 697 1862 818 1921; x_wconf 82' lang='lat' dir='ltr'><strong>fide</strong></span> <span class='ocrx_word' id='word_1_176' title='bbox 847 1870 1028 1933; x_wconf 84' lang='lat' dir='ltr'><strong>atque</strong></span> <span class='ocrx_word' id='word_1_177' title='bbox 1060 1859 1371 1935; x_wconf 87' lang='lat' dir='ltr'><strong>praesidio</strong></span> <span class='ocrx_word' id='word_1_178' title='bbox 1394 1859 1580 1919; x_wconf 88' lang='lat' dir='ltr'><strong>Siculi</strong></span> <span class='ocrx_word' id='word_1_179' title='bbox 1615 1860 1872 1919; x_wconf 87' lang='lat' dir='ltr'><strong>maxime</strong></span> <span class='ocrx_word' id='word_1_180' title='bbox 1915 1860 2203 1932; x_wconf 82' lang='lat' dir='ltr'><strong>nituntur,</strong></span> 
     </span>
     <span class='ocr_line' id='line_1_22' title="bbox 157 1940 2197 2018; baseline 0 -17"><span class='ocrx_word' id='word_1_181' title='bbox 157 1942 332 2018; x_wconf 90' lang='lat' dir='ltr'><strong>quod</strong></span> <span class='ocrx_word' id='word_1_182' title='bbox 363 1941 609 2003; x_wconf 90' lang='lat' dir='ltr'><strong>omnino</strong></span> <span class='ocrx_word' id='word_1_183' title='bbox 636 1942 1056 2001; x_wconf 86' lang='lat' dir='ltr'><strong>Marcellorum</strong></span> <span class='ocrx_word' id='word_1_184' title='bbox 1086 1940 1313 2001; x_wconf 88' lang='lat' dir='ltr'><strong>nomini</strong></span> <span class='ocrx_word' id='word_1_185' title='bbox 1340 1949 1463 2000; x_wconf 88' lang='lat' dir='ltr'><strong>tota</strong></span> <span class='ocrx_word' id='word_1_186' title='bbox 1489 1940 1589 2001; x_wconf 89' lang='lat' dir='ltr'><strong>illa</strong></span> <span class='ocrx_word' id='word_1_187' title='bbox 1630 1941 1944 2015; x_wconf 88' lang='lat' dir='ltr'><strong>provincia</strong></span> <span class='ocrx_word' id='word_1_188' title='bbox 1988 1942 2197 2002; x_wconf 89' lang='lat' dir='ltr'><strong>adiun-</strong></span> 
     </span>
     <span class='ocr_line' id='line_1_23' title="bbox 153 2020 2199 2097; baseline -0.001 -12"><span class='ocrx_word' id='word_1_189' title='bbox 153 2034 262 2085; x_wconf 85' lang='lat' dir='ltr'><strong>cta</strong></span> <span class='ocrx_word' id='word_1_190' title='bbox 295 2031 407 2084; x_wconf 87' lang='lat' dir='ltr'><strong>est.</strong></span> <span class='ocrx_word' id='word_1_191' title='bbox 456 2021 554 2084; x_wconf 86' lang='lat'><strong>14.</strong></span> <span class='ocrx_word' id='word_1_192' title='bbox 596 2020 674 2081; x_wconf 87' lang='lat' dir='ltr'><strong>Hi</strong></span> <span class='ocrx_word' id='word_1_193' title='bbox 695 2020 893 2081; x_wconf 86' lang='lat' dir='ltr'><strong>sciunt</strong></span> <span class='ocrx_word' id='word_1_194' title='bbox 918 2020 1036 2081; x_wconf 89' lang='lat' dir='ltr'><strong>hoc</strong></span> <span class='ocrx_word' id='word_1_195' title='bbox 1063 2038 1184 2081; x_wconf 87' lang='lat' dir='ltr'><strong>non</strong></span> <span class='ocrx_word' id='word_1_196' title='bbox 1215 2023 1396 2083; x_wconf 90' lang='lat' dir='ltr'><strong>modo</strong></span> <span class='ocrx_word' id='word_1_197' title='bbox 1427 2038 1461 2081; x_wconf 87' lang='lat' dir='ltr'><strong>a</strong></span> <span class='ocrx_word' id='word_1_198' title='bbox 1481 2040 1577 2083; x_wconf 91' lang='lat' dir='ltr'><strong>me</strong></span> <span class='ocrx_word' id='word_1_199' title='bbox 1610 2023 1855 2097; x_wconf 84' lang='lat' dir='ltr'><strong>petitum</strong></span> <span class='ocrx_word' id='word_1_200' title='bbox 1886 2041 2056 2097; x_wconf 87' lang='lat' dir='ltr'><strong>esse,</strong></span> <span class='ocrx_word' id='word_1_201' title='bbox 2086 2025 2199 2085; x_wconf 92' lang='lat' dir='ltr'><strong>sed</strong></span> 
     </span>
     <span class='ocr_line' id='line_1_24' title="bbox 150 2101 2199 2179; baseline -0.001 -12"><span class='ocrx_word' id='word_1_202' title='bbox 150 2107 246 2167; x_wconf 81' lang='lat' dir='ltr'><strong>ita</strong></span> <span class='ocrx_word' id='word_1_203' title='bbox 279 2120 468 2178; x_wconf 87' lang='lat' dir='ltr'><strong>saepe</strong></span> <span class='ocrx_word' id='word_1_204' title='bbox 498 2111 558 2163; x_wconf 91' lang='lat' dir='ltr'><strong>et</strong></span> <span class='ocrx_word' id='word_1_205' title='bbox 587 2101 668 2163; x_wconf 87' lang='lat' dir='ltr'><strong>ita</strong></span> <span class='ocrx_word' id='word_1_206' title='bbox 700 2102 1084 2164; x_wconf 88' lang='lat' dir='ltr'><strong>vehementer</strong></span> <span class='ocrx_word' id='word_1_207' title='bbox 1115 2120 1257 2165; x_wconf 85' lang='lat' dir='ltr'><strong>esse</strong></span> <span class='ocrx_word' id='word_1_208' title='bbox 1286 2105 1562 2179; x_wconf 88' lang='lat' dir='ltr'><strong>petitum,</strong></span> <span class='ocrx_word' id='word_1_209' title='bbox 1605 2115 1671 2166; x_wconf 91' lang='lat' dir='ltr'><strong>ut</strong></span> <span class='ocrx_word' id='word_1_210' title='bbox 1695 2115 1797 2167; x_wconf 85' lang='lat' dir='ltr'><strong>aut</strong></span> <span class='ocrx_word' id='word_1_211' title='bbox 1840 2123 2027 2167; x_wconf 88' lang='lat' dir='ltr'><strong>causa</strong></span> <span class='ocrx_word' id='word_1_212' title='bbox 2055 2105 2199 2165; x_wconf 89' lang='lat' dir='ltr'><strong>mihi</strong></span> 
     </span>
     <span class='ocr_line' id='line_1_25' title="bbox 151 2183 2197 2263; baseline -0.002 -14"><span class='ocrx_word' id='word_1_213' title='bbox 151 2184 560 2260; x_wconf 82' lang='lat' dir='ltr'><strong>suscipienda</strong></span> <span class='ocrx_word' id='word_1_214' title='bbox 604 2183 779 2246; x_wconf 81' lang='lat' dir='ltr'><strong>fuerit</strong></span> <span class='ocrx_word' id='word_1_215' title='bbox 806 2194 909 2247; x_wconf 87' lang='lat' dir='ltr'><strong>aut</strong></span> <span class='ocrx_word' id='word_1_216' title='bbox 949 2186 1213 2247; x_wconf 83' lang='lat' dir='ltr'><strong>officium</strong></span> <span class='ocrx_word' id='word_1_217' title='bbox 1244 2186 1709 2249; x_wconf 84' lang='lat' dir='ltr'><strong>necessitudinis</strong></span> <span class='ocrx_word' id='word_1_218' title='bbox 1740 2188 2197 2263; x_wconf 89' lang='lat' dir='ltr'><strong>repudiandum.</strong></span> 
     </span>
     <span class='ocr_line' id='line_1_26' title="bbox 336 2264 2201 2345; baseline -0.001 -16"><span class='ocrx_word' id='word_1_219' title='bbox 336 2267 460 2329; x_wconf 87' lang='lat' dir='ltr'><strong>Sed</strong></span> <span class='ocrx_word' id='word_1_220' title='bbox 514 2264 658 2343; x_wconf 91' lang='lat' dir='ltr'><strong>quid</strong></span> <span class='ocrx_word' id='word_1_221' title='bbox 701 2285 814 2344; x_wconf 87' lang='lat' dir='ltr'><strong>ego</strong></span> <span class='ocrx_word' id='word_1_222' title='bbox 861 2267 958 2330; x_wconf 87' lang='lat' dir='ltr'><strong>hic</strong></span> <span class='ocrx_word' id='word_1_223' title='bbox 1011 2268 1263 2331; x_wconf 89' lang='lat' dir='ltr'><strong>testibus</strong></span> <span class='ocrx_word' id='word_1_224' title='bbox 1314 2278 1450 2330; x_wconf 89' lang='lat' dir='ltr'><strong>utor</strong></span> <span class='ocrx_word' id='word_1_225' title='bbox 1499 2270 1672 2345; x_wconf 93' lang='lat' dir='ltr'><strong>quasi</strong></span> <span class='ocrx_word' id='word_1_226' title='bbox 1724 2288 1825 2331; x_wconf 89' lang='lat' dir='ltr'><strong>res</strong></span> <span class='ocrx_word' id='word_1_227' title='bbox 1864 2270 2047 2331; x_wconf 89' lang='lat' dir='ltr'><strong>dubia</strong></span> <span class='ocrx_word' id='word_1_228' title='bbox 2097 2278 2201 2329; x_wconf 87' lang='lat' dir='ltr'><strong>aut</strong></span> 
     </span>
     <span class='ocr_line' id='line_1_27' title="bbox 155 2349 2197 2427; baseline -0.001 -15"><span class='ocrx_word' id='word_1_229' title='bbox 155 2352 423 2412; x_wconf 87' lang='lat' dir='ltr'><strong>obscura</strong></span> <span class='ocrx_word' id='word_1_230' title='bbox 474 2349 592 2411; x_wconf 72' lang='lat' dir='ltr'><strong>sit?</strong></span> <span class='ocrx_word' id='word_1_231' title='bbox 679 2352 920 2411; x_wconf 87' lang='lat' dir='ltr'><strong>Adsunt</strong></span> <span class='ocrx_word' id='word_1_232' title='bbox 967 2350 1242 2412; x_wconf 88' lang='lat' dir='ltr'><strong>homines</strong></span> <span class='ocrx_word' id='word_1_233' title='bbox 1291 2368 1369 2411; x_wconf 86' lang='lat' dir='ltr'><strong>ex</strong></span> <span class='ocrx_word' id='word_1_234' title='bbox 1423 2360 1544 2412; x_wconf 86' lang='lat' dir='ltr'><strong>tota</strong></span> <span class='ocrx_word' id='word_1_235' title='bbox 1596 2351 1911 2427; x_wconf 89' lang='lat' dir='ltr'><strong>provincia</strong></span> <span class='ocrx_word' id='word_1_236' title='bbox 1953 2350 2197 2411; x_wconf 89' lang='lat' dir='ltr'><strong>nobilis-</strong></span> 
     </span>
     <span class='ocr_line' id='line_1_28' title="bbox 153 2432 2201 2507; baseline -0.001 -14"><span class='ocrx_word' id='word_1_237' title='bbox 153 2432 323 2505; x_wconf 90' lang='lat' dir='ltr'><strong>simi,</strong></span> <span class='ocrx_word' id='word_1_238' title='bbox 367 2432 469 2505; x_wconf 84' lang='lat' dir='ltr'><strong>qui</strong></span> <span class='ocrx_word' id='word_1_239' title='bbox 507 2441 862 2506; x_wconf 87' lang='lat' dir='ltr'><strong>praesentes</strong></span> <span class='ocrx_word' id='word_1_240' title='bbox 903 2448 1018 2493; x_wconf 89' lang='lat' dir='ltr'><strong>vos</strong></span> <span class='ocrx_word' id='word_1_241' title='bbox 1050 2442 1222 2495; x_wconf 89' lang='lat' dir='ltr'><strong>orant</strong></span> <span class='ocrx_word' id='word_1_242' title='bbox 1251 2441 1432 2507; x_wconf 88' lang='lat' dir='ltr'><strong>atque</strong></span> <span class='ocrx_word' id='word_1_243' title='bbox 1462 2435 1810 2505; x_wconf 87' lang='lat' dir='ltr'><strong>obsecrant,</strong></span> <span class='ocrx_word' id='word_1_244' title='bbox 1842 2432 2109 2505; x_wconf 81' lang='lat' dir='ltr'><strong>iudiceS,</strong></span> <span class='ocrx_word' id='word_1_245' title='bbox 2134 2442 2201 2491; x_wconf 84' lang='lat' dir='ltr'><strong>ut</strong></span> 
     </span>
     <span class='ocr_line' id='line_1_29' title="bbox 151 2514 2203 2591; baseline 0 -16"><span class='ocrx_word' id='word_1_246' title='bbox 151 2516 217 2575; x_wconf 89' lang='lat' dir='ltr'><strong>in</strong></span> <span class='ocrx_word' id='word_1_247' title='bbox 268 2522 474 2575; x_wconf 89' lang='lat' dir='ltr'><strong>actore</strong></span> <span class='ocrx_word' id='word_1_248' title='bbox 516 2530 739 2574; x_wconf 87' lang='lat' dir='ltr'><strong>causae</strong></span> <span class='ocrx_word' id='word_1_249' title='bbox 779 2530 929 2575; x_wconf 89' lang='lat' dir='ltr'><strong>suae</strong></span> <span class='ocrx_word' id='word_1_250' title='bbox 969 2515 1289 2591; x_wconf 84' lang='lat' dir='ltr'><strong>deligendo</strong></span> <span class='ocrx_word' id='word_1_251' title='bbox 1330 2523 1600 2576; x_wconf 85' lang='lat' dir='ltr'><strong>vestrum</strong></span> <span class='ocrx_word' id='word_1_252' title='bbox 1643 2514 1930 2575; x_wconf 89' lang='lat' dir='ltr'><strong>iudicium</strong></span> <span class='ocrx_word' id='word_1_253' title='bbox 1971 2515 2048 2573; x_wconf 90' lang='lat' dir='ltr'><strong>ab</strong></span> <span class='ocrx_word' id='word_1_254' title='bbox 2084 2531 2203 2575; x_wconf 83' lang='lat' dir='ltr'><strong>suo</strong></span> 
     </span>
     <span class='ocr_line' id='line_1_30' title="bbox 152 2595 2196 2672; baseline -0.001 -14"><span class='ocrx_word' id='word_1_255' title='bbox 152 2596 384 2658; x_wconf 90' lang='lat' dir='ltr'><strong>iudicio</strong></span> <span class='ocrx_word' id='word_1_256' title='bbox 414 2612 492 2656; x_wconf 89' lang='lat' dir='ltr'><strong>ne</strong></span> <span class='ocrx_word' id='word_1_257' title='bbox 525 2595 849 2672; x_wconf 87' lang='lat' dir='ltr'><strong>discrepet.</strong></span> <span class='ocrx_word' id='word_1_258' title='bbox 917 2596 1190 2657; x_wconf 89' lang='lat' dir='ltr'><strong>Omnium</strong></span> <span class='ocrx_word' id='word_1_259' title='bbox 1221 2596 1524 2657; x_wconf 86' lang='lat' dir='ltr'><strong>civitatum</strong></span> <span class='ocrx_word' id='word_1_260' title='bbox 1556 2596 1737 2657; x_wconf 90' lang='lat' dir='ltr'><strong>totius</strong></span> <span class='ocrx_word' id='word_1_261' title='bbox 1768 2597 2009 2657; x_wconf 87' lang='lat' dir='ltr'><strong>Siciliae</strong></span> <span class='ocrx_word' id='word_1_262' title='bbox 2038 2598 2196 2671; x_wconf 82' lang='lat' dir='ltr'><strong>lega-</strong></span> 
     </span>
     <span class='ocr_line' id='line_1_31' title="bbox 154 2678 2195 2753; baseline -0 -14"><span class='ocrx_word' id='word_1_263' title='bbox 154 2679 360 2739; x_wconf 77' lang='lat' dir='ltr'><strong>tiones</strong></span> <span class='ocrx_word' id='word_1_264' title='bbox 381 2678 605 2739; x_wconf 84' lang='lat' dir='ltr'><strong>adsunt</strong></span> <span class='ocrx_word' id='word_1_265' title='bbox 633 2686 872 2753; x_wconf 88' lang='lat' dir='ltr'><strong>praeter</strong></span> <span class='ocrx_word' id='word_1_266' title='bbox 899 2680 1050 2739; x_wconf 89' lang='lat' dir='ltr'><strong>duas</strong></span> <span class='ocrx_word' id='word_1_267' title='bbox 1073 2678 1364 2751; x_wconf 77' lang='lat' dir='ltr'><strong>civitatee,</strong></span> <span class='ocrx_word' id='word_1_268' title='bbox 1394 2694 1645 2751; x_wconf 90' lang='lat' dir='ltr'><strong>quarum</strong></span> <span class='ocrx_word' id='word_1_269' title='bbox 1668 2678 1919 2739; x_wconf 85' lang='lat' dir='ltr'><strong>duarum</strong></span> <span class='ocrx_word' id='word_1_270' title='bbox 1944 2678 1997 2737; x_wconf 91' lang='lat' dir='ltr'><strong>si</strong></span> <span class='ocrx_word' id='word_1_271' title='bbox 2020 2678 2195 2738; x_wconf 88' lang='lat' dir='ltr'><strong>ades-</strong></span> 
     </span>
     <span class='ocr_line' id='line_1_32' title="bbox 158 2755 2197 2835; baseline -0.001 -13"><span class='ocrx_word' id='word_1_272' title='bbox 158 2768 329 2835; x_wconf 89' lang='lat' dir='ltr'><strong>sent,</strong></span> <span class='ocrx_word' id='word_1_273' title='bbox 364 2761 486 2821; x_wconf 90' lang='lat' dir='ltr'><strong>duo</strong></span> <span class='ocrx_word' id='word_1_274' title='bbox 523 2760 771 2820; x_wconf 89' lang='lat' dir='ltr'><strong>crimina</strong></span> <span class='ocrx_word' id='word_1_275' title='bbox 805 2761 901 2819; x_wconf 89' lang='lat' dir='ltr'><strong>vel</strong></span> <span class='ocrx_word' id='word_1_276' title='bbox 941 2762 1200 2821; x_wconf 87' lang='lat' dir='ltr'><strong>maxima</strong></span> <span class='ocrx_word' id='word_1_277' title='bbox 1240 2760 1672 2833; x_wconf 88' lang='lat' dir='ltr'><strong>minuerentur,</strong></span> <span class='ocrx_word' id='word_1_278' title='bbox 1723 2776 1879 2835; x_wconf 88' lang='lat' dir='ltr'><strong>quae</strong></span> <span class='ocrx_word' id='word_1_279' title='bbox 1920 2776 2057 2819; x_wconf 91' lang='lat' dir='ltr'><strong>cum</strong></span> <span class='ocrx_word' id='word_1_280' title='bbox 2114 2755 2197 2819; x_wconf 88' lang='lat' dir='ltr'><strong>iis</strong></span> 
     </span>
     <span class='ocr_line' id='line_1_33' title="bbox 160 2840 2199 2919; baseline -0.001 -16"><span class='ocrx_word' id='word_1_281' title='bbox 160 2841 504 2903; x_wconf 88' lang='lat' dir='ltr'><strong>civitatibus</strong></span> <span class='ocrx_word' id='word_1_282' title='bbox 541 2842 600 2901; x_wconf 89' lang='lat' dir='ltr'><strong>C.</strong></span> <span class='ocrx_word' id='word_1_283' title='bbox 633 2840 808 2903; x_wconf 86' lang='lat' dir='ltr'><strong>Verri</strong></span> <span class='ocrx_word' id='word_1_284' title='bbox 837 2843 1273 2903; x_wconf 88' lang='lat' dir='ltr'><strong>communicata</strong></span> <span class='ocrx_word' id='word_1_285' title='bbox 1313 2850 1471 2919; x_wconf 82' lang='lat' dir='ltr'><strong>sunt.</strong></span> <span class='ocrx_word' id='word_1_286' title='bbox 1542 2840 1638 2900; x_wconf 89' lang='grc'><strong>15.</strong></span> <span class='ocrx_word' id='word_1_287' title='bbox 1702 2843 1783 2902; x_wconf 85' lang='lat' dir='ltr'><strong>At</strong></span> <span class='ocrx_word' id='word_1_288' title='bbox 1821 2842 1979 2901; x_wconf 87' lang='lat' dir='ltr'><strong>enim</strong></span> <span class='ocrx_word' id='word_1_289' title='bbox 2023 2858 2132 2902; x_wconf 84' lang='lat' dir='ltr'><strong>cur</strong></span> <span class='ocrx_word' id='word_1_290' title='bbox 2160 2858 2199 2900; x_wconf 85' lang='lat' dir='ltr'><strong>a</strong></span> 
     </span>
     <span class='ocr_line' id='line_1_34' title="bbox 157 2922 2197 2999; baseline -0.001 -15"><span class='ocrx_word' id='word_1_291' title='bbox 157 2942 257 2985; x_wconf 90' lang='lat' dir='ltr'><strong>me</strong></span> <span class='ocrx_word' id='word_1_292' title='bbox 287 2923 668 2999; x_wconf 87' lang='lat' dir='ltr'><strong>potissimum</strong></span> <span class='ocrx_word' id='word_1_293' title='bbox 700 2924 818 2986; x_wconf 91' lang='lat' dir='ltr'><strong>hoc</strong></span> <span class='ocrx_word' id='word_1_294' title='bbox 847 2924 1214 2999; x_wconf 87' lang='lat' dir='ltr'><strong>praesidium</strong></span> <span class='ocrx_word' id='word_1_295' title='bbox 1245 2923 1621 2999; x_wconf 71' lang='lat' dir='ltr'><strong>petiverunt?</strong></span> <span class='ocrx_word' id='word_1_296' title='bbox 1663 2922 1726 2985; x_wconf 93' lang='lat' dir='ltr'><strong>Si</strong></span> <span class='ocrx_word' id='word_1_297' title='bbox 1756 2932 1922 2985; x_wconf 89' lang='lat' dir='ltr'><strong>esset</strong></span> <span class='ocrx_word' id='word_1_298' title='bbox 1950 2924 2197 2985; x_wconf 89' lang='lat' dir='ltr'><strong>dubium</strong></span> 
     </span>
     <span class='ocr_line' id='line_1_35' title="bbox 157 3004 2197 3082; baseline -0.002 -16"><span class='ocrx_word' id='word_1_299' title='bbox 157 3006 455 3081; x_wconf 89' lang='lat' dir='ltr'><strong>petissent</strong></span> <span class='ocrx_word' id='word_1_300' title='bbox 482 3021 703 3079; x_wconf 88' lang='lat' dir='ltr'><strong>necne,</strong></span> <span class='ocrx_word' id='word_1_301' title='bbox 741 3005 1002 3065; x_wconf 88' lang='lat' dir='ltr'><strong>dicerem</strong></span> <span class='ocrx_word' id='word_1_302' title='bbox 1034 3022 1140 3067; x_wconf 91' lang='lat' dir='ltr'><strong>cur</strong></span> <span class='ocrx_word' id='word_1_303' title='bbox 1169 3006 1483 3081; x_wconf 85' lang='lat' dir='ltr'><strong>petissent.</strong></span> <span class='ocrx_word' id='word_1_304' title='bbox 1537 3006 1709 3066; x_wconf 89' lang='lat' dir='ltr'><strong>Nunc</strong></span> <span class='ocrx_word' id='word_1_305' title='bbox 1741 3022 1887 3067; x_wconf 89' lang='lat' dir='ltr'><strong>vero</strong></span> <span class='ocrx_word' id='word_1_306' title='bbox 1921 3023 2105 3082; x_wconf 91' lang='lat' dir='ltr'><strong>quum</strong></span> <span class='ocrx_word' id='word_1_307' title='bbox 2134 3004 2197 3063; x_wconf 91' lang='lat' dir='ltr'><strong>id</strong></span> 
     </span>
     <span class='ocr_line' id='line_1_36' title="bbox 155 3086 2197 3163; baseline -0.001 -16"><span class='ocrx_word' id='word_1_308' title='bbox 155 3088 239 3148; x_wconf 84' lang='lat' dir='ltr'><strong>ita</strong></span> <span class='ocrx_word' id='word_1_309' title='bbox 271 3087 660 3163; x_wconf 88' lang='lat' dir='ltr'><strong>perspicuum</strong></span> <span class='ocrx_word' id='word_1_310' title='bbox 699 3088 803 3159; x_wconf 90' lang='lat' dir='ltr'><strong>sit,</strong></span> <span class='ocrx_word' id='word_1_311' title='bbox 852 3096 918 3148; x_wconf 89' lang='lat' dir='ltr'><strong>ut</strong></span> <span class='ocrx_word' id='word_1_312' title='bbox 963 3087 1155 3148; x_wconf 87' lang='lat' dir='ltr'><strong>oculis</strong></span> <span class='ocrx_word' id='word_1_313' title='bbox 1196 3087 1464 3147; x_wconf 88' lang='lat' dir='ltr'><strong>iudicare</strong></span> <span class='ocrx_word' id='word_1_314' title='bbox 1505 3086 1786 3162; x_wconf 87' lang='lat' dir='ltr'><strong>possitis,</strong></span> <span class='ocrx_word' id='word_1_315' title='bbox 1836 3087 2047 3149; x_wconf 88' lang='lat' dir='ltr'><strong>nescio</strong></span> <span class='ocrx_word' id='word_1_316' title='bbox 2089 3100 2197 3145; x_wconf 93' lang='lat' dir='ltr'><strong>cur</strong></span> 
     </span>
     <span class='ocr_line' id='line_1_37' title="bbox 154 3168 2197 3241; baseline -0.002 -12"><span class='ocrx_word' id='word_1_317' title='bbox 154 3170 276 3230; x_wconf 90' lang='lat' dir='ltr'><strong>hoc</strong></span> <span class='ocrx_word' id='word_1_318' title='bbox 305 3168 449 3229; x_wconf 89' lang='lat' dir='ltr'><strong>mihi</strong></span> <span class='ocrx_word' id='word_1_319' title='bbox 481 3170 835 3230; x_wconf 90' lang='lat' dir='ltr'><strong>detrimento</strong></span> <span class='ocrx_word' id='word_1_320' title='bbox 865 3186 1007 3229; x_wconf 92' lang='lat' dir='ltr'><strong>esse</strong></span> <span class='ocrx_word' id='word_1_321' title='bbox 1039 3170 1284 3241; x_wconf 85' lang='lat' dir='ltr'><strong>debeat,</strong></span> <span class='ocrx_word' id='word_1_322' title='bbox 1320 3169 1373 3229; x_wconf 92' lang='lat' dir='ltr'><strong>si</strong></span> <span class='ocrx_word' id='word_1_323' title='bbox 1412 3169 1474 3230; x_wconf 91' lang='lat' dir='ltr'><strong>id</strong></span> <span class='ocrx_word' id='word_1_324' title='bbox 1517 3169 1661 3229; x_wconf 91' lang='lat' dir='ltr'><strong>mihi</strong></span> <span class='ocrx_word' id='word_1_325' title='bbox 1705 3168 2049 3241; x_wconf 81' lang='lat' dir='ltr'><strong>obiiciatur,</strong></span> <span class='ocrx_word' id='word_1_326' title='bbox 2101 3180 2197 3225; x_wconf 89' lang='lat' dir='ltr'><strong>me</strong></span> 
     </span>
     <span class='ocr_line' id='line_1_38' title="bbox 156 3250 2193 3327; baseline -0.003 -14"><span class='ocrx_word' id='word_1_327' title='bbox 156 3250 538 3327; x_wconf 88' lang='lat' dir='ltr'><strong>potissimum</strong></span> <span class='ocrx_word' id='word_1_328' title='bbox 568 3268 708 3312; x_wconf 86' lang='lat' dir='ltr'><strong>esse</strong></span> <span class='ocrx_word' id='word_1_329' title='bbox 737 3252 1051 3311; x_wconf 89' lang='lat' dir='ltr'><strong>delectum.</strong></span> <span class='ocrx_word' id='word_1_330' title='bbox 1117 3251 1213 3313; x_wconf 88' lang='grc'><strong>16.</strong></span> <span class='ocrx_word' id='word_1_331' title='bbox 1276 3254 1504 3311; x_wconf 89' lang='lat' dir='ltr'><strong>Verum</strong></span> <span class='ocrx_word' id='word_1_332' title='bbox 1551 3252 1611 3311; x_wconf 91' lang='lat' dir='ltr'><strong>id</strong></span> <span class='ocrx_word' id='word_1_333' title='bbox 1651 3250 1792 3310; x_wconf 90' lang='lat' dir='ltr'><strong>mihi</strong></span> <span class='ocrx_word' id='word_1_334' title='bbox 1832 3267 1955 3312; x_wconf 88' lang='lat' dir='ltr'><strong>non</strong></span> <span class='ocrx_word' id='word_1_335' title='bbox 1998 3263 2193 3314; x_wconf 89' lang='lat' dir='ltr'><strong>sumo,</strong></span> 
     </span>
     <span class='ocr_line' id='line_1_39' title="bbox 155 3330 2203 3405; baseline -0.002 -13"><span class='ocrx_word' id='word_1_336' title='bbox 155 3332 419 3405; x_wconf 79' lang='lat' dir='ltr'><strong>iudiceS‚</strong></span> <span class='ocrx_word' id='word_1_337' title='bbox 451 3342 512 3395; x_wconf 90' lang='lat' dir='ltr'><strong>et</strong></span> <span class='ocrx_word' id='word_1_338' title='bbox 545 3334 660 3394; x_wconf 89' lang='lat' dir='ltr'><strong>hoc</strong></span> <span class='ocrx_word' id='word_1_339' title='bbox 683 3337 803 3395; x_wconf 79' lang='lat' dir='ltr'><strong>nori</strong></span> <span class='ocrx_word' id='word_1_340' title='bbox 836 3335 1018 3395; x_wconf 87' lang='lat' dir='ltr'><strong>modo</strong></span> <span class='ocrx_word' id='word_1_341' title='bbox 1046 3334 1106 3392; x_wconf 91' lang='lat' dir='ltr'><strong>in</strong></span> <span class='ocrx_word' id='word_1_342' title='bbox 1142 3332 1414 3395; x_wconf 87' lang='lat' dir='ltr'><strong>oratione</strong></span> <span class='ocrx_word' id='word_1_343' title='bbox 1446 3350 1583 3393; x_wconf 90' lang='lat' dir='ltr'><strong>mea</strong></span> <span class='ocrx_word' id='word_1_344' title='bbox 1610 3349 1730 3393; x_wconf 90' lang='lat' dir='ltr'><strong>non</strong></span> <span class='ocrx_word' id='word_1_345' title='bbox 1760 3347 1945 3405; x_wconf 86' lang='lat' dir='ltr'><strong>pono,</strong></span> <span class='ocrx_word' id='word_1_346' title='bbox 1976 3330 2089 3389; x_wconf 91' lang='lat' dir='ltr'><strong>sed</strong></span> <span class='ocrx_word' id='word_1_347' title='bbox 2118 3344 2203 3387; x_wconf 84' lang='lat' dir='ltr'><strong>ne-</strong></span> 
     </span>
     <span class='ocr_line' id='line_1_40' title="bbox 155 3410 2167 3491; baseline -0.003 -16"><span class='ocrx_word' id='word_1_348' title='bbox 155 3414 214 3477; x_wconf 84' lang='lat' dir='ltr'><strong>in</strong></span> <span class='ocrx_word' id='word_1_349' title='bbox 245 3414 535 3491; x_wconf 80' lang='lat' dir='ltr'><strong>opinione</strong></span> <span class='ocrx_word' id='word_1_350' title='bbox 569 3414 814 3491; x_wconf 89' lang='lat' dir='ltr'><strong>quidem</strong></span> <span class='ocrx_word' id='word_1_351' title='bbox 843 3415 1201 3490; x_wconf 83' lang='lat' dir='ltr'><strong>cuiusquam</strong></span> <span class='ocrx_word' id='word_1_352' title='bbox 1233 3414 1529 3489; x_wconf 90' lang='lat' dir='ltr'><strong>relinquo,</strong></span> <span class='ocrx_word' id='word_1_353' title='bbox 1560 3430 1655 3473; x_wconf 93' lang='lat' dir='ltr'><strong>me</strong></span> <span class='ocrx_word' id='word_1_354' title='bbox 1686 3410 1963 3473; x_wconf 89' lang='lat' dir='ltr'><strong>omnibus</strong></span> <span class='ocrx_word' id='word_1_355' title='bbox 1995 3418 2167 3484; x_wconf 87' lang='lat' dir='ltr'><strong>patro</strong></span> 
     </span>
    </p>
   </div>
  </div>
 </body>
</html>
