2459 3817
206 152 351 223 234
507 158 587 223 m
616 158 698 220 Μ.
727 157 1125 224 ΑΝΤΟΝΙΠΜ
1153 156 1437 221 ORATIO
1467 156 1889 221 PHILIPPICA
1915 154 1990 215 11.

213 314 277 377 si
300 312 593 377 valuisset
622 328 695 373 ac
723 327 845 373 non
871 311 925 371 ei
946 310 1202 374 maxime
1228 308 1404 382 mihi,
1438 325 1693 386 quorum
1721 324 1838 384 ego
1866 309 2028 371 vitae
2053 322 2282 367 eonsu-

214 399 441 472 =lebam,
467 412 583 473 spe
606 393 902 457 victoriae
919 394 1058 455 elati
1072 391 1474 468 obstitissent,
1499 391 1705 455 utalia
1718 392 2002 465 omittam,
2029 400 2093 452 tu
2110 396 2280 451 certe

220 495 551 556 numquam
572 477 635 538 in
654 477 773 538 hoc
788 475 999 539 ordine
1022 477 1120 539 vei
1136 475 1343 552 potius
1373 490 1704 552 numquam
1729 473 1791 535 in
1817 475 1934 536 hae
1945 474 2094 536 urbe
2107 488 2280 533 man·

170 623 181 632 ,
218 565 437 627 sisses.
478 563 560 621 At
587 574 737 621 vero
766 558 874 620 Cn.
902 558 1175 634 Pompeii
1204 560 1575 622 voluntatem
1617 575 1658 619 a
1683 573 1782 619 me
1808 558 2117 620 alienabat
2143 572 2284 618 ora·

210 647 306 709 tio
329 659 483 705 mea.
526 644 625 703 An
652 641 752 701 ille
772 656 1141 719 quemquam
1170 641 1311 716 plus
1333 640 1583 704 dilexit?
1612 656 1749 703 cum
1770 641 1896 702 ullo
1917 648 2022 701 aut
2047 653 2282 701 sermo-

212 744 333 789 ·nes
357 733 460 787 aut
484 723 739 787 consilia
764 723 1018 786 contulit
1043 723 1339 801 saepius?
1363 724 1528 800 quod
1557 722 1803 799 quidem
1831 732 2284 797 eratmagnum,

215 812 301 872 <le
327 824 563 871 summa
599 823 670 868 re
714 807 959 882 publica
1004 806 1438 869 dissentientes
1478 806 1540 867 in
1581 805 1797 867 eadem
1828 802 2277 868 consuetudine

216 892 518 955 amicitiae
555 905 929 965 permanere.
1038 887 1171 963 Ego
1225 886 1368 963 quid
1419 886 1526 948 ille
1581 892 1644 947 et
1693 892 1914 949 contra
1963 887 2067 947 ille
2133 886 2278 964 quid

214 993 339 1074 ego
368 974 656 1037 sentirem
690 981 751 1035 et
778 980 1119 1049 spectarem
1149 971 1415 1034 videbat.
1469 971 1601 1047 Ego
1634 969 2027 1033 incolumitati
2057 968 2282 1031 civium

222 1058 500 1136 primum,
520 1066 587 1119 ut
612 1065 829 1133 postea
854 1053 1129 1130 dignitati
1155 1070 1514 1131 possemne,
1539 1055 1642 1116 ille
1669 1055 1979 1131 praesenti
2005 1051 2280 1129 dignitati

222 1141 429 1219 potins
454 1139 828 1202 consulebat.
865 1138 1041 1213 Quod
1066 1144 1269 1201 autem
1281 1137 1814 1213 habebatuterque
1827 1136 1975 1215 quid
1987 1151 2278 1212 sequere·

224 1236 337 1299 tur,
364 1222 595 1285 idcirco
626 1220 998 1283 tolerabilior
1024 1229 1153 1283 erat
1173 1228 1384 1283 nostra
1413 1220 1743 1298 dissensio.
1811 1220 1917 1283 39.
1948 1218 2106 1293 Quid
2134 1234 2283 1281 vero

214 1307 323 1369 cille
352 1304 677 1381 singularis
704 1306 797 1365 vir
822 1320 897 1365 ac
924 1320 1121 1381 paene
1144 1304 1388 1367 divinus
1415 1304 1493 1367 de
1521 1318 1620 1365 me
1641 1294 1905 1366 senserit
1937 1302 2141 1365 sciunt
2177 1301 2285 1378 qui

214 1406 361 1451 eum
384 1390 463 1449 de
494 1386 806 1447 Pharsalia
882 1388 1027 1462 fuga
1062 1386 1336 1461 Paphum
1373 1386 1678 1463 persecuti
1718 1394 1878 1450 sunt.
1939 1386 2284 1483 Numquam

216 1474 299 1534 ab
328 1487 403 1532 eo
448 1470 671 1529 mentio
723 1474 801 1531 de
844 1487 942 1529 me
984 1469 1103 1529 nisi
1132 1468 1506 1537 honorifica,
1547 1469 1667 1531 nisi
1709 1471 1892 1543 plena
1930 1467 2284 1531 amicissimi

217 1552 531 1624 desiderii,
568 1567 765 1649 quum
782 1566 879 1611 me
908 1549 1139 1613 vidisse
1166 1552 1308 1649 plus
1339 1552 1644 1625 fateretur,
1673 1567 1746 1613 se
1775 1551 2131 1631 speravisse
2158 1566 2282 1613 me-

215 1636 395 1699 liora.
436 1636 511 1697 Et
544 1635 679 1697 elus
708 1633 819 1696 viri
848 1632 1093 1696 nomine
1119 1648 1217 1695 me
1253 1634 1540 1698 insectari
1567 1635 1780 1711 audes,
1810 1635 1986 1698 cuius
2009 1650 2109 1697 me
2135 1633 2283 1695 ami·

212 1738 391 1794 cum,
424 1728 485 1783 te
512 1728 814 1812 sectorem
843 1734 987 1780 esse
1016 1719 1285 1781 fateare?
1349 1718 1510 1781 XVI.
1551 1718 1678 1780 Sed
1722 1718 2028 1782 omittatur
2054 1718 2282 1789 bellum

216 1802 431 1875 nlud,
413 1818 477 1864 ιιι
500 1805 710 1876 quotu
732 1797 977 1865 nimium
998 1797 1140 1859 felix
1166 1796 1351 1859 ruisti.
1385 1798 1474 1858 Ne
1493 1800 1605 1860 de
1591 1800 1744 1861 iocis
1760 1801 2283 1876 quidemrespon·

214 1888 414 1959 debo,
447 1886 669 1964 quibus
698 1901 795 1947 me
823 1885 882 1946 in
913 1884 1130 1947 castris
1161 1901 1341 1948 nsum
1369 1902 1511 1948 esse
1541 1883 1766 1947 dixisti.
1820 1885 2010 1949 Erant
2036 1882 2286 1961 quidem

218 1971 327 2031 illa
354 1978 553 2031 castra
589 1970 771 2045 plena
800 1984 1015 2031 curae=
1056 1983 1268 2031 verum
1311 1976 1510 2031 tamen
1540 1967 1850 2043 homines,
1900 1967 2184 2045 quamvis
2223 1966 2284 2029 in

224 2051 481 2115 turbidis
508 2052 867 2129 rebus-sint,
899 2060 1131 2124 tamen,
1163 2053 1217 2113 si
1247 2053 1430 2114 modo
1471 2050 1754 2115 homines
1783 2060 1951 2125 sunt,
1983 2050 2286 2115 interdum

221 2135 441 2197 animis
469 2138 834 2199 relaxantur.
919 2134 1021 2197 40.
1059 2135 1236 2211 Quod
1270 2142 1470 2197 autem
1499 2133 1661 2195 idem
1693 2135 2052 2198 maestitiam
2081 2150 2283 2197 meam

222 2218 643 2294 reprehendit,
688 2218 848 2280 idem
878 2217 1101 2294 iocum,
1133 2234 1355 2295 magno
1385 2226 1740 2294 argumento
1777 2228 1872 2282 est
1899 2234 1998 2281 me
2025 2217 2089 2279 in
2117 2226 2286 2281 utro-

218 2318 347 2377 que
380 2300 571 2363 l'uisse
600 2303 995 2364 moderatum.
1158 2322 1165 2326 ·

391 2383 769 2446 Hereditates
810 2386 954 2447 mihi
996 2385 1232 2463 negasti
1273 2384 1502 2449 venire.
1559 2384 1800 2450 Utinam
1833 2387 1954 2450 hoc
1983 2393 2152 2450 tuum
2180 2403 2289 2448 ve-

220 2484 357 2531 rum
390 2465 616 2527 crimen
657 2477 854 2530 esset!
899 2470 1107 2544 plures
1144 2470 1324 2532 amici
1361 2471 1480 2531 mei
1523 2478 1585 2532 et
1621 2469 1958 2532 necessarii
1987 2468 2288 2531 viverent.

224 2550 352 2612 Sed
386 2549 488 2625 qui
531 2548 688 2613 istuc
725 2550 833 2617 tibi
862 2552 1025 2612 venit
1063 2553 1125 2613 in
1165 2560 1474 2615 mentem?
1531 2554 1662 2628 Ego
1701 2556 1863 2615 enim
1893 2551 2158 2628 amplius
2189 2567 2290 2613 se·

219 2632 497 2695 stertium
512 2632 868 2696 ducentiens
882 2642 1199 2709 acceptum
1211 2632 1646 2699 hereditatibus
1661 2637 1877 2700 rettuli.
1909 2636 2288 2711 Quamquam

220 2715 287 2778 in
315 2718 434 2777 hoc
473 2733 698 2793 genere
728 2718 924 2787 fateor
951 2717 1286 2780 feliciorem
1319 2735 1463 2782 esse
1495 2726 1573 2780 te.
1646 2719 1749 2781 Me
1779 2735 1956 2782 nemo
1989 2718 2110 2781 nisi
2135 2716 2288 2779 ami-

219 2814 337 2861 cus
362 2800 504 2861 fecit
531 2801 837 2875 heredem,
872 2808 935 2863 ut
964 2818 1101 2863 cum
1131 2802 1236 2864 illo
1261 2803 1601 2877 commodo,
1639 2803 1696 2863 si
1723 2804 1894 2879 quod
1921 2810 2071 2877 erat,
2103 2799 2288 2863 animi

220 2881 471 2957 ¹>quidam
512 2884 689 2945 dolor
727 2884 1104 2961 iungeretur=
1144 2892 1206 2947 te
1241 2886 1324 2959 is,
1371 2901 1551 2961 quem
1591 2894 1656 2947 tu
1685 2884 1890 2947 vidisti
1932 2900 2282 2960 numquam,

224 2964 290 3025 L.
346 2965 612 3027 Rubrius
662 2966 915 3030 Casinas
966 2968 1109 3031 fecit
1157 2968 1464 3031 heredem.
1570 2966 1673 3031 41.
1719 2969 1796 3030 Et
1852 2966 2096 3043 quidem
2143 2966 2284 3027 vide

224 3062 409 3123 quam
451 3056 511 3109 te
553 3051 764 3112 amarit
800 3050 889 3125 is,
926 3050 1030 3127 qui
1062 3052 1242 3113 albus
1285 3060 1496 3113 aterne
1526 3050 1708 3113 fuerit
1742 3052 2021 3127 ignoras=
2079 3048 2284 3111 fratris

225 3130 412 3193 lilium
446 3130 785 3210 praeteriit,
825 3134 895 3209 Q.
920 3134 1107 3209 Fufii,
1149 3134 1568 3198 honestissimi
1612 3132 1836 3211 equitis
1864 3130 2126 3196 Romani
2159 3132 2284 3193 sui-

222 3228 347 3287 que
402 3214 783 3289 amicissimi,
844 3231 1026 3291 quem
1083 3220 1284 3292 palam
1338 3217 1626 3279 heredem
1665 3233 1915 3293 semper
1956 3214 2282 3294 lectitarat,

223 3300 313 3365 te,
345 3312 525 3370 quem
565 3314 895 3375 numquam
934 3298 1170 3360 viderat
1204 3307 1310 3361 aut
1337 3308 1504 3363 certe
1531 3314 1860 3377 numquam
1894 3298 2290 3371 salutaverat,

224 3372 369 3434 tecit
394 3376 700 3441 heredem.
749 3379 959 3442 Velim
976 3380 1123 3441 mihi
1152 3380 1358 3457 dicas,
1386 3382 1508 3445 nisi
1538 3384 1860 3445 molestum
1889 3389 2014 3457 est,
2041 3380 2109 3441 L.
2135 3380 2292 3443 Tur·
