2459 3817
741 191 904 251 CAP.
936 199 1186 252 42--44.
1228 196 1282 256 s.
1315 198 1380 252 91
1407 197 1588 252 —96.
2109 195 2192 260 99

136 339 274 414 rari,
302 357 513 402 verum
556 339 738 420 etiam
774 340 1039 404 osculari
1064 341 1280 400 solent.
1335 340 1433 399 Ad
1473 339 1593 403 hoc
1634 341 1952 416 templum,
2002 359 2184 416 quum

134 430 305 484 esset
330 421 446 484 iste
473 422 805 498 Agrigenti,
842 425 1000 486 duce
1032 421 1427 497 Timarchide,
1464 431 1733 499 repente,
1770 431 1948 484 nocte
1975 421 2185 485 intem-

132 513 328 580 pesta,
350 521 667 566 servorum
694 514 1057 567 armatorum
1080 507 1150 568 fit
1170 521 1509 566 concursus
1532 515 1715 581 atque
1739 504 2022 580 impetus.
2057 507 2186 567 Cla-

132 604 265 649 mor
293 605 331 648 a
362 586 647 664 vigilibus
680 587 926 663 fanique
956 588 1315 650 custodibus
1343 587 1592 649 tollitur=
1641 587 1744 662 qui
1772 589 1968 665 primo
1999 607 2185 665 quum

134 670 435 732 obsistere
475 686 549 731 ac
596 671 927 732 defendere
962 679 1351 744 conarentur,
1393 671 1552 731 male
1590 670 1836 732 mulcati
1875 672 2066 733 clavis
2111 689 2186 732 ac

132 752 395 814 fustibus
421 755 812 829 repelluntur.
865 753 1087 815 Postea
1114 751 1426 814 convulsis
1453 753 1762 830 repagulis
1785 755 2192 829 ecfractisque

132 834 329 896 valvis
358 836 633 898 demoliri
660 837 901 912 signum
928 853 1003 898 ac
1030 836 1306 898 vectibus
1339 836 1704 896 labefactare
1723 846 2050 902 conantur.
2085 838 2182 898 ln.-

136 927 299 980 terea
336 935 417 980 ex
445 920 709 980 clamore
734 922 895 980 fama
920 927 1046 981 tota
1070 919 1221 979 urbe
1243 918 1634 994 percrebruit,
1665 917 2004 996 expugnari
2027 920 2182 983 deos

135 1002 365 1077 patrios
420 1018 545 1064 non
592 1001 859 1064 hostium
898 1003 1167 1064 adventu
1205 999 1572 1077 necopinato
1620 1017 1822 1075 neque
1862 1002 2180 1076 repentino

133 1083 508 1160 praedonum
541 1083 790 1160 impetu,
815 1085 931 1144 sed
960 1100 1035 1144 ex
1068 1086 1251 1145 domo
1281 1091 1464 1159 atque
1493 1099 1570 1142 ex
1601 1084 1852 1145 cohorte
1878 1084 2184 1159 praetoria

132 1183 375 1226 manum
390 1165 773 1241 fugitivorum
787 1167 1139 1227 instructam
1160 1174 1572 1241 armatamque
1585 1165 1854 1227 venisse.
1877 1163 1978 1226 95.
1993 1167 2180 1228 Nemo

130 1247 451 1321 Agrigenti
477 1265 677 1322 neque
708 1256 905 1310 aetate
932 1256 1053 1308 tarn
1080 1250 1322 1309 adfecta
1361 1265 1562 1323 neque
1592 1247 1824 1309 viribus
1865 1258 1986 1310 tam
2017 1249 2182 1308 infir-

130 1329 251 1389 mis
280 1328 407 1402 suit,
444 1329 549 1404 qui
575 1345 697 1391 non
728 1331 829 1391 illa
850 1338 1029 1391 nocte
1058 1347 1133 1390 eo
1162 1331 1372 1392 nuntio
1413 1330 1710 1392 excitatus
1733 1331 2064 1392 surrexerit
2095 1340 2185 1392 te-
2228 1371 2234 1389 ,

132 1414 147 1474 Ι
156 1429 399 1487 umque,
430 1413 597 1488 quod
628 1413 848 1488 cuique
876 1413 1004 1474 fors
1034 1412 1345 1488 offerebat,
1374 1412 1720 1487 adripuerit.
1769 1413 1980 1489 ltaque
2008 1415 2181 1474 brevi

134 1503 405 1570 ternpore
438 1497 519 1555 ad
551 1496 759 1557 fanum
792 1513 872 1557 ex
901 1496 1049 1556 urbe
1076 1504 1205 1558 tota
1239 1494 1630 1556 concurritur.
1663 1497 1891 1558 Horam
1915 1496 2178 1572 amplius
2283 1495 2285 1497 ’

129 1578 329 1638 iamin
353 1579 737 1642 demoliendo
768 1579 945 1655 signo
971 1577 1250 1655 permulti
1272 1579 1548 1640 homines
1571 1578 2000 1641 moliebantur=
2029 1580 2179 1639 illud

129 1661 360 1722 interea
386 1663 550 1722 nulla
578 1663 822 1723 lababat
852 1679 931 1722 ex
972 1672 1171 1738 parte=
1208 1679 1394 1738 quum
1435 1661 1537 1722 alii
1565 1661 1842 1722 vectibus
1885 1661 2178 1722 subiectis

128 1754 490 1806 conarentur
518 1761 920 1818 commovere,
956 1744 1059 1805 alii
1087 1743 1416 1820 deligatum
1444 1743 1724 1804 omnibus
1762 1742 2048 1803 membris
2081 1760 2176 1804 ra-

126 1842 275 1901 pere
302 1827 382 1886 ad
412 1844 481 1888 se
511 1827 773 1888 funibus.
839 1829 933 1886 Ac
971 1834 1221 1903 repente
1256 1823 1634 1900 Agrigentini
1675 1833 2067 1884 concurruntz
2111 1825 2179 1884 fit

0 1877 106 1990 Q*
124 1924 345 1983 magna
372 1907 692 1984 lapidatio=
724 1910 869 1968 dant
896 1924 1039 1968 sese
1068 1907 1128 1968 in
1150 1908 1356 1982 fugam
1384 1905 1559 1969 istius
1589 1905 1890 1981 praeclari
1915 1905 2176 1980 impera-

14 1979 61 2005 *
125 1989 276 2052 toris
304 1989 585 2051 nocturni
622 1989 873 2050 milites:
920 1991 1043 2049 duo
1089 1996 1290 2049 tamen
1319 1987 1518 2064 sigilla
1553 1990 1918 2064 perparvula
1943 1990 2173 2061 tollunt,

0 2077 59 2148 ὅ·
122 2088 205 2132 ne
235 2069 481 2133 omnino
510 2072 722 2132 inanes
750 2073 830 2132 ad
872 2071 1051 2132 istum
1080 2073 1453 2146 praedonem
1481 2071 1840 2146 religionum
1866 2080 2174 2134 revertan-

0 2179 57 2235 χ·
124 2164 240 2216 tur.
309 2153 649 2229 Numquam
689 2161 811 2214 tam
851 2154 1007 2214 male
1046 2161 1143 2214 est
1170 2152 1392 2215 Siculis
1423 2152 1569 2229 quin
1613 2152 1848 2229 aliquid
1891 2155 2085 2216 facete
2114 2163 2178 2216 et

11 2236 84 2296 ”Q
116 2237 445 2298 commode
474 2237 693 2309 dicant,
729 2238 892 2298 velut
919 2237 975 2296 in
1000 2236 1114 2296 hac
1142 2253 1211 2297 re
1239 2237 1483 2298 aiebant
1525 2234 1586 2297 in
1630 2238 1874 2298 labores
1894 2237 2176 2298 Herculis

118 2336 246 2380 non
276 2319 476 2380 minus
516 2320 677 2380 hunc
716 2319 1215 2382 immanissimum
1245 2335 1512 2391 verrem,
1550 2336 1733 2394 quam
1761 2319 1928 2380 illum
1961 2335 2174 2394 aprum

120 2401 580 2480 Erymanthium
609 2403 821 2463 referri
851 2410 1149 2478 oportere.

285 2485 491 2544 XLIV.
533 2485 633 2548 96.
684 2485 857 2546 Hanc
878 2484 1177 2561 ‘virtutem
1218 2483 1746 2560 Agrigentinorum
1781 2481 1992 2545 imitati
2033 2491 2176 2545 stunt

114 2566 407 2629 Assorini
431 2576 669 2642 postea,
696 2567 809 2630 viri
842 2569 1028 2628 fortes
1051 2575 1112 2628 et
1132 2569 1368 2640 fideles,
1393 2567 1506 2626 sed
1535 2582 1923 2641 nequaquam
1951 2581 2032 2626 ex
2051 2573 2174 2628 tam

113 2650 324 2724 ampla
362 2667 565 2725 neque
593 2659 715 2711 tam
743 2666 818 2710 ex
848 2649 1036 2710 nobili
1066 2649 1324 2711 civitate.
1377 2649 1646 2726 Chrysas
1681 2648 2030 2722 estamniS,
2066 2648 2172 2723 qui

114 2749 234 2810 per
257 2732 689 2795 Assorinorum
720 2749 903 2808 agros
938 2731 1089 2793 fluit.
1154 2734 1213 2792 Is
1255 2732 1418 2807 apud
1459 2729 1598 2792 illos
1640 2731 1895 2792 habetur
1928 2733 2082 2792 deus
2111 2739 2173 2791 et

113 2813 415 2889 religione
444 2814 705 2876 maxima
744 2815 975 2877 colitur.
1042 2815 1275 2876 Fanum
1321 2813 1454 2875 eius
1494 2821 1590 2874 est
1626 2811 1689 2874 in
1730 2831 1878 2888 agro
1922 2820 2174 2890 propter

113 2900 319 2975 ipsam
346 2897 527 2973 viam,
556 2914 677 2973 qua
708 2899 945 2959 Assoro
974 2896 1092 2959 itur
1117 2898 1411 2958 Hennam.
1469 2896 1536 2954 In
1579 2912 1654 2956 eo
1684 2896 1955 2974 chr-ysne
1987 2896 2170 2958 simu·

113 2985 350 3042 lacrum
394 2989 518 3054 est,
555 2982 867 3056 praeclare
908 2979 1131 3040 factum
1170 2995 1205 3038 c
1248 2993 1563 3039 marmore.
1639 2979 1710 3038 Id
1750 2976 1866 3040 iste
1908 2989 2170 3054 poscere

111 3063 455 3124 Assorinos
482 3070 734 3138 propter
760 3062 1127 3136 singularem
1153 3061 1288 3122 eius
1309 3059 1430 3120 fani
1451 3058 1803 3142 religionem
1826 3078 1949 3122 non
1979 3078 2170 3122 ausus

113 3153 243 3208 est=
268 3146 616 3220 Tlepolemo
641 3146 746 3205 dat
765 3143 1084 3205 etHieroni
1106 3147 1428 3220 negotium.
1467 3142 1560 3203 Illi
1580 3153 1780 3213 noctu,
1812 3145 1970 3204 facta
1990 3159 2170 3202 manu

112 3239 490 3306 armataque,
524 3227 801 3288 veniunt=
838 3228 1005 3288 sores
1045 3227 1217 3287 aedis
1248 3227 1600 3301 effringunt=
1649 3225 1936 3286 aeditumi
1966 3229 2180 3284 custo-

114 3313 359 3387 desque
390 3318 621 3372 mature
648 3310 940 3372 sentiunt:
972 3310 1229 3385 signum,
1267 3309 1435 3386 quod
1463 3317 1590 3368 erat
1623 3318 1832 3370 notum
1860 3302 2174 3380 vicinitati,

112 3395 340 3457 bucina
371 3395 573 3455 datura
606 3391 887 3453 homines
914 3408 995 3454 ex
1023 3391 1185 3468 agris
1213 3399 1606 3454 concurrunt:
1635 3388 1872 3530 ssiisscitur
1903 3389 2186 3462 fugatur-

1472 3713 2001 3811 25343113
