2459 3817
260 152 391 221 250
574 152 654 211 IN
685 151 765 211 M.
798 148 1201 209 ANTONIUM
1230 146 1514 207 ORATIO
1548 146 1974 208 PHILIPPICA
2003 147 2078 207 11.

264 321 420 367 nere
452 319 575 365 non
618 311 909 379 possunt,
951 296 1304 376 provincias
1331 297 1688 373 universam,
1731 306 1939 373 patres
1981 297 2351 376 conscripti,

265 386 653 464 perdidistis,
716 400 917 461 neque
962 380 1281 457 vectigalia
1329 383 1560 454 solum,
1625 382 1740 442 sed
1791 381 1970 442 etiam
2015 381 2356 457 imperium

262 470 479 547 populi
516 468 776 530 Romani
836 466 1017 527 huius
1070 464 1422 526 domesticis
1479 462 1770 526 nundinis
1821 463 2206 525 deminutum
2239 475 2353 526 est.

262 554 559 613 XXXVII.
597 550 699 612 93.
740 551 859 611 Ubi
910 558 1007 609 est
1044 547 1319 622 septiens
1361 546 1635 619 miliens,
1681 548 1851 623 quod
1885 545 2067 609 estin
2098 548 2352 622 tabuIiS,

260 652 427 711 quae
450 642 592 695 sunt
625 633 705 692 ad
734 630 927 709 opis-r
968 632 1264 713 funestae·
1290 630 1454 691 illius
1486 630 1730 704 quidem
1755 629 2075 705 pecuniae,
2109 632 2235 692 sed
2265 640 2350 692 ta·

262 732 422 787 men,
454 732 613 793 quae
644 732 759 776 nos
788 715 846 776 si
875 714 982 786 iis,
1020 730 1279 789 quorum
1310 721 1456 786 erat,
1487 730 1610 775 non
1631 712 2006 787 redderetur,
2037 730 2080 773 a
2104 714 2350 775 tributis

266 809 485 875 posset
532 798 865 859 vindicare.
963 799 1053 858 Tu
1098 805 1299 857 autem
1363 796 1905 872 quadringentiens
1971 797 2347 866 sestertium,

262 884 437 959 quod
492 881 703 943 Idibus
730 880 965 943 Martiis
1010 878 1306 954 debuisti,
1336 896 1602 956 quonam
1645 880 1830 939 modo
1859 887 1999 939 ante
2025 879 2347 941 Kalendas

264 966 511 1043 Apriles
541 966 767 1026 debere
797 964 1014 1025 desisti
1036 970 1067 1021 t
1106 961 1261 1024 Sunt
1286 978 1362 1023 ea
1391 962 1635 1038 quidem
1665 961 2148 1035 innumerabilia,
2188 980 2348 1039 quae

260 1066 303 1109 a
343 1049 463 1110 tuis
506 1050 861 1109 emebantur
900 1063 1021 1107 non
1062 1044 1361 1106 insciente
1401 1054 1492 1117 te,
1537 1046 1650 1106 sed
1689 1061 1878 1105 unum
1919 1045 2246 1121 egregium
2275 1048 2348 1106 de
2426 1096 2427 1103 ἶ

262 1148 411 1207 rege
449 1130 736 1193 Deiotaro
816 1129 1027 1207 populi
1053 1127 1313 1191 Romani
1355 1126 1727 1189 amicissimo
1791 1129 2108 1189 decretum
2134 1130 2204 1188 in
2243 1130 2346 1189 Ca·
2426 1128 2427 1147 ἢ

266 1214 479 1291 pitolio
516 1216 736 1276 fixumz
784 1230 906 1290 quo
947 1211 1270 1289 proposito
1313 1227 1490 1273 nemo
1543 1220 1674 1273 erat
1703 1210 1809 1286 qui
1845 1210 1905 1271 in
1949 1212 2090 1287 ipso
2125 1213 2348 1274 dolore

262 1298 456 1358 risum
497 1306 715 1371 posset
751 1296 1082 1358 continere.
1168 1295 1272 1357 94.
1318 1294 1466 1367 Quis
1511 1293 1674 1354 enim
1715 1294 2000 1369 cuiquam
2041 1294 2348 1355 inimicior

262 1397 449 1454 quam
476 1380 763 1441 Deiotaro
794 1380 1061 1439 Caesar?
1094 1394 1294 1453 aeque
1325 1385 1512 1453 atque
1542 1376 1682 1438 huic
1705 1376 1923 1451 ordini,
1959 1385 2029 1438 ut
2048 1378 2342 1454 equestri,
2419 1440 2428 1465 ἡ

260 1470 331 1524 ut
358 1461 878 1535 Massiliensibus„
920 1470 986 1522 ut
1016 1460 1332 1533 omnibus,
1382 1460 1608 1536 quibus
1630 1476 1759 1521 rem
1791 1460 2099 1535 publicam
2126 1459 2342 1537 populi

267 1540 530 1602 Romani
546 1556 751 1602 caram
776 1557 921 1603 esse
932 1540 1255 1601 sentiebat.
1299 1542 1506 1617 Igitur,
1532 1560 1570 1603 a
1587 1559 1709 1617 quo
1730 1544 1873 1603 vivo
1895 1559 2012 1605 nec
2031 1560 2336 1619 praesens

273 1638 392 1684 nec
437 1624 665 1685 absens
699 1640 811 1686 rex
842 1623 1167 1685 Deiotarus
1203 1624 1538 1699 quidquam
1569 1624 1753 1700 aequi
1782 1626 1931 1687 boni
1962 1626 2334 1704 impetravit,

266 1708 436 1784 apud
467 1717 771 1769 mortuum
808 1711 1006 1770 factus
1042 1714 1139 1767 est
1171 1707 1504 1783 gratiosus.
1581 1708 1992 1784 compellarat
2023 1709 2332 1785 hospitem

262 1807 587 1868 praesens,
614 1798 1013 1867 computarat,
1038 1789 1361 1865 pecuniam
1380 1790 1728 1867 imperarat,
1757 1792 1822 1851 in
1845 1791 1981 1852 eius
2003 1790 2332 1853 tetrarchia

262 1890 452 1935 unum
476 1888 555 1934 ex
570 1875 819 1935 Graecis
848 1872 1168 1935 comitibus
1192 1873 1326 1933 suis
1349 1876 1715 1936 collocarat:
1746 1874 2100 1936 Armeniam
2122 1876 2330 1936 abstu-

260 1960 423 2017 lerat
438 1973 475 2015 a
496 1964 716 2017 senatu
738 1960 964 2017 datam.
1002 1957 1173 2015 Haec
1186 1956 1370 2017 vivus
1394 1956 1632 2033 eripuit,
1656 1957 1858 2019 reddit
1874 1965 2179 2019 mortuus,
2229 1959 2332 2019 95.

266 2044 347 2099 At
376 2038 598 2114 quibus
624 2041 869 2101 verbis?
912 2039 1099 2099 Modo
1127 2054 1392 2115 aequum
1419 2039 1535 2102 sibi
1570 2040 1796 2111 videri,
1836 2042 2022 2101 modo
2060 2056 2190 2101 non
2226 2041 2332 2101 ini-

264 2138 474 2196 quum.
504 2121 658 2182 Mira
670 2123 1003 2183 verborum
1020 2122 1388 2197 complexio.
1420 2124 1506 2184 At
1516 2123 1620 2183 ille
1634 2140 1966 2199 numquam
1978 2158 2064 2169 --
2079 2140 2332 2199 semper

262 2204 425 2264 enim
448 2204 687 2264 absenti
710 2207 877 2265 adfui
898 2203 1185 2265 Deiotaro
1213 2238 1299 2249 —-
1327 2205 1660 2281 quidquam
1683 2205 1831 2277 sibi,
1873 2208 2042 2280 quod
2067 2223 2187 2267 nos
2212 2224 2326 2282 pro

256 2286 366 2346 illo
390 2288 877 2371 postularemus,
912 2304 1177 2363 aequum
1213 2287 1366 2349 dixit
1387 2288 1602 2349 videri.
1659 2289 2030 2365 syngrapha
2059 2289 2329 2350 sestertii

264 2369 539 2429 centiens
555 2384 669 2443 per
680 2373 937 2445 legatos,
952 2370 1121 2432 viros
1136 2371 1358 2444 bonos,
1369 2373 1485 2433 sed
1499 2371 1746 2433 timidos
1759 2378 1822 2431 et
1831 2370 2174 2448 imperitos,
2189 2371 2325 2433 sine

260 2459 494 2521 nostra,
520 2451 655 2511 sine
675 2453 1052 2527 reliquorum
1077 2452 1388 2529 hospitum
1405 2454 1571 2531 regis
1593 2453 1918 2526 sententia,
1942 2457 2104 2517 facta
2124 2458 2190 2516 in
2215 2472 2322 2531 gy-

263 2550 415 2593 naec
424 2548 498 2593 eo
515 2540 630 2605 est,
648 2551 771 2605 quo
788 2535 847 2594 in
864 2538 1001 2595 loeo
1016 2536 1315 2610 plurimae
1325 2552 1430 2597 res
1442 2539 1768 2600 venierunt
1779 2544 1842 2599 et
1851 2545 2144 2599 veneunt.
2193 2539 2322 2611 Qua

246 2628 335 2673 ex
364 2616 719 2693 syngrapha
750 2615 899 2690 quid
942 2615 1029 2676 sis
1076 2624 1323 2679 acturus
1345 2620 1638 2681 meditere
1667 2638 1916 2683 censeo.
2001 2623 2138 2683 Rex
2170 2622 2323 2683 enim

251 2696 393 2771 ipse
434 2714 547 2759 sua
582 2707 829 2775 sponte,
880 2700 1062 2760 nullis
1093 2702 1542 2764 commentariis
1573 2702 1885 2778 Caesaris,
1915 2705 2098 2767 simul
2143 2713 2321 2779 atquo
2426 2716 2427 2749 ³

256 2779 488 2841 audivit
519 2780 656 2843 eius
686 2780 1004 2855 interitum,
1037 2799 1151 2843 suo
1186 2784 1382 2847 Marte
1412 2801 1514 2845 res
1551 2802 1698 2847 suas
1733 2786 2137 2863 recuperavit.
2224 2788 2321 2849 96.
2426 2790 2427 2841 ὲ

248 2858 501 2957 Sciebat
544 2864 727 2925 homo
770 2866 1020 2941 sapiens
1068 2868 1165 2927 ius
1212 2883 1458 2943 semper
1497 2868 1618 2945 hoc
1644 2868 1871 2943 fuisse,
1905 2879 2002 2945 ut,
2044 2888 2206 2946 quae
2233 2880 2320 2948 ty·
2426 2914 2427 2949 3

248 2958 428 3003 ranm
452 2944 836 3020 eripuissent,
870 2966 943 3010 ea
971 2950 1249 3027 tyrannis
1277 2950 1611 3013 intersectis
1638 2950 1700 3024 ii,
1733 2953 1959 3027 quibus
1991 2962 2203 3028 erepta
2227 2970 2318 3013 es·
2426 2986 2427 2989 π

253 3034 409 3102 sent,
438 3039 891 3103 recuperarent.
978 3032 1169 3093 Nemo
1198 3033 1382 3109 igitur
1411 3035 1544 3096 iure
1572 3036 1912 3110 consultus,
1943 3053 2021 3096 ne
2051 3036 2170 3097 iste
2195 3033 2318 3112 qui-

250 3109 419 3181 dem,
452 3108 556 3184 qui
584 3109 690 3171 tibi
720 3112 825 3171 uni
855 3121 950 3174 est
977 3114 1109 3175 iure
1137 3120 1486 3191 consultuS,
1526 3134 1639 3193 per
1665 3134 1846 3195 quem
1875 3118 2030 3180 haec
2061 3120 2216 3193 agis,
2245 3135 2315 3179 ex

246 3190 369 3251 ista
408 3194 761 3270 syngrapha
802 3194 1010 3256 deberi
1068 3195 1215 3259 dicit
1255 3216 1366 3274 pro
1394 3199 1470 3259 iis
1499 3201 1716 3277 rebus,
1761 3218 1922 3276 quae
1963 3210 2138 3263 erant
2183 3209 2317 3262 ante

246 3276 665 3349 syngrapham
705 3286 1119 3350 recuperatae.
1218 3280 1353 3345 Non
1397 3282 1560 3341 enim
1597 3300 1636 3343 a
1669 3292 1730 3343 te
1760 3284 1930 3357 emit,
1975 3286 2090 3345 sed
2129 3283 2315 3359 prius,

248 3368 433 3425 quam
478 3364 545 3417 tu
588 3374 765 3417 suum
815 3358 931 3418 sibi
960 3361 1264 3423 venderes
1283 3407 1300 3436 ‚
1345 3363 1486 3438 ipse
1528 3366 1826 3439 possedit.
1913 3368 2022 3427 ille
2053 3365 2147 3427 vir
2180 3366 2288 3427 ruit
