2459 3817
270 183 349 245 96
728 176 804 235 IN
851 175 915 234 C.
955 174 1284 235 VERREM
1325 174 1494 233 Ac'r.
1523 174 1594 233 11.
1639 174 1783 234 LIB.
1816 175 1896 233 lv

277 316 491 391 nuntio
523 342 652 386 rem
676 326 1066 397 demonstrat,
1094 332 1277 398 negat
1296 324 1420 383 ullo
1447 324 1638 383 modo
1667 324 1800 382 fieri
1824 339 2036 397 posse.
2084 323 2204 384 XL.
2226 324 2317 387 86.

278 414 483 485 Atque
509 409 663 468 haec
691 440 777 453 -—
804 406 950 465 nihil
988 406 1145 466 enim
1175 404 1770 481 praetermittendum
1815 406 1894 465 de
1933 404 2110 467 istius
2139 405 2320 481 impu—

277 490 481 553 dentia
510 490 750 550 videtur
775 522 863 535 —-
894 488 1229 563 agebantur
1257 487 1317 546 in
1349 495 1670 561 conventu,
1702 489 1931 562 palam,
1965 488 2043 548 de
2078 490 2228 549 sella
2254 506 2322 549 ac

278 576 356 633 de
385 576 523 633 loco
555 570 891 647 superiore.
951 572 1107 631 Erat
1128 568 1322 629 hiems
1351 586 1614 641 summa,
1645 578 2008 645 tempestaS,
2038 578 2105 631 ut
2131 571 2320 646 ipsum

280 656 603 729 Sopatrum
632 654 835 714 dicere
860 652 1134 727 audistis,
1174 650 1520 727 perfrigida,
1563 651 1754 711 imber
1780 651 2112 728 maximuS,
2148 672 2321 729 quum

277 737 393 798 iste
422 737 678 811 imperat
706 734 1049 808 lictoribus»,
1079 742 1148 795 ut
1182 733 1506 808 Sopatrum
1539 734 1616 793 de
1645 733 1913 809 porticu,
1945 734 2004 794 in
2043 752 2164 809 qua
2195 736 2323 811 ipse

280 820 549 890 sedebat,
596 818 991 893 praecipitem
1031 817 1095 877 in
1142 819 1342 877 forum
1392 816 1678 877 deiiciant
1717 818 2070 892 nudumque
2109 818 2323 880 consti-

280 910 462 963 tuant.
518 901 642 959 Vix
672 907 801 961 erat
825 901 945 960 hoc
973 901 1153 975 plane
1183 898 1561 973 imperatum,
1595 916 1780 974 quum
1805 898 1972 959 illum
2006 900 2325 976 spoliatum

279 983 689 1059 stipatumque
716 982 1029 1045 lictoribus
1059 982 1322 1042 videres.
1389 980 1611 1041 Omnes
1640 982 1705 1041 id
1739 984 1871 1042 fore
1900 984 2220 1057 putabant,
2265 992 2328 1045 ut

278 1067 464 1126 miser
495 1074 680 1140 atque
713 1064 1011 1125 innocens
1040 1063 1229 1139 virgis
1267 1064 1650 1124 caederetur=
1689 1064 1898 1125 fefellit
1929 1064 2028 1124 hic
2055 1065 2325 1125 homines

280 1148 508 1223 opinio.
558 1146 765 1223 Virgis
798 1146 917 1208 iste
958 1147 1246 1208 caederet
1283 1146 1416 1207 sine
1461 1162 1651 1208 causa
1691 1148 1925 1207 socium
1967 1147 2179 1222 populi
2209 1149 2328 1208 Ro-

276 1232 439 1291 mani
460 1238 644 1306 atque
666 1229 969 1291 amicum?
994 1229 1127 1289 Non
1154 1245 1356 1303 usque
1382 1245 1458 1289 eo
1489 1238 1585 1289 est
1605 1228 1950 1305 improbuse
1979 1246 2103 1290 non
2133 1230 2328 1291 omnia

279 1324 422 1375 sunt
442 1313 503 1373 in
531 1329 654 1373 uno
682 1311 854 1374 vitia=
896 1328 1223 1386 numquam
1270 1310 1698 1372 ruit‘crudelis.
1759 1310 2000 1373 Leniter
2027 1312 2328 1373 hominem

278 1398 727 1467 clementerque
754 1396 1005 1469 accepit.
1050 1396 1390 1469 Equestres
1419 1402 1561 1453 sunt
1587 1392 1790 1454 medio
1824 1392 1888 1454 in
1921 1396 2053 1455 foro
2075 1394 2324 1457 Marcel·

276 1479 473 1538 lorum
515 1484 780 1549 statuae,
836 1475 993 1536 sicut
1047 1478 1174 1535 fere
1218 1475 1477 1536 caeteris
1527 1476 1590 1535 in
1639 1475 1888 1551 oppidis
1931 1476 2201 1537 Siciliae:
2255 1494 2327 1537 ex

280 1558 511 1634 quibus,
538 1558 655 1618 iste
691 1557 753 1617 C.
780 1557 1051 1617 Marcelli
1080 1565 1338 1618 statuam
1370 1558 1622 1633 delegit,
1654 1559 1828 1619 cuius
1852 1558 2056 1620 officia
2081 1558 2142 1619 in
2172 1559 2329 1621 illam

278 1640 580 1702 civitatem
606 1648 917 1715 totamque
938 1640 1316 1715 provinciam
1336 1640 1760 1701 recentissima
1781 1649 1952 1703 erant
1971 1649 2033 1701 et
2052 1644 2329 1703 maxima.

274 1726 340 1783 In
373 1740 446 1783 ea
472 1722 826 1797 Sopatrum,
868 1722 1172 1784 hominem
1204 1738 1389 1797 quum
1431 1722 1596 1784 domi
1640 1723 1905 1785 nobilem
1933 1731 2056 1785 tum
2098 1741 2331 1786 summo

276 1805 628 1881 magistratu
663 1805 1036 1881 praeditum,
1080 1804 1401 1867 divaricari
1430 1821 1504 1865 ac
1533 1806 1786 1881 deligari
1821 1806 2004 1869 iubet.
2067 1805 2168 1869 87.
2201 1808 2330 1881 Quo

279 1888 547 1949 cruciatu
580 1888 660 1948 sit
687 1890 963 1961 adfectus
1002 1887 1209 1949 venire
1237 1887 1297 1948 in
1327 1896 1588 1949 mentem
1620 1904 1880 1950 necesse
1911 1898 2006 1949 est
2033 1891 2334 1965 omnibuS‚

280 1988 465 2046 quum
494 1978 663 2031 esset
690 1970 928 2031 vinctus
956 1972 1155 2031 nudus
1177 1970 1238 2031 in
1263 1975 1421 2045 aere,
1447 1970 1510 2029 in
1533 1970 1728 2045 imbri,
1752 1973 1813 2031 in
1849 1973 2091 2046 frigore.
2124 1973 2334 2048 Neque

278 2062 474 2115 tamen
503 2051 643 2111 finis
673 2052 811 2112 huic
840 2052 1094 2113 iniuriae
1118 2052 1583 2127 crudelitatique
1605 2055 1806 2127 fiebat,
1841 2055 2039 2115 donec
2062 2057 2332 2131 populus

279 2143 463 2210 atque
486 2132 776 2194 universa
796 2134 1134 2209 multitud0,
1157 2136 1471 2196 atrocitate
1493 2136 1582 2196 rei
1605 2135 2148 2211 misericordiaque
2170 2152 2334 2199 com·

278 2227 463 2292 mota,
494 2225 775 2279 senatum
806 2218 1071 2277 clamore
1102 2216 1331 2293 coegit,
1361 2226 1426 2277 ut
1453 2216 1553 2277 isti
1583 2218 1974 2280 simulacrum
2003 2219 2150 2280 illud
2176 2221 2336 2280 Mer-

278 2300 428 2361 curii
456 2297 864 2375 polliceretur.
928 2298 1277 2360 Clamabant
1313 2301 1474 2371 fore,
1513 2308 1580 2360 ut
1618 2300 1738 2375 ipsi
1777 2318 1848 2361 se
1875 2300 1938 2361 di
1967 2302 2337 2363 immortales

274 2382 745 2444 ulciscerentur·
781 2380 1087 2453 hominem
1117 2382 1348 2444 interea
1371 2379 1570 2456 perire
1592 2382 1975 2444 innocentem
2000 2400 2122 2444 non
2154 2400 2339 2460 opor-

274 2475 422 2525 tere.
452 2464 601 2525 Tum
625 2464 919 2538 frequens
942 2472 1191 2526 senatus
1214 2466 1293 2524 ad
1316 2463 1498 2525 istum
1523 2464 1715 2526 venit=
1738 2466 2057 2540 pollicetur
2071 2465 2337 2541 signum.

274 2548 366 2608 Ita
388 2546 650 2641 Sopater
677 2546 757 2607 de
788 2554 987 2607 statua
1018 2547 1081 2607 C.
1110 2548 1396 2619 Marcelli,
1441 2564 1628 2621 quum
1657 2548 1776 2607 iam
1807 2565 2004 2623 paene
2035 2549 2339 2625 obriguis-

280 2636 401 2700 set,
441 2628 545 2687 vix
571 2628 752 2689 vivus
781 2630 1069 2689 aufertur.

442 2712 575 2772 Non
607 2728 863 2785 possum
892 2710 1191 2787 disposite
1220 2710 1398 2771 istum
1429 2729 1756 2787 accusare,
1789 2714 1842 2773 si
1873 2715 2143 2787 cupiam.
2176 2730 2341 2787 opus

277 2803 374 2854 est
406 2810 529 2854 non
559 2795 757 2855 solum
792 2793 1055 2868 ingenio,
1087 2810 1299 2853 verum
1331 2795 1508 2855 etiam
1537 2796 1794 2856 artificio
1828 2796 2094 2870 quodam
2128 2794 2341 2869 singu-

274 2874 404 2936 lari.
460 2876 610 2937 XLI.
656 2875 755 2938 88.
801 2877 1001 2937 Πιιιιιιι
1046 2876 1165 2936 hoc
1210 2877 1435 2935 crimen
1481 2876 1717 2939 videtur
1751 2893 1894 2938 esse
1935 2885 2068 2937 eta
2095 2892 2192 2937 me
2221 2894 2342 2952 pro

274 2975 397 3019 uno
425 2958 696 3033 ponitur,
744 2959 821 3018 de
858 2958 1158 3019 Mercurio
1188 2958 1630 3034 Tyndaritanoa
1674 2960 1849 3034 plura
1895 2968 2065 3033 sunt,
2109 2960 2224 3020 sed
2267 2974 2346 3019 ea

278 3056 400 3116 quo
445 3049 625 3116 pacto
660 3041 1033 3116 distinguere
1074 3057 1146 3101 ae
1192 3057 1482 3116 separare
1511 3042 1746 3116 possim
1788 3042 2021 3106 nescio,
2077 3042 2188 3102 Est
2227 3058 2346 3117 pe-

274 3122 587 3185 cuniarum
619 3131 948 3198 captarum,
981 3125 1149 3199 quod
1178 3123 1416 3199 signum
1439 3124 1516 3183 ab
1541 3123 1727 3185 sociis
1751 3125 2052 3199 pecuniae
2076 3139 2347 3199 magnae

275 3206 533 3270 sustulit.
565 3202 676 3266 Est
700 3207 1034 3281 peculatuS,
1062 3207 1228 3281 quod
1242 3206 1552 3282 publicum
1564 3206 1780 3282 populi
1791 3207 2049 3267 Romani
2073 3206 2346 3282 signum,

276 3288 354 3348 de
398 3290 627 3362 praeda
654 3289 919 3350 hostium
956 3297 1226 3365 captum,
1272 3289 1538 3365 pos-itum
1581 3288 1966 3363 imperatoris
1999 3288 2193 3350 nostri
2225 3305 2345 3349 no-

275 3368 463 3443 mine,
508 3387 631 3430 non
675 3371 969 3434 dubitavit
1010 3373 1268 3433 auferre.
1325 3372 1435 3433 Est
1473 3372 1832 3445 maiestatls‚
1881 3373 2048 3446 quod
2094 3368 2348 3447 imperii
