2459 3817
216 234 221 238 ι
299 136 422 201 238
810 140 893 203 m
917 142 983 203 L.
1018 140 1440 203 CATILINAM
1471 139 1754 201 ORATIO
1783 140 1885 201 111.

298 299 522 360 florere
563 296 904 356 voluerunt.
936 292 1195 371 '[Atque
1244 291 1384 353 illae
1423 300 1622 354 tamen
1656 308 1870 353 omnes
1913 287 2346 366 dissensiones,

216 422 223 429 -
300 397 553 459 quarum
583 380 748 439 nulla
786 374 1035 437 exitium
1064 375 1152 438 rei
1181 374 1468 452 publicae
1497 375 1832 453 quaesivit,
1873 374 2008 436 eius
2037 373 2202 435 modi
2229 377 2351 437 l'ue-

296 473 455 538 runt,
484 470 549 523 ut
576 478 696 522 non
724 458 1221 521 reconciliatione
1256 460 1656 531 concordiae,
1696 459 1810 521 sed
1838 456 2236 520 internicione
2267 458 2344 519 ci·

296 548 462 608 vium
492 544 858 606 diiudicatae
892 541 1056 620 sint.]
1087 544 1154 603 In
1183 543 1302 603 hoc
1333 551 1536 605 autem
1562 557 1686 603 uno
1718 549 1862 618 post
1892 540 2204 603 hominum
2231 558 2343 601 me-

298 630 550 690 moriam
586 626 850 688 maximo
882 626 1428 702 crudelissimoque
1457 626 1648 701 bello,
1705 626 1889 701 quale
1929 625 2154 685 bellum
2193 627 2349 685 nulla

299 728 585 787 umquam
608 709 891 771 barbaria
910 726 1045 770 cum
1067 726 1181 771 sua
1208 718 1390 784 gente
1419 708 1630 785 gessit,
1663 725 1786 785 quo
1807 709 1868 768 in
1897 708 2058 769 bello
2081 708 2346 769 lex'haee

300 796 410 858 ruit
436 812 475 855 a
500 796 773 868 Lentulo,
805 792 1077 868 Catilina,
1106 793 1393 867 Cethego,
1417 790 1630 853 Cassio
1663 790 2008 865 constituta,
2036 798 2103 853 ut
2125 806 2350 867 omnes,

300 879 403 956 qui
439 881 610 939 salva
640 879 793 938 urbe
824 875 979 937 salvi
1024 892 1167 937 esse
1208 883 1492 951 possent,
1546 874 1606 935 in
1648 874 1914 937 hostium
1955 890 2206 936 numero
2247 876 2350 935 du·

299 970 599 1035 cere-ntur,
646 960 730 1023 ita
758 976 855 1021 me
882 959 1083 1035 gessi,
1118 958 1411 1034 Quirites,
1440 967 1508 1020 ut
1534 958 1688 1019 salvi
1717 974 1934 1019 omnes
1961 974 2350 1019 conservare-

299 1046 472 1119 mini,
524 1054 616 1119 et,
666 1060 848 1121 quum
886 1044 1097 1103 hostes
1136 1043 1324 1103 vestri
1365 1050 1597 1104 tantum
1641 1040 1864 1104 civium
1907 1042 2350 1117 superfuturum

301 1136 639 1207 putassent,
669 1133 959 1204 quantum
991 1126 1264 1187 infinitae
1297 1125 1473 1187 caedi
1499 1127 1854 1199 restitisset,
1899 1132 2129 1185 tantum
2160 1133 2352 1201 autem

299 1212 487 1285 urbia,
523 1220 815 1287 quantum
847 1208 1091 1269 flamma
1120 1210 1293 1271 obire
1323 1227 1445 1271 non
1478 1208 1810 1285 potuisset,
1852 1214 1916 1269 et
1943 1208 2158 1269 urbem
2188 1216 2246 1269 et
2272 1207 2351 1267 ci-

297 1302 409 1358 ves·
438 1295 707 1369 integros
742 1292 1209 1368 incolumesque
1239 1292 1503 1354 servavi.

462 1378 561 1436 Xl.
606 1378 706 1437 26.
750 1375 983 1449 Quibus
1014 1392 1127 1451 pro
1156 1377 1340 1437 tantis
1373 1378 1589 1449 rebus,
1643 1374 1933 1452 Quirites,
1983 1376 2212 1436 nullum
2242 1390 2356 1449 ego

296 1478 335 1521 a
363 1459 543 1520 vobis
574 1458 912 1534 praemium
942 1457 1209 1531 virtutis,
1263 1460 1492 1519 nullum
1523 1457 1764 1533 insigne
1794 1456 2083 1533 honoriS,
2131 1458 2356 1519 nullum

296 1550 751 1603 monumentum
802 1543 1003 1603 laudis
1053 1544 1306 1619 postulo
1364 1550 1792 1619 praeterquam
1830 1544 2012 1604 huius
2073 1540 2195 1603 diei
2235 1558 2356 1602 me-

296 1626 549 1688 moriam
582 1625 1031 1701 sempiternam.
1120 1626 1188 1685 ln
1224 1627 1442 1688 anImIs
1485 1642 1606 1702 ego
1634 1627 1854 1693 vestris
1897 1640 2110 1686 omnes
2153 1622 2358 1686 trium-

298 1711 457 1786 phos
486 1726 692 1784 meoS,
737 1709 941 1771 omnia
980 1718 1334 1770 ornamenta
1362 1709 1646 1782 honoriS,
1687 1718 2082 1770 monumenta
2109 1707 2359 1783 gloriae,

298 1794 495 1855 laudis
526 1792 785 1871 insignia
816 1792 1001 1855 condi
1036 1801 1098 1855 et
1124 1792 1416 1855 collocari
1447 1794 1608 1854 volo.
1653 1792 1809 1853 Nihil
1841 1808 1940 1853 me
1969 1800 2198 1853 mutum
2227 1801 2360 1868 pot-

294 1887 391 1939 est
420 1880 754 1950 delectare,
796 1876 944 1937 nihil
988 1877 1266 1949 tacitum,
1309 1875 1455 1936 nihil
1487 1875 1753 1951 denique
1793 1877 1926 1937 eius
1953 1874 2152 1948 modi,
2193 1875 2363 1949 quod

296 1960 475 2021 etiam
508 1962 707 2021 minus
739 1961 905 2035 digni
937 1960 1195 2037 adsequi
1228 1959 1485 2035 possint.
1570 1958 1865 2021 Memoria
1896 1967 2132 2033 vestra,
2167 1956 2362 2032 Quiri-

293 2050 407 2114 teS,
438 2048 539 2103 res
571 2052 819 2105 nostrae
846 2044 1097 2117 alentur,
1136 2043 1522 2105 sermonibus
1553 2050 1848 2117 crescent,
1873 2041 2204 2105 litterarum
2233 2056 2360 2101 mo-

294 2124 597 2186 numentis
620 2125 1069 2186 inveterascent
1090 2135 1151 2187 et
1164 2127 1750 2187 corroborabunture
1772 2126 2178 2201 eamdemque
2201 2124 2365 2185 diem

294 2206 582 2283 intelligo,
622 2224 805 2283 quam
835 2225 1020 2283 spero
1050 2216 1358 2271 aeternam
1389 2210 1549 2285 sore,
1584 2218 1983 2285 propagatam
2020 2225 2166 2270 esse
2195 2217 2256 2269 et
2283 2206 2366 2265 ad

296 2295 553 2352 salutem
584 2291 756 2351 urbis
784 2301 845 2352 et
872 2290 953 2351 ad
982 2291 1332 2353 memoriam
1365 2294 1722 2354 consulatus
1756 2292 1894 2368 mei,
1929 2308 2183 2367 unoque
2213 2300 2366 2352 tem-

293 2392 445 2449 pore
478 2376 537 2434 in
586 2375 703 2435 hac
735 2390 803 2435 re
842 2373 1087 2449 publiea
1118 2377 1276 2436 duos
1313 2377 1481 2437 cives
1512 2376 1854 2449 exstitisse,
1903 2391 2164 2451 quorum
2209 2376 2368 2434 alter

294 2458 453 2516 fines
482 2456 669 2517 vestri
702 2454 940 2531 imperii
969 2474 1091 2517 non
1117 2466 1334 2532 terrae,
1365 2460 1478 2521 sed
1509 2459 1662 2521 caeli
1689 2458 2046 2535 regionibus
2078 2457 2367 2519 termina-

292 2548 399 2613 ret,
430 2540 581 2600 alter
608 2538 884 2600 eiusdem
906 2538 1139 2614 imperii
1171 2540 1540 2603 domicilium
1567 2544 1878 2619 sedesque
1907 2549 2199 2603 servaret.
2233 2540 2372 2599 XII.

291 2620 391 2685 27.
430 2622 555 2683 Sed
592 2624 879 2699 quoniam
908 2638 1115 2683 earum
1144 2640 1376 2700 rerum,
1408 2643 1564 2701 quas
1594 2642 1712 2701 ego
1743 2624 1941 2702 gessi,
1987 2639 2109 2682 non
2140 2625 2372 2682 eadem

293 2713 390 2766 est
418 2707 658 2767 fortuna
697 2714 882 2781 atque
920 2706 1201 2768 condicio
1237 2726 1394 2783 quae
1434 2708 1703 2784 illorum,
1759 2708 1864 2785 qui
1915 2713 2168 2767 externa
2199 2706 2372 2765 bella

290 2798 641 2862 gesserunt,
688 2790 857 2867 quod
903 2788 1049 2849 mihi
1084 2807 1221 2851 cum
1250 2791 1326 2853 iis
1362 2791 1691 2853 vivendum
1736 2805 1863 2865 est,
1919 2806 2079 2867 quos
2120 2786 2247 2849 vici
2293 2804 2376 2847 ac

292 2871 539 2945 subegi,
584 2872 683 2936 isti
712 2875 923 2935 hostes
952 2881 1055 2934 aut
1083 2873 1434 2937 interfectos
1463 2883 1568 2936 aut
1597 2892 1937 2951 oppressos
1966 2872 2378 2949 reliquerunt,

290 2962 561 3015 vestrum
584 2964 695 3029 est,
714 2955 995 3031 QuiriteS,
1028 2956 1083 3017 si
1146 2959 1364 3019 ceteris
1396 2960 1555 3019 facta
1577 2976 1689 3019 sua
1711 2968 1878 3019 recte
1901 2966 2182 3035 prosunt,
2219 2952 2379 3015 mihi

288 3054 427 3098 mea
458 3054 535 3099 ne
567 3040 811 3114 quando
844 3038 1048 3101 obsint
1074 3040 1420 3117 providere.
1451 3042 1688 3103 Mentes
1723 3040 1881 3102 enim
1910 3040 2227 3103 hominum
2257 3056 2377 3099 au-

292 3120 763 3183 dacissimorum
781 3124 1116 3184 sceleratae
1130 3140 1203 3185 ac
1235 3124 1504 3185 nefariae
1532 3140 1609 3185 ne
1638 3123 1818 3187 vobis
1841 3139 2070 3185 nocere
2102 3130 2380 3199 possent

290 3220 405 3279 ego
439 3204 709 3280 providi:
741 3221 819 3265 ne
849 3204 1000 3265 mihi
1025 3216 1288 3268 noceant
1314 3216 1586 3269 vestrum
1616 3216 1712 3269 est
1736 3205 2084 3284 providere.
2139 3205 2378 3281 Quam-

290 3305 489 3362 quam,
522 3287 802 3362 QuiriteS‚
837 3286 983 3348 mihi
1014 3288 1260 3364 quidem
1281 3288 1403 3363 ipsi
1422 3288 1570 3348 nihil
1598 3288 1832 3350 abistis
1857 3288 2200 3350 iamnoceri
2225 3296 2379 3365 pot-

292 3379 401 3428 est.
468 3372 753 3446 Magnum
791 3370 951 3431 enim
990 3370 1179 3431 estin
1220 3370 1400 3431 bonis
1445 3372 1846 3446 praesidium,
1893 3372 2061 3447 quod
2108 3370 2260 3431 mihi
2306 3368 2375 3430 in
