2459 3817
237 179 362 246 182
748 177 895 240 PRO
924 179 1005 241 M.
1033 177 1449 241 MARCELLO
1481 177 1783 242 ORATIO.

236 328 548 392 hominum
581 327 648 392 in
673 333 1116 392 contemnenda
1143 340 1339 394 morte
1366 330 1778 407 prudentianae
1808 329 1934 394 noli
1956 337 2169 393 nostre
2192 347 2301 408 pe·

233 415 428 477 riculo
469 429 612 474 esse
669 413 938 488 sapiens.
1037 414 1241 490 Saepe
1284 416 1445 476 enim
1484 413 1646 476 venit
1678 416 1759 476 ad
1782 431 1963 476 aures
2014 431 2215 488 meas,
2240 425 2301 476 te

233 497 399 558 idem
432 497 594 558 istud
627 495 804 556 nimis
833 497 1048 559 crebro
1077 498 1283 558 dicere
1306 497 1420 558 tibi
1448 499 1600 558 satis
1633 505 1697 560 te
1730 498 1982 558 vixisse.
2070 498 2298 558 Credoe

235 581 350 640 sed
377 579 600 642 tumid
629 578 935 652 audirem,
976 579 1033 641 si
1061 580 1170 641 tibi
1204 580 1325 641 soli
1351 581 1591 640 viveres
1624 588 1727 642 aut
1752 580 1809 642 si
1838 580 1943 642 tibi
1974 579 2153 642 etiam
2182 581 2301 642 soli

232 671 412 724 natus
440 677 857 741 essesznunc,
867 679 1052 739 quum
1081 662 1348 725 omnium
1368 664 1623 724 salutem
1653 662 1873 724 civium
1896 671 2300 738 cunctamque

235 760 364 804 rem
406 744 714 819 publicam
749 759 850 806 res
891 755 1032 808 tuae
1059 753 1271 821 gestae
1300 747 1659 821 complexae
1677 753 1843 819 sunt,
1878 754 2108 808 tantum
2146 747 2299 806 abes

238 845 278 886 a
307 826 680 902 perfectione
721 828 1122 890 maximorum
1155 844 1439 904 operum,
1490 838 1559 891 ut
1600 829 1990 890 fundamenta
2029 829 2297 890 nondum

234 925 394 984 quae
422 909 658 984 cogitas
709 909 950 972 ieceriS.
1035 911 1147 971 Hic
1187 921 1254 973 tu
1278 912 1525 973 modum
1572 913 1729 973 vitae
1771 921 1911 972 tuae
1942 927 2067 973 non
2096 915 2297 972 salute

231 995 320 1054 rei
354 994 676 1068 publicae,
708 994 819 1054 sed
853 994 1155 1070 aequitate
1187 993 1371 1054 animi
1403 993 1705 1055 definies?
1730 993 1904 1069 Quid,
1940 996 1993 1055 si
2022 995 2189 1056 istud
2220 1010 2298 1054 ne

233 1075 469 1150 gloriae
505 1083 646 1137 tuae
687 1076 930 1151 quidem
987 1077 1136 1138 satis
1178 1085 1315 1138 est?
1366 1078 1539 1138 cuius
1580 1087 1639 1138 te
1681 1093 1825 1138 esse
1857 1076 2297 1151 avidissimum,

234 1157 516 1232 quamvis
555 1160 645 1220 sis
675 1158 958 1234 sapiens,
1003 1177 1124 1222 non
1154 1161 1426 1234 negabis.
1512 1161 1612 1222 26.
1641 1161 1941 1221 Parumne
1967 1160 2166 1236 igitur,
2202 1160 2297 1218 in-

235 1241 432 1316 quies,
461 1242 713 1316 gloriam
742 1259 1024 1318 magnam
1045 1243 1502 1318 relinquemus?
1534 1245 1722 1302 Immo
1756 1259 1902 1303 vero
1924 1243 2062 1304 aliis
2086 1257 2297 1318 quam-

231 1325 329 1384 vis
367 1323 572 1386 multis
599 1324 784 1398 satis,
815 1324 924 1386 tibi
951 1324 1058 1386 uni
1086 1341 1321 1400 parum.
1406 1325 1715 1400 Quidquid
1742 1335 1838 1386 est
1864 1325 2057 1399 enim,
2088 1341 2297 1401 quam·

233 1405 330 1466 vis
360 1408 626 1481 amplum
651 1408 750 1478 sit,
769 1405 834 1468 id
857 1416 954 1468 est
975 1415 1142 1467 certe
1164 1424 1381 1482 parum
1406 1417 1547 1480 tum,
1569 1425 1753 1482 quum
1784 1416 1880 1468 est
1910 1407 2145 1484 aliquid
2171 1423 2297 1468 am·

237 1487 423 1564 plius.
519 1488 698 1560 Quod
737 1488 794 1549 si
819 1505 1018 1549 rerum
1051 1497 1285 1550 tuarum
1314 1490 1765 1564 immortalium,
1801 1491 1869 1566 v(3.
1902 1491 2155 1563 Caesar,
2197 1492 2299 1552 hic

232 1571 435 1632 exitus
465 1571 704 1633 futurus
728 1571 857 1646 ruit,
885 1581 954 1634 ut
979 1571 1235 1633 devictis
1256 1573 1629 1634 adversariis
1646 1589 1773 1634 rem
1799 1573 2102 1649 publicam
2123 1573 2183 1634 in
2220 1591 2297 1636 eo

233 1661 395 1716 statu
424 1655 835 1730 relinqueres,
866 1655 928 1715 in
965 1672 1088 1730 quo
1121 1670 1282 1717 nunc
1310 1664 1435 1730 est,
1464 1656 1638 1730 vide,
1664 1673 1929 1732 quaeso,
1962 1674 2041 1718 ne
2072 1667 2179 1718 tua
2207 1657 2298 1716 di-

233 1737 376 1798 vina
417 1737 612 1801 virtus
648 1738 1066 1801 admirationis
1113 1740 1254 1814 plus
1294 1739 1373 1800 sit
1414 1738 1693 1800 habitura
1724 1757 1905 1815 quam
1934 1740 2199 1816 gloriam
2244 1740 2297 1800 si

236 1822 483 1896 quidem
533 1823 728 1897 gloria
774 1831 872 1883 est
920 1821 1169 1882 illustris
1215 1837 1291 1882 ac
1334 1832 1665 1898 pervagata
1700 1838 2055 1898 magnorum
2098 1825 2197 1883 vel
2238 1825 2297 1884 in

235 1922 386 1968 suos
415 1906 559 1967 vel'
538 1923 602 1966 m
633 1905 886 1980 patriam
927 1905 1024 1966 vel
1053 1906 1132 1964 in
1163 1921 1345 1966 omne
1368 1922 1565 1979 genus
1592 1905 1902 1966 hominum
1932 1908 2093 1966 fama
2120 1907 2297 1966 meri-

234 1997 452 2049 torum.
536 1989 634 2066 IX.
681 1987 783 2050 27.
823 1989 990 2048 Haec
1029 1986 1210 2062 igitur
1238 1987 1344 2049 tibi
1370 1987 1607 2063 reliqua
1638 2003 1783 2064 pars
1812 1997 1935 2050 est.
1975 1989 2077 2048 hie
2107 1997 2299 2050 restat

250 2079 458 2143 actm,
509 2088 570 2130 ιιι
614 2070 734 2130 hoc
779 2072 1220 2132 elaborandum
1266 2079 1391 2142 est,
1444 2081 1514 2132 ut
1555 2086 1683 2131 rem
1728 2070 2035 2146 publicam
2078 2069 2309 2129 consti-

249 2162 421 2226 tuaS‚
451 2168 662 2226 eaque
708 2163 776 2215 tu
819 2155 878 2214 in
903 2155 1124 2231 primis
1157 2159 1400 2217 sum'ma
1427 2153 1865 2230 tranquillitate
1904 2159 1973 2212 et
2010 2150 2135 2212 otio
2166 2167 2309 2228 per-

247 2198 487 2302 frasne..
519 2244 644 2298 tum
673 2243 760 2307 te,
807 2237 862 2295 si
889 2238 1096 2308 voles„
1141 2253 1327 2311 quum
1357 2235 1589 2310 patriae
1616 2234 1784 2309 quod
1815 2235 2009 2294 debes
2041 2234 2312 2294 solveris

245 2329 306 2382 et
333 2329 604 2380 naturam
640 2318 836 2394 ipsam
873 2319 1225 2394 expleveris
1268 2319 1543 2379 satietate
1572 2317 1853 2391 vivendi,
1894 2315 2045 2378 satis
2084 2315 2195 2377 diu
2222 2316 2312 2375 vi-

244 2404 416 2465 xisse
460 2401 665 2464 dicito.
750 2402 906 2475 Quid
945 2404 1104 2462 enim
1137 2411 1232 2464 est
1260 2401 1503 2463 omnino
1532 2401 1653 2461 hoc
1678 2399 1885 2476 ipsum
1914 2400 2049 2473 diu,
2086 2399 2151 2458 in
2184 2415 2313 2474 quo

244 2494 341 2548 est
395 2483 626 2558 aliquid
675 2493 1012 2546 extremum
1025 2493 1064 2543 ².
1095 2486 1266 2559 quod
1310 2501 1499 2560 quum
1538 2485 1734 2564 venit,
1784 2483 1979 2546 omnis
2018 2485 2312 2558 voluptas

243 2567 570 2645 praeterita
598 2583 709 2642 pro
739 2567 925 2628 nihilo
956 2578 1068 2641 est,
1101 2570 1247 2642 quia
1278 2576 1497 2643 postea
1523 2569 1691 2626 nulla
1711 2575 1805 2628 est
1828 2567 2043 2627 futura.
2072 2566 2313 2639 '‘Quam-

245 2669 427 2728 quam
459 2651 576 2714 iste.
608 2659 746 2712 tuus
775 2650 1011 2712 animus
1041 2667 1371 2726 numquam
1398 2651 1495 2709 his
1526 2649 1855 2723 angustiis,
1898 2663 2051 2724 quas
2097 2656 2313 2708 natura

243 2735 422 2796 nobis
451 2737 530 2796 ad
561 2733 891 2795 vivendum
921 2733 1117 2806 dedit,
1159 2741 1481 2795 contentus
1512 2731 1657 2806 tuit,
1692 2747 1937 2806 semper
1964 2731 2315 2792 immortali-

243 2819 383 2880 tatis
427 2834 634 2882 amore
673 2815 996 2894 flagravit.
1055 2816 1156 2878 28.
1200 2817 1327 2877 Nec
1370 2832 1517 2877 vero
1554 2815 1712 2875 haec
1742 2815 1846 2876 tua
1874 2813 2002 2874 vita
2030 2813 2317 2874 ducenda

243 2910 368 2972 est,
418 2919 576 2976 quae
617 2915 876 2976 corpore
917 2909 978 2962 et
1025 2899 1241 2975 spiritu
1287 2897 1642 2959 continetur.
1726 2899 1865 2972 llla,
1894 2896 2179 2971 inquam,
2212 2894 2319 2954 illa

195 3025 199 3030 «
243 2985 370 3044 vita
391 2993 487 3044 est
507 2993 626 3059 tua,
657 3001 816 3061 quae
840 2983 1066 3058 vigebit
1089 2983 1378 3042 memoria
1398 2982 1783 3042 saeculorum
1807 2979 2090 3052 omnium,
2124 2994 2319 3053 quam

244 3069 576 3144 posteritas
605 3069 742 3139 alet,
774 3083 956 3140 quam
983 3065 1123 3140 ipsa
1156 3063 1482 3126 aeternitas
1510 3080 1757 3139 semper
1788 3061 2072 3124 tuebitur.
2158 3060 2323 3120 Huic

244 3160 310 3212 tu
335 3150 658 3223 inservias,
689 3149 832 3210 huic
857 3157 918 3210 te
948 3155 1220 3209 ostentes
1254 3155 1529 3221 oportet,
1532 3163 1709 3243 oquae
1738 3146 1982 3221 quidem
2002 3159 2177 3218 quae
2204 3142 2321 3202 mi·

173 3231 184 3244 ⁶
241 3242 408 3294 retur
436 3233 554 3292 iam
577 3231 812 3306 pridem
841 3232 1032 3290 multa
1049 3230 1263 3290 habet:
1284 3245 1445 3290 nunc
1469 3228 1649 3290 etiam
1672 3245 1832 3304 quae
1854 3229 2061 3288 laudet
2085 3241 2323 3300 exspe-

243 3321 384 3387 ctat.
471 3315 920 3388 obstupescent
947 3313 1178 3387 posteri
1211 3320 1375 3372 certe
1408 3311 1691 3386 imperia,
1738 3309 2122 3386 provincias,
2154 3309 2337 3369 Rhe-

244 3411 384 3454 aum
401 3441 420 3465 ,
465 3396 770 3458 Oceanum
785 3441 801 3468 ,
843 3395 1072 3469 Nilum,
1110 3409 1353 3471 pugnas
1382 3393 1881 3468 innumerabiles,
1924 3391 2331 3470 incredibiles
