2459 3817
321 187 404 249 m
422 188 488 248 L.
510 186 929 248 CATILINAM
953 186 1238 248 ORATIO
1261 187 1334 246 11.
1394 184 1558 246 cAP.
1584 195 1633 251 l.
1654 195 1707 248 2.
1752 191 1804 256 s.
1830 194 1998 250 1-3.
2094 187 2221 252 219

311 371 358 430 Ι.
403 370 462 433 1.
521 336 807 432 Tandem
843 368 1194 446 aliquando,
1230 368 1508 443 QuiriteS,
1543 368 1611 429 L.
1642 367 1973 444 Catilinam,
2007 371 2212 432 ruren-

137 465 265 518 tem
294 452 571 529 audacia,
605 454 812 514 scelus
840 453 1243 524 anhelantem,
1287 461 1525 528 pestem
1555 453 1788 528 patriae
1816 449 2047 514 nefarie
2080 469 2210 545 mo-

139 539 414 609 lientem,
449 534 630 599 vobis
664 543 848 612 atque
875 535 1017 597 huic
1048 534 1184 596 urbi
1219 536 1443 594 ferrum
1472 533 1903 612 flammamque
1931 535 2211 598 minitan-

137 630 282 694 tem,
298 635 378 682 ex
399 621 550 700 urbe
561 619 662 681 vel
686 618 980 680 eiecimus
998 620 1097 677 vel
1122 615 1435 678 emisimus
1460 620 1557 678 vel
1582 617 1783 694 ipsum
1798 618 2213 694 egredientem

136 705 347 766 verbis
368 701 682 780 prosecuti
707 719 937 763 sumus.
991 699 1178 774 Abiit,
1213 699 1501 774 excessit,
1532 702 1746 776 evasit,
1781 701 1999 778 erupit.
2036 703 2213 764 Nulla

139 790 262 849 iam
303 786 611 863 pernicies
641 803 679 846 a
715 793 991 847 monstro
1021 784 1125 845 illo
1170 792 1357 860 atque
1388 783 1671 860 prodigio
1707 785 2026 847 moenibus
2054 785 2212 862 ipsis

137 871 298 934 intra
337 869 582 932 moenia
619 865 1091 945 comparabitur.
1154 869 1361 942 Atque
1400 867 1563 928 hunc
1596 866 1844 943 quidem
1878 885 2067 931 unum
2100 869 2209 930 hu·

139 955 238 1016 ius
265 952 411 1016 belli
454 951 775 1015 domestici
813 953 1032 1012 ducem
1075 948 1209 1011 sine
1254 952 1675 1012 controversia
1718 952 1993 1012 vicimus.
2077 950 2212 1011 Non

140 1037 302 1098 enim
348 1039 471 1097 iam
519 1035 675 1096 inter
716 1035 907 1097 latera
954 1041 1168 1096 nostra
1210 1032 1341 1096 sica
1388 1035 1493 1094 illa
1544 1033 1914 1096 versabiture
1970 1051 2097 1094 non
2147 1033 2211 1094 in

141 1136 398 1196 camp0,
427 1135 553 1178 non
585 1117 648 1177 in
675 1118 842 1184 foro,
877 1133 1001 1177 non
1034 1117 1098 1177 in
1131 1117 1329 1192 curia,
1363 1133 1487 1178 non
1517 1115 1785 1192 denique
1819 1117 1975 1179 intra
2003 1118 2211 1179 dome·

141 1206 333 1265 sticos
366 1199 632 1276 parietes
653 1201 1224 1278 perhorrescemus.
1260 1200 1428 1264 Loco
1469 1200 1571 1261 ille
1612 1210 1815 1262 motus
1855 1209 1981 1274 est,
2025 1217 2212 1276 quum

141 1295 241 1348 est
285 1300 368 1344 ex
407 1282 560 1343 urbe
683 1284 919 1356 pulsus.
995 1285 1198 1344 Palam
1241 1282 1359 1343 iam
1402 1300 1540 1344 cum
1577 1283 1757 1345 hoste
1804 1285 1969 1345 nullo
2020 1281 2212 1359 impe·

143 1369 349 1430 diente
386 1366 610 1426 bellum
629 1363 900 1440 [iustum]
916 1383 1218 1442 geremus.
1280 1366 1426 1428 Sine
1466 1365 1653 1430 dubio
1694 1365 2073 1442 perdidimus
2102 1368 2213 1428 ho·

141 1451 366 1515 minem
408 1448 855 1526 magnificeque
894 1449 1186 1526 vicimus,
1231 1467 1417 1524 quum
1455 1449 1624 1511 illum
1655 1465 1732 1510 ex
1774 1449 2029 1512 occultis
2064 1449 2213 1513 insi·

141 1535 261 1596 diis
288 1536 352 1594 in
393 1541 672 1609 apertum
699 1534 1079 1594 latrocinium
1120 1532 1513 1600 coniecimuS.
1602 1533 1661 1595 2.
1708 1534 1881 1610 Quod
1908 1551 2057 1596 vero
2087 1550 2221 1603 non,

142 1625 457 1680 cruentum
498 1632 882 1693 mucronem,
929 1622 999 1677 ut
1046 1615 1266 1690 voluit,
1315 1617 1557 1690 extulit,
1612 1618 1779 1692 quod
1829 1615 1985 1678 vivis
2030 1617 2212 1678 nobis

142 1717 436 1778 egressus
477 1707 603 1775 est,
653 1699 823 1775 quod
862 1698 920 1760 ei
955 1701 1179 1760 sermm
1211 1717 1249 1760 e
1278 1699 1560 1761 manibus
1596 1697 1998 1771 extorsimuS,
2044 1700 2213 1775 quod

140 1784 479 1846 incolumes
512 1783 714 1855 cives,
759 1783 926 1856 quod
957 1790 1210 1843 stantem
1252 1783 1465 1844 urbem
1495 1780 1767 1855 reliquit,
1817 1789 2043 1857 quanto
2084 1791 2212 1843 tan·

142 1870 284 1930 dem
320 1867 488 1928 illum
529 1881 808 1928 maerore
849 1881 992 1926 esse
1033 1864 1347 1926 adflictum
1393 1872 1455 1926 et
1505 1861 1895 1941 profligatum
1945 1863 2216 1940 putatis*

140 1955 306 2013 Iacet
334 1952 436 2012 ille
465 1965 628 2012 nunc
656 1955 1125 2025 prostratusque
1161 1956 1257 2009 est
1301 1956 1362 2010 et
1411 1965 1481 2008 se
1511 1949 1861 2023 perculsum
1892 1955 2077 2022 atque
2107 1948 2207 2008 ab·

140 2035 365 2097 iectum
412 2048 558 2094 esse
607 2031 791 2094 sentit
836 2041 897 2093 et
935 2039 1251 2108 retorquet
1301 2033 1517 2093 oculos
1563 2031 1841 2106 profecto
1896 2047 2087 2107 saepe
2132 2031 2215 2092 ad

143 2119 302 2179 hanc
330 2117 561 2190 urbem,
602 2131 786 2194 quam
817 2131 853 2175 e
880 2117 1010 2177 suis
1035 2115 1313 2178 faucibus
1342 2121 1615 2190 ereptam
1650 2130 1793 2176 esse
1820 2114 2015 2190 luget:
2050 2130 2213 2190 quae

143 2201 392 2278 quidem
419 2201 638 2266 laetari
665 2200 812 2263 mihi
835 2197 1106 2274 videtur,
1149 2199 1319 2276 quod
1350 2206 1575 2260 tantam
1609 2205 1846 2274 pestem
1876 2196 2220 2259 evomuerit

144 2285 439 2360 forasque
468 2281 813 2358 proiecerit.

312 2415 385 2474 11.
415 2413 476 2475 3.
517 2415 610 2475 Ae
637 2413 693 2477 si
723 2411 864 2490 quis
891 2422 989 2477 est
1015 2413 1172 2488 taliS,
1205 2417 1421 2490 quales
1444 2429 1665 2477 omnes
1691 2429 1840 2479 esse
1870 2412 2209 2489 oportebat,

143 2496 254 2577 qui
283 2496 344 2559 in
373 2497 493 2560 hoc
520 2497 680 2574 ipso,
711 2496 776 2558 in
805 2515 930 2574 quo
960 2500 1226 2560 exsultat
1252 2508 1315 2560 et
1349 2498 1675 2574 triumphat
1702 2496 1895 2560 oratio
1928 2511 2083 2570 mea,
2114 2512 2212 2556 me

143 2583 536 2644 vehementer
563 2591 847 2656 accuset,
891 2583 1060 2656 quod
1097 2589 1219 2642 tam
1249 2580 1570 2658 capitalem
1611 2582 1853 2642 hostem
1882 2596 2004 2641 non
2046 2595 2211 2642 com-

143 2663 572 2742 prehenderim
600 2666 806 2740 potius
839 2681 1024 2741 quam
1052 2663 1387 2738 emiserim,
1423 2682 1549 2726 non
1577 2672 1673 2725 est
1699 2663 1819 2726 ista
1846 2678 1983 2725 mea
2012 2663 2213 2738 culpa,

146 2749 262 2810 sed
313 2757 677 2824 temporum.
763 2749 1155 2809 interfectum
1207 2764 1351 2809 esse
1400 2747 1470 2810 L.
1511 2745 1825 2808 Catilinam
1875 2755 1937 2808 et
1976 2745 2206 2824 gravis·

143 2831 302 2894 simo
336 2830 644 2908 supplicio
673 2831 980 2893 adfectum
1017 2830 1138 2892 iam
1175 2830 1411 2907 pridem
1439 2830 1789 2906 oportebat,
1830 2830 2019 2907 idque
2047 2847 2085 2892 a
2113 2845 2212 2890 me

141 2923 206 2977 et
249 2931 389 2977 mos
429 2915 726 2975 maiorum
771 2922 834 2976 et
873 2912 1056 2976 huius
1101 2912 1343 2990 imperii
1386 2911 1684 2975 severitas
1723 2922 1785 2976 et
1821 2931 1925 2975 res
1965 2911 2213 2990 publica

142 2999 514 3074 postulabat.
585 2997 712 3060 Sed
753 3014 938 3074 quam
967 2998 1192 3059 multos
1233 2997 1429 3059 tuisse
1465 2995 1690 3074 putatis
1738 2997 1846 3073 qui
1887 3014 2047 3073 quae
2093 3011 2210 3070 ego

144 3081 448 3143 deferrem
481 3097 606 3142 non
639 3082 1000 3142 crederent?
1028 3099 1208 3156 quam
1232 3082 1457 3143 multos
1488 3079 1593 3158 qui
1623 3090 1875 3156 propter
1902 3077 2214 3142 stultitiam

144 3180 268 3226 non
307 3171 636 3243 putarent?
683 3181 866 3239 quam
907 3165 1132 3225 multos
1177 3164 1283 3241 qui
1328 3164 1505 3226 etiam
1542 3165 1980 3226 defenderent?
2029 3175 2212 3236 quam

144 3249 369 3310 multos
417 3247 525 3325 qui
564 3257 820 3324 propter
863 3246 1311 3324 improbitatem
1342 3249 1656 3310 faverent?
1720 3249 1815 3308 Ac
1849 3248 1902 3308 si
1931 3245 2035 3306 illo
2067 3242 2209 3304 sub·

143 3331 268 3392 lato
297 3331 524 3408 depelli
552 3348 593 3391 a
627 3328 805 3395 vobis
847 3347 1028 3393 omne
1057 3331 1394 3407 periculum
1421 3330 1781 3402 iudicarem,
1832 3330 1951 3389 iam
1977 3326 2211 3403 pridem

143 3429 261 3490 ego
281 3415 350 3476 L.
377 3413 690 3475 Catilinam
712 3431 838 3475 non
868 3415 1055 3476 modo
1084 3413 1351 3476 invidiae
1383 3429 1574 3488 meae,
1610 3428 1817 3472 verum
1842 3410 2021 3472 etiam
2052 3406 2215 3472 vitae
