2459 3817
262 150 348 216 32
375 95 395 110 ‘
760 152 906 214 PRO
934 152 1228 214 ARCHIA
1255 149 1502 213 POETA
1531 150 1833 212 ORATlo.

270 321 393 367 non
439 301 664 365 infitior
708 302 1093 365 mediocriter
1130 319 1273 364 esse
1312 310 1652 375 versatum,
1695 310 1799 363 aut
1838 300 1892 363 si
1930 299 2193 363 huiusce
2237 302 2330 361 rei

268 387 419 449 ratio
452 386 656 463 aliqua
680 385 757 445 ab
799 384 1157 460 optimarum
1197 383 1412 446 artium
1457 386 1673 446 studiis
1707 400 1780 444 ac
1815 383 2140 460 disciplina
2183 400 2331 460 pro·

269 472 459 539 fecta,
495 485 534 528 a
567 484 689 544 qua
718 483 835 543 ego
866 469 1095 529 nullum
1136 469 1432 528 confiteor
1464 467 1678 528 aetatis
1719 483 1892 528 meae
1935 476 2176 543 tempus
2218 468 2323 527 ab-

268 549 601 624 horruisse,
630 567 833 610 carum
858 567 1062 613 rerum
1093 549 1358 612 omnium
1391 551 1487 610 vel
1512 549 1572 609 in
1604 550 1812 625 primis
1842 549 1940 610 hic
1960 552 2035 609 A.
2056 549 2332 611 Licinius

270 636 530 695 fructum
566 649 605 692 a
642 649 739 693 me
778 642 1055 708 repetere
1097 649 1292 709 prope
1338 648 1451 694 suo
1499 633 1627 692 iure
1667 633 1866 692 debet.
1928 632 2076 690 Nam
2119 633 2334 706 quoad

271 714 625 790 longissime
680 722 884 790 potest
931 732 1105 778 mens
1158 733 1294 776 mea
1343 714 1652 789 respicere
1703 715 1964 789 spatium
2019 713 2332 788 praeteriti

269 797 562 872 temporis
590 807 651 859 ct
682 796 973 874 pueritiae
1004 797 1356 860 memoriam
1383 797 1692 858 recordari
1721 797 1984 857 ultimam
2002 843 2016 868 ‚
2049 797 2194 856 inde
2223 814 2330 856 us-

270 898 393 957 que
420 890 703 955 repetens
734 881 895 942 hunc
930 883 1107 943 video
1135 881 1280 941 mihi
1310 879 1645 957 principem
1679 880 1844 940 etad
1869 877 2329 954 suscipiendam

268 975 331 1027 et
375 965 453 1023 ad
492 962 947 1038 ingrediendam
994 963 1288 1024 rationem
1339 964 1554 1023 horum
1600 963 1934 1023 studiorum
1993 961 2328 1023 exstitisse.

267 1045 444 1120 Quod
473 1044 528 1106 si
560 1045 711 1106 haec
753 1062 907 1120 voX,
949 1045 1129 1107 huius
1169 1046 1409 1106 hortatu
1439 1044 1908 1120 praeceptisque
1947 1045 2328 1105 conformata

268 1146 388 1189 non
427 1127 606 1190 nullis
643 1127 971 1204 aliquando
1014 1130 1191 1190 saluti
1243 1129 1378 1200 fuit,
1441 1145 1479 1188 a
1518 1145 1640 1203 quo
1698 1126 1762 1187 id
1804 1126 2152 1203 accepimus
2199 1143 2326 1202 quo

268 1211 493 1270 ceteris
556 1210 835 1286 opitulari
878 1218 941 1272 et
978 1210 1135 1273 alios
1171 1226 1424 1274 servare
1457 1226 1816 1285 possemuS,
1861 1209 2001 1270 huic
2045 1211 2326 1285 profecto

271 1289 417 1366 ipsi,
448 1299 747 1366 quantum
770 1301 867 1354 est
894 1293 1071 1354 situm
1106 1294 1166 1352 in
1207 1292 1414 1364 nobiS,
1453 1301 1513 1353 et
1542 1306 1719 1367 opem
1763 1303 1823 1352 et
1865 1294 2120 1354 salutem
2164 1293 2328 1353 serre

268 1373 588 1437 debemus,
638 1377 699 1445 2.
740 1374 833 1434 Ac
863 1391 940 1435 ne
980 1375 1118 1450 quis
1151 1392 1189 1435 a
1218 1375 1394 1436 nobis
1427 1374 1545 1434 hoc
1588 1374 1670 1435 ita
1709 1373 1828 1435 dici
1868 1377 2022 1438 forte
2055 1375 2323 1446 miretur,

271 1457 435 1530 quod
466 1458 584 1518 alia
634 1458 934 1535 quaedam
981 1459 1040 1517 in
1083 1459 1201 1518 hoc
1243 1459 1498 1518 facultas
1541 1456 1622 1519 sit
1660 1457 1884 1533 ingenii
1927 1475 2128 1533 neque
2167 1458 2326 1518 haec

268 1537 510 1599 dicendi
536 1542 690 1605 ratio
723 1546 829 1601 aut
864 1538 1215 1614 disciplina,
1257 1556 1334 1600 ne
1374 1557 1489 1601 nos
1523 1539 1765 1613 quidem
1797 1539 1936 1600 huic
1983 1541 2085 1601 uni
2114 1541 2322 1602 studio

268 1621 511 1696 penitus
542 1638 825 1696 umquam
868 1622 1055 1684 dediti
1092 1623 1333 1684 fuimus.
1390 1622 1628 1683 Etenim
1669 1639 1879 1683 omnes
1921 1632 2112 1694 arteS,
2159 1639 2322 1698 quae

268 1703 346 1764 ad
377 1703 802 1765 humanitatem
832 1706 1157 1780 pertinent,
1193 1707 1418 1767 habent
1440 1705 1746 1780 quoddam
1769 1721 2087 1766 commune
2109 1705 2320 1766 vincu-

264 1789 389 1848 lum
422 1796 482 1848 et
516 1786 691 1862 quasi
725 1788 1089 1864 cognatione
1119 1791 1380 1864 quadam
1410 1787 1566 1850 inter
1599 1804 1670 1848 se
1699 1787 2098 1849 confinentur.
2152 1789 2228 1846 11.
2258 1788 2316 1848 3.

268 1869 388 1929 Sed
421 1885 497 1929 ne
537 1869 636 1931 cui
674 1879 943 1932 vestrum
971 1873 1183 1934 mirum
1223 1887 1367 1933 esse
1405 1871 1684 1932 videatur
1721 1886 1818 1931 me
1856 1870 1920 1930 in
1960 1870 2320 1946 quaestione

258 1950 529 2026 legitima
556 1951 703 2013 etin
735 1953 962 2014 iudicio
990 1955 1266 2029 publico,
1315 1971 1500 2029 quum
1542 1969 1642 2014 res
1683 1962 1895 2028 agatur
1934 1956 2096 2029 apud
2117 1969 2123 1974 ·
2145 1969 2318 2029 prae-

261 2043 453 2095 torem
484 2035 695 2109 populi
723 2037 1007 2108 Romani,
1036 2036 1428 2097 lectissimum
1461 2037 1687 2111 virum,
1716 2045 1778 2096 et
1803 2038 1968 2111 apud
1999 2037 2317 2098 severissi-

264 2131 399 2174 mos
429 2114 693 2186 iudIces,
725 2123 889 2177 tanto
921 2127 1225 2178 conventu
1252 2119 1560 2179 hominum
1588 2134 1662 2179 ac
1692 2120 2058 2194 frequentia,
2091 2120 2211 2180 hoc
2234 2117 2317 2181 uti

265 2213 487 2272 genere
519 2197 780 2274 dicendi,
805 2200 971 2273 quod
1002 2217 1121 2260 non
1157 2201 1339 2261 modo
1383 2217 1421 2261 a
1456 2200 1897 2263 consuetudine
1937 2203 2314 2274 iudiciorum,

262 2296 473 2340 verum
501 2279 680 2340 etiam
717 2297 757 2340 a
788 2281 1019 2343 rorensi
1053 2298 1333 2344 sermone
1374 2284 1723 2356 abhorreat,
1767 2301 1999 2359 quaeso
2043 2303 2079 2346 a
2109 2284 2313 2358 vobiS,

262 2362 415 2423 utin
445 2362 559 2422 hac
586 2377 774 2423 causa
803 2363 947 2423 mihi
975 2364 1131 2425 detis
1160 2365 1315 2426 hanc
1342 2365 1602 2440 veniam,
1631 2369 2147 2428 accommodatam
2176 2368 2313 2428 huic

258 2460 402 2517 reo,
431 2443 639 2517 vobis,
679 2461 859 2518 quem
898 2447 977 2506 ad
1016 2447 1260 2508 modum
1307 2465 1520 2524 spero,
1555 2465 1676 2509 non
1719 2452 2065 2522 molestam,
2112 2459 2177 2511 ut
2219 2466 2314 2510 me

260 2541 374 2603 pro
406 2542 642 2587 summo
682 2530 866 2601 poeta
904 2537 1089 2603 atque
1117 2530 1524 2593 eruditissimo
1553 2532 1795 2593 homine
1824 2533 2154 2604 dicentem,
2195 2531 2314 2593 hoc

260 2624 567 2670 concursu
595 2608 901 2672 hominum
926 2611 1486 2675 litteratissimorum
1503 2661 1520 2688 ,
1555 2613 1669 2674 hac
1692 2624 1896 2676 vestra
1926 2614 2312 2688 humanitate,

258 2693 380 2752 hoc
410 2691 672 2768 denique
702 2703 983 2767 praetore
1005 2704 1327 2756 exercente
1348 2697 1632 2757 iudicium
1663 2697 1967 2771 patiamini
1988 2701 2066 2758 de
2093 2697 2312 2758 studiis

259 2775 643 2836 humanitatis
664 2791 739 2836 ac
759 2777 1084 2838 litterarum
1108 2779 1312 2854 paullo
1344 2781 1508 2844 loqui
1539 2779 1784 2840 liberius
1812 2789 1872 2842 et
1898 2781 1958 2840 in
1989 2783 2121 2842 eius
2144 2779 2311 2840 modi

259 2873 552 2932 persona,
588 2875 745 2931 quae
780 2866 1029 2935 propter
1070 2861 1256 2923 otium
1284 2877 1359 2922 ac
1393 2863 1657 2924 studium
1687 2863 1930 2924 minime
1965 2862 2023 2925 in
2069 2861 2310 2922 iudiciis

256 2938 669 3017 periculisque
698 2951 946 3004 tractata
979 2950 1101 3016 est,
1141 2943 1226 3005 uti
1269 2961 1463 3020 prope
1503 2961 1666 3006 novo
1711 2947 1976 3021 quodam
2021 2954 2082 3006 et
2110 2944 2308 3004 'inusi-

257 3031 379 3083 tato
412 3039 635 3098 genere
670 3025 929 3087 dicendi.
988 3027 1049 3088 4.
1082 3026 1257 3101 Quod
1287 3026 1340 3085 si
1373 3027 1516 3087 mihi
1545 3044 1582 3087 a
1610 3028 1788 3089 vobis
1818 3027 1996 3089 tribui
2025 3025 2308 3089 concedi—

258 3120 380 3180 que
427 3107 711 3178 sentiam‚
755 3108 1063 3182 perficiam
1109 3109 1388 3185 profecto
1439 3119 1503 3170 ut
1545 3111 1706 3171 hunc
1737 3111 1811 3174 A.
1841 3111 2136 3172 Licinium
2183 3127 2306 3170 non

254 3188 437 3253 modo
471 3205 593 3249 non
624 3191 1095 3264 segregandum,
1140 3206 1324 3266 quum
1363 3192 1442 3252 sit
1481 3192 1662 3265 civis,
1697 3210 1735 3254 a
1772 3211 2023 3255 numero
2066 3191 2306 3259 civium.

254 3285 465 3333 verum
494 3271 691 3343 etiam,
706 3270 759 3332 si
788 3287 910 3332 non
941 3281 1136 3346 esset,
1165 3272 1389 3349 putetis
1418 3274 1844 3337 asciscendum
1873 3276 2088 3339 fuisse.
