2459 3817
218 162 342 231 212
740 168 817 226 ΙΝ
850 168 918 226 L.
951 166 1373 227 CATILINAM
1404 165 1686 227 ORATIO
1718 165 1761 227 1.

211 320 376 395 Quae
405 326 549 379 nota
577 315 949 379 domesticae
980 315 1366 392 turpitudInis
1391 334 1510 378 non
1546 317 1746 379 inusta
1781 315 1942 379 vitae
1966 327 2104 381 tuae
2134 329 2270 384 est?

212 402 385 477 Quod
416 399 784 477 privatarum
816 416 1019 461 rerum
1051 401 1323 462 dedecus
1352 417 1474 461 non
1505 400 1715 462 haeret
1747 399 2073 463 infamiae?
2115 421 2276 479 quae

211 484 397 546 libido
428 484 503 542 ab
536 482 748 559 oculis,
783 484 951 558 quod
976 483 1210 545 facinus
1241 501 1278 543 a
1307 483 1587 545 manibus
1618 501 1903 561 umquam
1932 481 2071 559 tuiS,
2107 488 2274 562 quod

212 565 501 641 flagitium
534 583 571 625 a
599 573 727 628 toto
764 582 1023 641 corpore
1052 567 1246 628 afuit?
1333 567 1439 627 Cui
1472 576 1535 629 tu
1569 568 2061 645 adolescentule,
2092 586 2272 645 quem

212 652 691 724 corruptelarum
720 649 1025 711 illecebris
1060 649 1385 724 irretisses,
1423 667 1544 712 non
1569 658 1672 712 aut
1702 652 1782 711 ad
1810 650 2130 712 audaciam
2155 653 2268 713 fer·

209 749 344 793 rum
372 740 475 793 aut
502 733 582 792 ad
612 730 921 793 libidinem
958 734 1151 794 facem
1179 732 1560 808 praetulisti?
1610 732 1706 795 14.
1738 734 1895 809 Quid
1923 742 2118 796 vero?
2161 752 2271 797 nu—

210 831 323 893 per
354 833 536 891 quum
567 824 757 878 morte
788 814 1125 892 superioris
1154 815 1367 877 uxorIs
1417 817 1596 878 novis
1629 816 1855 892 nuptiis
1892 819 2138 879 domum
2167 835 2270 879 va·

212 898 617 973 cuet‘ecisseS,
664 914 868 960 nonne
910 898 1090 961 etiam
1124 900 1244 960 alio
1279 898 1617 960 incredibili
1647 901 1882 961 scelere
1911 902 2032 962 hoc
2067 903 2270 964 scelus

210 980 575 1045 cumulasti?
599 983 766 1057 quod
794 999 911 1059 ego
942 982 1351 1057 praetermitto
1381 989 1440 1043 et
1471 981 1647 1043 facile
1668 982 1866 1059 patior
1889 983 2071 1059 sileri,
2103 1002 2179 1046 ne
2210 985 2269 1045 in

211 1066 324 1127 hac
365 1064 607 1127 civitate
649 1065 797 1127 tanti
839 1064 1126 1128 facinoris
1170 1064 1510 1127 immanitas
1541 1073 1646 1127 aut
1677 1067 1987 1127 exstitisse
2016 1076 2117 1128 aut
2146 1083 2269 1129 non

213 1148 514 1209 vindicata
545 1165 688 1210 esse
715 1148 1010 1210 videatur.
1058 1148 1472 1211 Praetermitto
1506 1149 1714 1211 ruinas
1740 1149 2112 1212 fortunarum
2141 1159 2268 1212 tua-

214 1248 358 1305 rum,
399 1248 555 1307 quas
584 1247 795 1293 omnes
825 1230 1182 1309 impendere
1212 1232 1317 1293 tibi
1343 1230 1637 1307 proximis
1661 1233 1870 1294 Idibus
1901 1232 2160 1294 senties=
2192 1234 2269 1295 ad

211 1314 312 1375 illa
341 1314 559 1388 venio,
619 1330 777 1389 quae
812 1332 935 1374 non
964 1316 1043 1375 ad
1077 1315 1373 1390 privatam
1408 1314 1800 1390 ignominiam
1828 1314 2107 1377 vitiorum
2137 1325 2269 1378 tuo-

210 1414 361 1470 rum,
396 1413 517 1456 non
550 1397 629 1455 ad
660 1397 1056 1459 domesticam
1088 1406 1249 1458 tuam
1275 1398 1689 1459 difficultatem
1719 1414 1790 1458 ac
1820 1398 2271 1475 turpitudinem,

212 1480 323 1541 sed
368 1479 449 1539 ad
492 1495 785 1539 summam
830 1496 958 1541 rem
1003 1480 1310 1555 publicam
1349 1490 1532 1556 atque
1571 1483 1650 1541 ad
1687 1483 1954 1544 omnium
1995 1490 2269 1547 nostrum

215 1561 397 1625 vitam
427 1562 807 1637 salutemque
838 1564 1156 1638 pertinent.
1204 1563 1302 1625 15.
1344 1563 1629 1625 Potestne
1665 1564 1769 1627 tibi
1803 1566 1956 1627 haec
1986 1567 2119 1641 lux,
2159 1566 2268 1627 Ca—

213 1646 406 1722 tilina,
456 1653 561 1707 aut
601 1644 782 1707 huius
815 1645 966 1706 caeli
1005 1645 1256 1721 spiritus
1297 1662 1439 1707 esse
1483 1646 1818 1721 iucunduS,
1879 1665 2064 1724 quum
2108 1650 2268 1711 scias

218 1751 361 1797 esse
386 1734 605 1796 horum
630 1735 933 1802 neminem
956 1731 1058 1808 qui
1082 1731 1320 1794 nesciat
1345 1738 1408 1793 te
1425 1731 1623 1808 pridie
1635 1732 1944 1794 Kalendas
1961 1733 2274 1797 lanuarias

216 1817 449 1895 Lepido
478 1826 540 1880 et
560 1819 735 1879 Tullo
762 1816 1118 1880 consulibus
1152 1816 1402 1877 stetisse
1425 1815 1484 1876 in
1511 1814 1757 1877 comitio
1790 1833 1930 1878 cum
1955 1819 2122 1880 telo‘l
2154 1834 2277 1878 ma-

217 1918 362 1963 num
384 1904 710 1963 consulum
741 1910 802 1963 et
830 1901 1173 1979 principum
1202 1897 1464 1961 civitatIS
1495 1898 2057 1962 interficiendorum
2088 1916 2278 1963 causa

215 1983 580 2061 paravisse?
611 1986 834 2047 sceleri
863 2002 936 2047 ac
966 1984 1160 2045 furori
1188 1990 1296 2045 tuo
1329 2000 1453 2043 non
1484 1989 1748 2043 mentem
1781 1983 2044 2058 aliquam
2075 1991 2182 2046 aut
2211 1985 2274 2045 ti-

218 2083 451 2129 morem
483 2075 683 2141 tuum,
730 2070 841 2129 sed
874 2069 1182 2129 fortunam
1217 2066 1435 2142 populi
1472 2067 1732 2127 Romani
1773 2066 2128 2128 obstitisse?
2184 2070 2278 2129 Ac

217 2151 334 2211 iam
357 2150 460 2212 illa
485 2149 695 2212 omitto
724 2185 799 2196 —-
824 2166 1029 2226 neque
1052 2148 1211 2211 enim
1237 2156 1380 2210 sunt
1403 2156 1509 2209 aut
1532 2150 1797 2211 obscura
1820 2156 2063 2211 autnon
2091 2153 2278 2212 multa

217 2235 551 2297 commissa
587 2240 813 2311 postea
844 2268 920 2279 -
957 2231 1244 2309 quotiens
1292 2239 1358 2292 tu
1390 2248 1490 2293 me
1526 2232 1943 2309 designatum,
1990 2233 2276 2308 quotiens

218 2322 533 2380 consulem
575 2317 923 2379 interficere
959 2317 1202 2377 vetuisti
1223 2316 1240 2375 !
1293 2323 1447 2391 quot
1489 2331 1607 2391 ego
1658 2324 1792 2377 tuas
1829 2315 2158 2392 petitiones
2195 2318 2278 2378 ita

218 2401 550 2474 coniectaS,
580 2408 651 2463 ut
678 2402 858 2461 vitari
880 2416 1073 2477 posse
1099 2414 1223 2459 non
1249 2397 1622 2471 viderentur,
1654 2416 1853 2476 parva
1881 2402 2146 2477 quadam
2176 2402 2280 2462 de-

218 2481 546 2544 clinatione
579 2491 670 2555 et,
700 2492 768 2545 ut
790 2483 977 2559 aiunt,
1008 2498 1275 2559 corpore
1305 2482 1521 2558 effugi!
1567 2484 1722 2544 Nihil
1754 2485 2144 2560 adsequeris,
2178 2501 2279 2545 ne·

220 2582 342 2640 que
368 2573 568 2627 tamen
595 2568 807 2628 conari
830 2584 903 2629 ac
933 2569 1097 2627 velle
1120 2565 1392 2628 desistis·
1447 2568 1541 2627 16.
1572 2567 1867 2644 Quotiens
1894 2568 2003 2629 tibi
2032 2567 2151 2628 iam
2176 2583 2278 2628 ex-

222 2656 381 2711 torta
412 2657 510 2711 est
537 2650 667 2711 sica
699 2652 815 2713 ista
843 2652 921 2713 de
950 2652 1265 2712 manibus!
1314 2649 1601 2725 quotiens
1633 2650 1859 2712 excidit
1890 2668 2040 2711 casu
2069 2652 2279 2727 aliquo

220 2740 284 2793 et
314 2735 528 2809 elapsa
560 2736 683 2795 est!
732 2743 931 2796 tamen
964 2752 1038 2798 ea
1068 2735 1294 2798 diutius
1326 2750 1539 2796 carere
1563 2752 1685 2797 non
1717 2743 1931 2812 potes:
1966 2750 2128 2811 quae
2153 2734 2284 2809 qui-

220 2816 359 2876 dem
386 2817 609 2892 quibus
640 2819 753 2880 abs
786 2826 848 2881 te
877 2818 1107 2881 initiata
1137 2818 1333 2881 sacris
1369 2834 1444 2880 ac
1479 2820 1711 2880 devota
1736 2818 1814 2879 sit
1837 2818 2068 2891 nescio,
2109 2818 2281 2893 quod

220 2916 352 2960 eam
390 2916 653 2963 necesse
686 2912 871 2980 putas
910 2921 1053 2967 esse
1086 2904 1146 2964 in
1182 2903 1460 2964 consulis
1496 2918 1762 2979 corpore
1795 2903 2089 2979 defigere.
2147 2900 2280 2960 v11.

216 2983 390 3045 Nunc
413 2999 564 3047 vero
592 3004 753 3063 quae
774 2997 878 3049 tua
900 2995 997 3049 est
1018 2986 1135 3048 ista
1159 2987 1327 3049 vita?
1359 2985 1461 3047 Sic
1487 2986 1644 3047 enim
1668 2987 1787 3047 iam
1813 2994 2013 3047 tecum
2041 2987 2275 3059 loquar,

218 3085 341 3129 non
371 3076 439 3129 ut
465 3068 609 3132 odio
642 3080 960 3145 permotus
997 3087 1141 3131 esse
1168 3072 1410 3144 videar,
1444 3089 1568 3147 quo
1605 3072 1824 3142 debeo,
1860 3072 1974 3131 sed
2005 3077 2072 3130 ut
2101 3066 2277 3129 mise·

218 3152 513 3227 ricerdis,
551 3171 708 3230 quae
736 3154 844 3215 tibi
874 3156 1039 3216 nulla
1066 3154 1347 3215 debetur.
1407 3153 1644 3216 Venisti
1675 3156 1882 3232 paullo
1915 3162 2056 3215 ante
2085 3151 2144 3214 in
2177 3166 2277 3211 se·

219 3246 446 3297 natum.
494 3238 641 3313 Quis
671 3246 730 3299 te
755 3254 835 3297 ex
862 3238 976 3298 hac
1008 3244 1173 3298 tanta
1200 3238 1563 3314 frequentia,
1595 3248 1686 3301 tot
1717 3255 1793 3299 ex
1824 3237 1943 3298 tu1s
1967 3234 2177 3297 amicis
2202 3249 2280 3296 ac

220 3322 589 3383 necessariis
613 3321 943 3383 salutavit?
982 3320 1048 3382 Si
1078 3321 1197 3382 hoc
1229 3330 1378 3399 post
1405 3322 1717 3383 hominum
1749 3321 2103 3381 memoriam
2133 3334 2280 3380 con-

226 3400 358 3478 tigit
386 3404 625 3478 nemini,
658 3403 832 3469 vocis
865 3414 1198 3487 exspectas
1230 3405 1676 3481 contumeliam,
1713 3421 1899 3483 quum
1927 3402 2015 3464 sis
2043 3400 2278 3481 gravis·
