2459 3817
724 168 1185 235 maso-³1.
1224 176 1278 239 s.
1311 176 1576 236 72—70.
2059 162 2184 231 245

94 333 313 398 quum
346 325 625 395 peterent
654 318 841 382 armis
866 319 943 394 ii,
990 336 1252 397 quorum
1291 330 1468 385 erant
1518 322 1782 403 tegibus,
1815 322 1931 386 etsi
1985 319 2046 384 in
2089 336 2184 383 re—

90 404 231 466 bus
262 402 669 478 iniquissimis
694 404 841 479 quid
882 412 1089 480 potest
1129 420 1275 467 esse
1317 404 1542 481 aequi?
1591 413 1795 467 tamen
1851 418 2030 478 quem
2059 412 2188 465 erat

97 486 567 562 aequissimum
616 496 833 548 contra
873 488 977 547 Cn.
1020 486 1294 561 Pompeii
1343 487 1570 548 liberos
1619 500 1920 561 pugnare,
1963 494 2188 561 quemi·

96 570 225 644 Te,
258 576 586 631 sectorem.
673 567 775 631 76.
815 571 915 629 An
958 584 1141 645 quum
1188 578 1254 631 tu
1281 569 1562 630 Narbone
1601 580 1850 630 memes
1877 568 2186 646 hospitum

100 666 563 727 convomeres,
595 652 910 715 Dolabella
936 668 1049 728 pro
1080 659 1140 712 te
1165 650 1225 713 in
1255 651 1552 729 Hispania
1585 650 1940 713 dimicaret*

242 735 365 810 Qui
396 750 545 797 vero
584 734 869 797 Narbone
910 734 1173 797 reditus!
1208 735 1404 797 Etiam
1449 735 1782 811 quaerebat
1817 751 1927 796 cur
1955 750 2072 811 ego
2105 750 2186 797 ex

100 817 259 894 ipso
292 834 483 881 cursu
520 826 643 880 tam
682 817 887 881 subito
916 819 1330 880 revertissem.
1411 816 1690 892 Exposui
1715 833 1939 892 nuper,
1982 828 2187 892 pau-es

104 901 479 977 conscripti,
506 918 757 963 causam
785 900 1019 963 reditus
1046 901 1187 961 mci.
1239 900 1443 971 Volui,
1466 902 1520 960 si
1547 914 1818 975 possem,
1847 900 2026 960 etiam
2047 910 2188 961 ante

102 986 433 1046 Kalendas
458 986 773 1046 Ianuarias
806 985 1117 1057 prodesse
1138 982 1229 1043 rei
1259 982 1558 1057 publicae.
1601 982 1770 1055 Nam,
1803 983 1970 1057 quod
2003 998 2190 1057 quae-

103 1068 323 1139 rebas,
348 1083 472 1141 quo
495 1068 678 1129 modo
703 1065 1019 1139 redissem,
1045 1064 1305 1141 primum
1327 1067 1484 1137 luce,
1509 1080 1630 1125 non
1644 1064 1910 1127 tenebris
1927 1088 1944 1121 ε
1967 1065 2189 1126 deinde

107 1164 259 1211 cum
294 1148 523 1210 calceis
552 1158 613 1210 et
645 1157 805 1223 toga,
836 1149 1017 1210 nullis
1038 1164 1155 1209 nec
1186 1147 1436 1209 Gallicis
1463 1162 1580 1209 nee
1605 1149 1870 1208 lacerna.
1905 1150 1990 1209 At
2009 1148 2190 1209 etiam

109 1230 360 1307 aspicis
382 1246 483 1292 me
509 1240 571 1292 et
598 1231 874 1305 quidem,
902 1240 973 1293 ut
1000 1230 1259 1303 videris,
1299 1230 1512 1293 irams.
1593 1231 1686 1291 Ne
1709 1239 1776 1291 tu
1803 1230 1921 1291 iam
1950 1247 2190 1293 mecum
2254 1280 2260 1287 .

114 1319 179 1376 in
211 1314 471 1389 gratiam
508 1315 759 1387 redeas,
801 1313 859 1375 si
909 1314 1073 1375 scias
1103 1330 1286 1391 quam
1313 1329 1414 1375 me
1443 1314 1674 1389 pudeat
1697 1314 2004 1390 nequitiae
2033 1322 2191 1388 tuae,

116 1400 305 1460 cuius
340 1406 403 1459 te
445 1398 645 1473 ipsum
690 1413 815 1457 non
858 1398 1066 1472 pudet.
1162 1398 1258 1457 Ex
1312 1398 1579 1459 omnium
1620 1397 1904 1459 omnibus
1943 1397 2190 1472 flagitiis

117 1482 355 1542 nullum
382 1480 623 1556 turpius
655 1480 801 1554 vidi,
835 1481 1061 1542 nullum
1094 1480 1321 1547 audivi.
1459 1480 1573 1555 Qui
1599 1481 1890 1557 magister
1923 1483 2190 1557 equitum

118 1563 320 1626 fuisse
348 1564 455 1625 tibi
486 1563 784 1626 viderere.
820 1564 881 1625 in
913 1563 1260 1640 proximum
1287 1580 1513 1627 annum.
1533 1566 1915 1626 consulatum
1944 1573 2191 1639 peteres

33 1676 35 1731 ᾗ
120 1648 225 1708 vel
268 1649 473 1721 potius
501 1663 778 1723 rogares,
808 1649 911 1722 [is]
932 1664 1047 1723 per
1080 1647 1414 1722 municipia
1439 1646 1840 1721 coloniasque
1869 1646 2116 1719 Galliae,
2153 1664 2191 1707 a

33 1778 35 1811 :
124 1745 251 1805 quo
282 1745 401 1789 nos
423 1732 565 1801 tum,
596 1746 785 1804 quum
809 1732 1163 1791 consulatus
1189 1730 1524 1804 petebatur,
1557 1745 1682 1789 non
1709 1729 2056 1803 rogabatur,
2084 1744 2190 1804 pe·

33 1862 36 1877 ..
124 1821 257 1872 tere
298 1812 679 1872 consulatum
728 1812 1113 1886 solebamus,
1141 1828 1282 1872 cum
1315 1810 1561 1873 Gallicis
1607 1819 1670 1871 et
1704 1812 1950 1872 lacerna
1977 1824 2190 1873 cucur·

126 1894 277 1955 risti.
362 1894 570 1955 XXXI.
602 1890 705 1955 772
745 1896 831 1954 At
870 1893 1075 1956 videle
1111 1894 1416 1956 levitatem
1444 1892 1728 1966 hominis.
1816 1894 2011 1967 Quum
2039 1895 2193 1955 hora

128 1976 253 2038 diei
293 1976 532 2039 decima
573 1976 707 2037 flere
732 1976 815 2036 ad
844 1976 1012 2039 Saxa
1038 1978 1227 2039 rubra
1251 1976 1540 2050 venisset,
1571 1975 1804 2039 delituit
1829 1976 1892 2037 in
1928 1978 2193 2053 quadam

35 2120 36 2129 ,
132 2060 476 2133 cauponula
512 2067 701 2134 atque
736 2058 820 2120 ibi
869 2076 941 2121 se
982 2062 1302 2123 occultans
1341 2060 1688 2137 perpotavit
1725 2061 1808 2121 ad
1837 2074 2190 2135 vesperams

132 2143 275 2203 inde
308 2141 461 2204 cisio
494 2142 769 2203 celeriter
814 2144 893 2203 ad
924 2145 1137 2204 urbem
1168 2144 1496 2217 advectus,
1525 2145 1772 2204 domum
1799 2142 1968 2204 venit
1993 2142 2194 2217 capite

35 2276 36 2279 ,
136 2224 455 2285 obvoluto.
497 2224 759 2285 Ianitor:
798 2222 947 2297 Quis
972 2225 1069 2284 tu!
1112 2224 1173 2283 A
1196 2224 1407 2284 Marco
1433 2221 1810 2283 tabellarius.
1855 2220 2196 2281 Confestim

35 2354 37 2357 ,
138 2309 216 2367 ad
238 2320 401 2377 canu·
414 2303 589 2369 cuius
604 2322 805 2369 causa
820 2316 1097 2377 venerat,
1116 2306 1442 2368 deducitur
1463 2304 1648 2381 eique
1665 2303 1989 2380 epistolam
2009 2303 2194 2364 tradi-

138 2390 243 2451 dit.
274 2392 465 2465 Quam
482 2406 671 2465 quum
690 2389 794 2451 illa
805 2390 1288 2466 legemflens-
1298 2397 1433 2450 erat
1443 2388 1608 2449 enim
1621 2388 2194 2462 scriptaamatoriez

140 2480 320 2547 caput
361 2480 576 2535 autem.
597 2471 927 2534 litterarum
970 2473 1092 2534 sibi
1130 2489 1269 2535 cum
1296 2474 1400 2535 illa
1423 2474 1612 2535 mima
1636 2474 1894 2549 posthac
1921 2472 2070 2534 nihil
2103 2474 2196 2533 fu-

141 2563 359 2619 lumina
410 2570 661 2617 emnem
703 2571 777 2617 se
824 2572 1093 2618 amorem
1148 2556 1456 2617 abiecisse
1506 2558 1670 2618 illinc
1707 2566 1891 2633 atque
1929 2555 1988 2616 in
2035 2556 2196 2615 hanc

141 2636 539 2700 transfudisse
562 2670 638 2685 -
664 2654 851 2715 qum
878 2639 1093 2701 nmlier
1120 2638 1300 2701 fleret
1329 2638 1600 2713 uberiuS,
1628 2640 1815 2701 homo
1845 2637 2197 2697 misericors

145 2721 296 2780 ferre
333 2736 455 2781 non
489 2720 707 2795 potuit,
748 2732 933 2797 caput
962 2723 1223 2799 aperuit,
1252 2724 1314 2783 in
1339 2724 1561 2784 collum
1589 2721 1832 2782 invasit.
1919 2718 1969 2778 0
2003 2720 2196 2779 homi-

146 2818 277 2863 nem
324 2812 618 2877 nequam!
666 2804 825 2877 Quia
863 2803 1027 2865 enim
1060 2805 1231 2865 aliud
1267 2804 1512 2865 dicam?
1545 2804 1746 2877 Magis
1775 2802 2024 2878 proprie
2051 2802 2198 2862 nihil

149 2902 393 2961 possum
430 2885 655 2947 dicere.
741 2887 927 2961 Ergo,
952 2895 1023 2949 ut
1060 2894 1122 2949 te
1152 2888 1528 2961 catamitum,
1572 2900 1689 2946 nec
1715 2886 1964 2961 opinato
2009 2902 2197 2961 quum

150 2984 209 3033 te
232 2970 629 3041 ostendisses,
660 2975 908 3044 praeter
928 2980 1107 3042 spem
1134 2968 1354 3029 mulier
1371 2972 1700 3047 aspiceret,
1723 2968 1953 3032 idcirco
1982 2970 2197 3032 urbem

148 3061 363 3111 terrore
394 3057 708 3121 nocturno,
738 3048 969 3111 Italiam
995 3050 1318 3113 multotum
1339 3050 1572 3113 dierum
1605 3061 1770 3115 metu
1789 3052 2154 3129 perturbasti
2167 3058 2200 3110 τ

153 3130 246 3194 78.
286 3134 359 3194 Et
394 3131 562 3193 domi
603 3133 845 3207 quidem
878 3148 1126 3195 causam
1156 3132 1386 3197 amoris
1400 3132 1684 3204 habuisti,
1695 3136 1846 3198 roris
1867 3135 2048 3197 etiam
2076 3143 2196 3195 tur-

156 3213 367 3289 piorem
382 3260 400 3287 ,
440 3230 519 3276 ne
557 3215 623 3275 L.
660 3215 921 3279 Plancus
954 3216 1219 3291 maestes
1267 3224 1410 3279 tuos
1447 3219 1760 3279 venderet.
1854 3217 2196 3279 Productus

159 3303 337 3357 antem
365 3298 427 3358 in
464 3298 809 3361 contionem
838 3314 878 3359 a
904 3298 1149 3362 tribuae
1187 3298 1395 3379 plebis
1431 3316 1624 3377 quum
1659 3299 2096 3377 respondisses
2133 3309 2195 3362 te
