2459 3817
226 162 351 231 154
678 162 757 224 IN
800 164 863 225 C.
906 162 1237 225 VERREM
1274 162 1443 223 Ac'r.
1473 162 1546 221 11.
1587 160 1733 222 Lm.
1762 161 1843 226 V.

223 326 353 381 tum
382 318 573 377 hasce
605 313 662 375 ei
696 314 935 375 tabulas
964 313 1111 374 nihil
1146 314 1530 389 profuturam
1576 312 1758 375 etiam
1801 313 1944 389 plus
1985 328 2064 373 ex
2109 311 2292 375 nimia

225 398 527 478 praetoris
560 396 873 473 diligentia
897 395 1272 473 suspicionis
1311 396 1373 456 in
1413 413 1490 459 eo
1534 396 1784 458 crimine
1817 398 2103 457 futurum.
2165 397 2293 457 Iam

220 484 341 546 iste
389 491 521 544 erat
546 481 663 541 hac
700 478 950 541 stultitia
978 480 1183 542 multis
1212 479 1275 541 in
1301 481 1490 541 rebus
1514 497 1667 542 usus
1681 525 1698 553 ,
1741 486 1809 541 ut
1849 479 2097 555 publice
2139 496 2290 556 quo·

223 581 379 642 que,
412 580 574 641 quae
596 564 811 638 vellet,
854 563 916 624 in
948 564 1179 625 litteras
1208 564 1522 625 civitatum
1557 562 1712 635 [tolli
1755 567 1839 635 et]
1867 562 2084 623 referri
2120 561 2290 624 iube·

218 657 344 710 ret:
395 663 557 724 quae
602 646 806 707 omnia
850 662 1014 707 nunc
1041 645 1321 721 intelligit
1368 646 1488 707 sibi
1516 645 1664 706 nihil
1692 645 2030 722 prodesse,
2069 655 2292 721 postea

222 748 411 807 quam
444 729 628 792 certis
661 728 878 791 litteris
892 772 909 802 ‚
953 729 1213 792 testibus
1257 730 1842 806 auctoritatibusque
1890 727 2290 791 convincitur.

221 816 343 878 XL.
407 813 526 875 Ubi
577 813 697 873 hoc
743 812 944 887 videt,
990 812 1233 873 illorum
1276 812 1761 893 confessionem,
1802 811 2290 873 testificationem

220 914 425 971 suam,
466 896 721 958 tabellas
756 895 874 956 sibi
910 897 1076 957 nullo
1104 896 1455 958 adiumento
1485 899 1746 970 futuras,
1791 894 1904 956 init
1946 894 2286 969 consilium,

218 998 343 1043 non
370 977 630 1056 improbi
658 979 961 1055 praetoris
996 1012 1066 1025 -
1100 996 1242 1041 nam
1269 979 1335 1040 id
1362 978 1610 1055 quidem
1641 986 1810 1040 esset
1837 979 2155 1040 ferendum
2183 1010 2290 1054 —-,

218 1061 345 1127 sed
368 1062 695 1140 importuni
722 1070 906 1138 atque
934 1064 1193 1125 amentis
1223 1063 1484 1141 tyranni.
1547 1062 1796 1137 Statuit,
1829 1060 1884 1122 si
1911 1061 2031 1123 hoc
2061 1060 2290 1122 crimen

217 1144 537 1209 extenuari
586 1146 770 1207 vellet
815 1177 905 1191 —
952 1162 1095 1207 nam
1145 1146 1391 1209 omnino
1419 1145 1550 1207 tolli
1577 1162 1771 1222 posse
1802 1161 1928 1206 non
1957 1144 2288 1206 arbitraba·

218 1242 317 1293 tur
338 1264 427 1277 -
457 1229 805 1291 nauarchos
834 1246 1080 1302 omneS,
1135 1238 1328 1292 testes
1368 1229 1465 1291 sui
1508 1229 1792 1304 sceleris,
1841 1228 1969 1290 vita
1995 1244 2138 1289 esse
2165 1228 2290 1303 pri·

217 1314 478 1376 vandos.
521 1311 666 1375 104.
697 1311 1070 1374 Occurrebat
1108 1311 1213 1373 illa
1250 1312 1436 1374 ratioz
1483 1312 1638 1387 Quid
1666 1314 1746 1372 de
1781 1312 2103 1373 Cleomene
2142 1312 2291 1378 fiet?

217 1408 523 1475 poterone
572 1394 839 1456 animum
892 1397 1214 1456 advertere
1263 1396 1326 1457 in
1372 1412 1483 1457 eos
1498 1442 1515 1470 ,
1567 1412 1726 1472 quos
1769 1396 1931 1457 dicto
1965 1394 2286 1455 audientes

216 1496 365 1541 esse
392 1476 583 1539 iussit
627 1477 883 1539 missum
907 1480 1113 1539 facere
1148 1494 1308 1554 eum,
1336 1478 1436 1539 cui
1456 1485 1822 1555 potestatem
1842 1476 2288 1554 imperiumque

219 1560 513 1639 permisi?
552 1569 852 1638 poterone
894 1577 1007 1621 eos
1051 1562 1320 1623 adficere
1366 1560 1704 1638 supplicio,
1758 1562 1861 1638 qui
1903 1562 2286 1622 Cleomenem

220 1643 417 1706 secuti
447 1652 617 1705 sunta
646 1642 973 1719 ignoscere
994 1644 1322 1719 Cleomeni,
1351 1646 1458 1720 qui
1487 1661 1697 1706 secum
1726 1646 1937 1721 fugere
1968 1651 2120 1705 etse
2141 1659 2288 1705 con-

220 1727 401 1804 sequi
428 1726 653 1789 iussin
678 1736 979 1803 poterone
1009 1743 1153 1789 esse
1180 1728 1246 1788 in
1276 1743 1386 1789 eos
1415 1728 1770 1804 vehemens,
1801 1728 1908 1804 qui
1941 1743 2132 1788 naves
2160 1742 2284 1787 non

218 1813 403 1874 modo
438 1811 653 1872 inanes
686 1811 1056 1887 habuerunt,
1096 1812 1211 1872 sed
1241 1811 1421 1873 etiam
1447 1821 1724 1887 apertas:
1767 1811 1828 1871 in
1857 1828 1997 1872 eum
2025 1810 2288 1871 dissolu·

218 1904 339 1969 ωε,
367 1895 475 1971 qui
504 1897 673 1956 solus
704 1894 982 1956 habuerit
1011 1902 1382 1957 constratam
1411 1912 1630 1956 navem
1675 1902 1735 1956 et
1774 1894 1974 1956 minus
2016 1892 2287 1953 exinani·

220 1984 386 2039 tamt
442 1978 659 2038 Pereat
687 1978 1045 2039 Cleomenes
1069 1988 1221 2039 unat
1280 1977 1399 2039 Ubi
1433 1978 1634 2039 fides?
1662 1978 1762 2038 ubi
1786 1976 2290 2039 exsecrationes?

220 2060 327 2123 ubi
358 2060 651 2121 dexterae
698 2063 1224 2137 complexusque?
1273 2062 1377 2122 ubi
1411 2062 1560 2122 illud
1589 2061 2050 2123 contubernium
2078 2058 2289 2119 mulie·

221 2143 349 2204 bris
372 2141 618 2203 militiae
639 2141 699 2202 in
723 2142 827 2204 illo
860 2143 1294 2205 delicatissimo
1324 2144 1565 2206 littore?
1592 2144 1750 2205 Fieri
1780 2144 1945 2204 nullo
1968 2144 2152 2203 modo
2175 2157 2288 2217 po·

224 2234 377 2289 terat
425 2226 573 2301 quin
622 2225 933 2286 Cleomeni
981 2236 1352 2303 parceretur.
1417 2226 1558 2288 105.
1617 2230 1818 2288 Vocat
1867 2228 2254 2287 Cleomenem
2269 2246 2288 2281 ε

222 2308 371 2371 dicit
396 2308 457 2369 ei
484 2326 554 2370 se
586 2309 875 2370 statuisse
904 2308 1171 2370 animum
1196 2313 1517 2371 advertere
1557 2313 1618 2371 in
1663 2326 1878 2371 omnes
1907 2309 2254 2370 nauarchos
2269 2329 2286 2363 ε

222 2394 305 2455 ita
340 2391 439 2454 sui
465 2391 721 2467 periculi
749 2391 1018 2454 rationes
1061 2395 1221 2455 ferre
1249 2410 1324 2454 ac
1348 2395 1680 2469 postulare.
1745 2392 1878 2453 Tibi
1907 2394 2012 2453 uni
2039 2406 2288 2469 parcam

222 2482 286 2536 et
311 2474 517 2551 potius
548 2476 726 2536 istius
751 2476 969 2551 culpae
1004 2476 1231 2537 crimen
1273 2477 1904 2559 vituperationemque
1937 2474 2288 2536 inconstan-

218 2557 343 2619 tiae
372 2557 710 2634 suscipiam
740 2575 923 2634 quam
957 2568 1062 2621 aut
1088 2560 1150 2620 in
1181 2570 1244 2622 te
1275 2562 1389 2622 sim
1419 2560 1684 2622 crudelis
1715 2567 1821 2621 aut
1857 2565 1947 2621 tot
1987 2566 2108 2619 tam
2149 2572 2288 2631 gra·

218 2658 334 2702 ves
384 2648 577 2703 testes
629 2640 803 2703 vivos
870 2641 1334 2719 incolumesque
1384 2660 1527 2703 esse
1578 2642 1794 2720 patiar.
1870 2641 2014 2717 Agit
2061 2638 2291 2715 gratias

222 2724 611 2799 CleomeneS,
674 2725 977 2801 approbat
1034 2727 1391 2787 consillum=
1463 2725 1611 2787 dicit
1657 2725 1742 2787 ita
1798 2724 1931 2787 fieri
1984 2730 2290 2800 oportere.

234 2810 530 2869 admonet
576 2816 778 2869 tamen
826 2808 1005 2883 illud,
1056 2811 1227 2885 quod
1274 2810 1456 2871 istum
1505 2810 1758 2885 fugerat,
1805 2808 1866 2869 in
1914 2808 2294 2881 Phalacrum,

222 2889 678 2967 Centuripinum
710 2892 1115 2966 nauarchum,
1166 2911 1292 2954 non
1325 2909 1518 2970 posse
1549 2892 1815 2954 animum
1843 2890 2108 2964 adverti,
2151 2906 2294 2965 pro-

222 2981 435 3049 pterea
487 2976 657 3050 quod
700 2990 911 3036 secum
951 2992 1073 3036 una
1122 2975 1343 3037 fuisset
1386 2975 1447 3035 in
1478 2975 1871 3051 Centuripina
1901 2971 2295 3050 quadriremi.

222 3055 409 3130 Quid?
465 3072 611 3134 ergo
638 3058 756 3119 iste
787 3058 972 3121 homo
1001 3075 1081 3119 ex
1111 3059 1246 3121 eius
1276 3058 1444 3120 modi
1470 3058 1745 3132 civitate,
1786 3059 2157 3119 adolescens
2185 3071 2302 3116 no-

223 3138 555 3201 bilissimus
570 3186 587 3213 ,
639 3142 815 3203 testis
863 3141 1283 3217 relinquetur?
1350 3143 1419 3201 In
1462 3141 1839 3218 praesentia,
1893 3138 2094 3215 inquit
2124 3138 2299 3199 Cleo-

220 3235 463 3296 menes,
517 3224 805 3297 quoniam
852 3223 937 3285 ita
978 3240 1241 3285 necesse
1283 3233 1409 3286 este
1455 3226 1570 3293 sed
1609 3233 1755 3301 post
1794 3220 2030 3299 aliquid
2063 3218 2300 3282 videbi-

222 3318 391 3379 mus,
426 3322 505 3367 ne
535 3304 653 3366 iste
682 3307 861 3366 nobis
894 3305 1144 3367 obstare
1172 3306 1395 3383 possit.

386 3386 538 3450 XLI.
602 3386 746 3449 106.
807 3387 975 3448 Haec
1001 3397 1224 3463 postea
1258 3407 1445 3465 quam
1477 3398 1616 3473 apta
1649 3396 1714 3452 et
1753 3388 2086 3452 constituta
2127 3399 2296 3461 sumt,
