2459 3817
255 161 381 228 100
799 169 946 230 PRO
979 170 1090 230 CN.
1119 167 1447 230 PLANCIO
1476 167 1780 229 ORATIO.

247 315 441 390 dices,
472 332 512 376 a
541 317 739 390 vobis,
769 326 839 379 ut
866 316 1041 378 cuins
1069 316 1487 380 misericordia
1519 319 1688 378 salus
1710 331 1847 378 mea
1876 317 2180 378 custodita
2210 319 2307 392 sit,

249 401 306 460 ei
338 416 455 462 vos
483 407 743 460 vestram
772 399 1249 464 misericordiam
1276 419 1373 462 me
1395 401 1765 478 deprecante
1788 400 2077 462 tribuatis.
2118 397 2307 476 Equi-

249 486 390 545 dem
421 483 501 542 ad
528 483 800 558 reliquos
833 484 1107 556 labores,
1151 499 1311 560 quos
1350 484 1411 548 in
1450 483 1569 546 hac
1597 499 1787 548 causa
1812 483 2073 544 maiores
2111 485 2309 544 susci-

251 566 352 645 pio
382 581 564 641 quam
603 566 665 624 ln
733 565 981 639 celeria,
1021 567 1200 628 etiam
1241 567 1397 628 hauc
1438 563 1773 632 molestiam
1804 567 2095 635 adsumo,
2142 567 2311 640 quod

250 649 393 708 mihi
421 664 542 709 non
573 650 770 708 solum
799 665 908 724 pro
945 649 1050 709 Cn.
1079 650 1323 710 Plancio
1349 649 1673 709 dicendum
1708 655 1831 720 est,
1859 648 2037 708 cuius
2064 663 2183 723 ego
2212 665 2311 708 sa-

251 733 435 791 lutem
457 745 578 790 non
611 746 793 791 secus
819 747 894 791 ac
915 747 1111 792 meam
1129 731 1286 792 tueri
1306 731 1523 804 debeo,
1552 733 1665 791 sed
1688 730 1865 791 etiam
1888 746 2001 806 pro
2030 731 2307 806 meipso,

250 815 328 873 de
359 828 480 888 quo
504 822 894 874 accusatores
926 815 1100 889 plura
1121 829 1320 889 paene
1343 831 1524 890 quam
1547 814 1624 877 de
1648 831 1715 874 re
1738 829 1971 888 reoque
2004 811 2306 874 dixerunt.

251 897 324 958 11.
349 894 408 956 4.
435 895 826 972 Quamquam,
856 896 1112 971 iudice8‚
1136 897 1189 958 si
1219 895 1367 972 quid
1388 905 1485 960 est
1510 898 1569 958 in
1591 895 1849 970 meipso
1873 894 1957 956 ita
1977 895 2303 971 reprehen-

251 995 420 1052 sum,
459 986 526 1039 ut
565 978 628 1038 id
666 979 743 1038 ab
784 979 904 1039 hoc
932 977 1269 1040 seiunctum
1316 978 1425 1051 sit,
1466 995 1591 1040 non
1632 995 1729 1038 me
1769 977 1833 1037 id
1865 994 2085 1052 magno
2116 994 2308 1052 opere

253 1062 601 1123 conturbate
647 1077 768 1121 non
797 1059 956 1120 enim
1003 1060 1184 1122 timeo
1213 1078 1323 1134 ne,
1370 1060 1514 1135 quia
1546 1077 1795 1136 perraro
1834 1061 1989 1136 grati
2031 1061 2304 1120 homines

249 1143 643 1219 reperiantur,
673 1141 921 1215 idcirce,
959 1161 1142 1218 quum
1163 1161 1266 1206 me
1282 1141 1527 1204 nimium
1548 1152 1789 1218 gratum
1806 1143 1891 1204 illi
1916 1159 2059 1204 esse
2082 1141 2303 1212 dicant,

251 1227 316 1290 id
355 1226 501 1288 mihi
529 1225 919 1290 criminosum
946 1242 1090 1290 esso
1130 1225 1351 1302 possit.
1434 1225 1603 1300 onae
1626 1241 1776 1288 vero
1804 1225 1889 1289 ita
1920 1233 2061 1288 sunt
2084 1221 2308 1299 agitata

249 1311 330 1370 ab
366 1309 512 1381 illis,
555 1317 622 1368 ut
654 1315 758 1370 aut
793 1309 1004 1368 merita
1043 1308 1148 1368 en.
1190 1307 1415 1372 Plancii
1456 1323 1602 1383 erga
1642 1323 1739 1371 me
1773 1307 2010 1373 minora
2041 1323 2185 1371 esse
2214 1305 2304 1368 di-

251 1398 459 1451 cerent
487 1406 668 1464 quam
697 1406 736 1448 a
755 1387 1020 1462 meipso
1045 1392 1575 1464 praedicarentur,
1608 1399 1711 1456 ant
1734 1390 1789 1454 si
1818 1397 2027 1454 essent
2052 1405 2307 1459 summa,

253 1478 547 1548 negarent
573 1487 650 1532 ea
675 1480 875 1532 tamen
901 1472 996 1532 -ita
1017 1471 1220 1546 magni
1250 1481 1317 1538 ut
1360 1488 1474 1548 ego
1516 1481 1789 1548 putarem
1821 1472 2110 1547 ponderis
2138 1471 2304 1546 apud

251 1570 370 1615 vos
399 1569 543 1616 esse
573 1553 824 1625 debere,
863 1553 1018 1618 haee
1055 1553 1198 1620 mihi
1231 1562 1374 1618 sunt
1404 1556 1749 1629 tractanda,
1783 1553 2053 1628 iudices,
2092 1563 2155 1616 et
2181 1569 2308 1615 rno-

253 1637 422 1712 dice‚
451 1651 532 1699 ne
563 1635 710 1714 quid
741 1635 878 1711 ipse
905 1635 1241 1712 offendam,
1272 1645 1334 1702 et
1357 1645 1483 1706 tum
1512 1639 1805 1714 denique,
1836 1654 2023 1714 quum
2050 1652 2310 1712 mspon·

253 1721 402 1782 dero
432 1719 784 1781 criminibus
801 1765 820 1792 ,
867 1736 946 1786 ne
987 1737 1109 1785 non
1151 1727 1273 1784 tam
1311 1719 1657 1788 innocentia
1682 1737 1827 1785 rens
1856 1737 1973 1787 sua
2000 1737 2187 1796 quam
2213 1735 2313 1780 re-

253 1804 608 1866 cordatione
637 1820 906 1868 ment-um
941 1812 1287 1881 temporum
1312 1803 1609 1870 defensus
1636 1819 1780 1864 esse
1807 1803 2101 1872 videatur.

375 1885 436 1949 5.
481 1887 604 1950 Sed
649 1886 792 1948 mihi
813 1885 874 1946 in
921 1902 1110 1950 causa
1147 1885 1317 1948 facili
1340 1895 1529 1963 atque
1566 1885 1867 1962 explicata
1912 1882 2309 1960 perdifficilia.

253 1969 506 2042 iudiceS,
541 1978 602 2030 et
634 1969 863 2032 lubrica
891 1969 1267 2034 defensionis
1294 1968 1448 2038 ratio
1480 1967 1857 2044 proponitur,
1918 1969 2065 2034 Nam
2100 1966 2155 2034 si
2182 1975 2312 2033 tan-

252 2062 379 2112 tum
405 2052 592 2112 modo
620 2051 764 2112 mihi
794 2066 1054 2114 necesse
1084 2059 1253 2116 esset
1278 2059 1489 2119 contra
1516 2051 1905 2118 Laterensem
1934 2050 2137 2118 dicere
2155 2094 2173 2120 ,
2218 2057 2307 2110 ta-

253 2151 393 2194 men
438 2135 500 2193 id
547 2133 748 2208 ipsum
790 2141 960 2198 esset
998 2132 1057 2191 in
1095 2141 1261 2198 tanto
1302 2150 1423 2200 usu
1460 2141 1670 2200 nostro
1714 2140 1998 2209 tantaque
2042 2129 2311 2192 amicitia

253 2218 593 2276 molestum.
677 2217 873 2275 Vetus
917 2222 1014 2278 est
1056 2214 1215 2277 enim
1267 2218 1367 2279 lex
1412 2215 1513 2281 illa
1548 2217 1749 2283 iustae
1773 2229 2080 2292 veraeque
2106 2211 2311 2275 amici·

257 2300 404 2372 tiae,
436 2313 592 2374 quae
635 2295 780 2358 mihi
811 2312 950 2357 cum
977 2296 1080 2358 illo
1109 2296 1226 2362 iam
1256 2297 1363 2361 diu
1393 2306 1516 2374 est,
1561 2307 1625 2361 ut
1662 2297 1824 2364 idem
1862 2297 2035 2365 amici
2066 2311 2312 2370 semper

255 2379 461 2448 velint,
507 2395 704 2454 neque
727 2380 1032 2442 est-ullum
1063 2379 1364 2448 amicitiae
1387 2380 1609 2447 certius
1632 2379 1939 2448 vinculum
1964 2395 2146 2454 quam
2166 2393 2311 2442 con·

257 2479 484 2526 sensus
539 2468 599 2522 et
640 2460 904 2524 societas
948 2462 1337 2528 consiliorum
1375 2471 1435 2524 et
1463 2462 1855 2530 voluntatum.
1939 2461 2084 2528 Mihi
2108 2467 2311 2528 autem

253 2561 376 2606 non
405 2543 470 2606 id
499 2543 670 2606 estin
702 2543 815 2606 hac
845 2559 912 2604 re
940 2544 1464 2617 molestissimum,
1503 2553 1713 2609 contra
1738 2544 1907 2609 illum
1934 2542 2163 2616 dicere,
2196 2543 2313 2604 sed

255 2631 438 2690 multo
471 2627 618 2688 illud
647 2625 866 2702 magiS,
905 2628 1072 2702 qnod
1097 2629 1158 2692 in
1185 2644 1263 2693 ea
1292 2643 1483 2694 causa
1510 2635 1719 2692 contra
1746 2626 2073 2692 dicendum
2094 2631 2213 2696 est,
2252 2625 2315 2690 in

257 2726 378 2785 qua
416 2711 716 2785 quaedam
759 2709 1066 2776 hominum
1094 2709 1371 2785 ipsorum
1399 2708 1639 2778 videtur
1683 2709 1962 2776 facienda
1988 2723 2130 2773 esse
2158 2722 2313 2768 con-

255 2791 460 2854 tentio.
495 2793 556 2856 6.
578 2793 820 2871 Quaerit
839 2791 1000 2858 enim
1025 2791 1369 2856 Laterensis
1403 2800 1587 2870 atque
1618 2793 1737 2855 hoe
1762 2810 1891 2874 *uno
1922 2789 2181 2858 maxime
2210 2807 2312 2850 ur-

250 2884 371 2951 get,
406 2894 527 2956 qua
555 2895 624 2937 se
649 2875 1036 2950 virtuteque
1059 2876 1240 2940 laude
1264 2875 1564 2949 Plancius,
1594 2892 1715 2950 qua
1736 2874 2022 2952 dignitate
2057 2887 2314 2946 supera-

251 2959 346 3020 rit.
391 2959 496 3032 ita,
535 2961 586 3022 si
623 2961 774 3026 cedo
805 2958 966 3026 illius
999 2959 1384 3030 ornamentis,
1417 2974 1576 3034 quae
1604 2962 1789 3026 multa
1815 2966 1878 3020 et
1904 2971 2135 3030 magna
2150 2966 2317 3025 sunt,

252 3058 374 3103 non
420 3044 617 3105 solum
653 3041 834 3110 huius
875 3041 1182 3116 dignitatis
1221 3041 1453 3109 iactura
1491 3039 1772 3105 facienda
1812 3048 1937 3112 est,
1984 3037 2095 3105 sed
2131 3035 2316 3104 etiam

252 3123 589 3200 largitionis
627 3123 980 3204 recipienda
1019 3123 1281 3199 suspitio
1338 3132 1472 3188 est.
1516 3123 1607 3184 sin
1642 3123 1812 3194 hunc
1854 3121 1941 3190 illi
1982 3129 2319 3194 antepono.

255 3207 694 3274 contumeliosa
713 3206 993 3271 habenda
1014 3215 1108 3267 est
1130 3207 1321 3272 oratio
1344 3215 1405 3272 et
1432 3205 1753 3271 dicendum
1784 3213 1879 3267 est
1904 3204 1984 3278 id,
2021 3201 2203 3286 quod
2211 3201 2317 3263 ille

253 3305 352 3348 me
381 3286 636 3364 flagitat,
677 3286 1070 3362 Laterensem
1110 3305 1148 3346 a
1175 3285 1417 3350 Plancio
1449 3287 1735 3364 dignitate
1762 3303 1902 3346 esse
1932 3292 2307 3384 superatum

253 3369 342 3429 lta
369 3381 470 3431 aut
491 3369 840 3435 amicissimi
866 3368 1126 3452 hominis
1150 3369 1513 3433 existimatio
1513 3331 1903 3454 ”offendenda
1926 3365 2035 3440 est‘,
2068 3383 2125 3432 ει
2104 3363 2311 3427 illam
