2459 3817
712 128 876 189 CAP.
922 136 1114 189 2—5.
1160 134 1213 195 s.
1243 136 1472 191 5—12.
2007 129 2126 193 187

70 294 173 339 ses
210 276 646 354 exercitusque
674 294 1041 354 permagnos
1076 277 1562 353 quibuscumque
1595 294 1674 339 ex
1703 276 1986 355 gentibus
2018 295 2127 353 po—

72 359 291 422 tuisset
327 369 747 437 comparasset
790 369 850 422 et
889 378 961 421 se
986 360 1410 438 Bosphoranis
1445 359 1714 423 finitimis
1744 361 1874 422 suis
1904 360 2125 423 bellum

70 438 291 503 inferre
320 443 659 518 simularet,
686 460 887 521 usque
918 444 979 503 in
1001 442 1360 520 Hispaniam
1387 445 1625 519 legatos
1657 460 1732 505 ac
1761 443 1988 505 litteras
2019 443 2126 505 mi-

69 525 147 587 sit
185 526 266 585 ad
310 542 421 586 eos
468 527 689 601 duceS,
740 526 1103 601 quibuscum
1148 536 1273 588 tum
1319 528 1543 587 bellum
1593 528 1988 601 gerebamus,
2043 535 2127 601 ut,

70 624 254 681 quum
302 610 545 670 duobus
587 608 647 669 in
690 609 841 671 locis
884 609 1377 671 disiunctissimis
1427 608 1814 685 maximeque
1861 608 2124 670 diversis

68 707 189 751 uno
219 690 477 752 consilio
509 708 547 752 a
574 690 731 753 binis
765 692 1025 753 hostin-m
1054 692 1254 768 copiis
1282 694 1506 753 bellum
1537 701 1696 753 terra
1723 691 1998 767 marique
2020 708 2124 768 ge·

66 778 324 847 reretu‘r,
362 788 479 835 vos
518 774 766 851 ancipiti
810 775 1197 837 contentione
1238 773 1494 837 districti
1531 776 1613 836 de
1652 774 1908 850 imperio
1953 774 2125 835 dimi-

66 856 303 917 caretis.
363 856 462 917 10.
514 856 639 918 Sed
670 868 867 919 tamen
898 858 1145 919 alterius
1178 858 1370 933 partis
1412 858 1746 933 periculum
1767 903 1784 931 ,
1829 857 2119 921 Sertoria-

64 955 179 998 nae
219 948 403 1015 atque
430 940 883 1015 HispaniensiS,
930 957 1089 1016 quae
1126 943 1344 1001 multo.»
1361 942 1500 1014 plus
1529 937 1888 1000 firmamenti
1919 954 1993 998 ac
2025 956 2120 999 ro-

64 1020 231 1081 boris
260 1020 555 1095 habebat,
596 1023 701 1083 Cn.
730 1022 1005 1098 Pompeii
1046 1022 1253 1085 divino
1297 1022 1558 1084 consilio
1583 1038 1660 1083 ac
1690 1021 1981 1097 singulari
2009 1020 2124 1082 vir·

64 1112 187 1165 tute
221 1105 547 1181 depulsum
576 1113 673 1164 est
683 1126 701 1159 ἐ
736 1105 798 1165 in
829 1108 1017 1166 altera
1043 1114 1216 1180 parte
1232 1106 1322 1167 ita
1339 1122 1442 1166 res
1463 1122 1502 1165 a
1523 1106 1588 1166 L.
1609 1106 1868 1166 Lucullo
1887 1116 2124 1166 summo

62 1186 193 1246 viro
234 1194 333 1246 est
376 1186 822 1261 administrata,
864 1196 930 1248 ut
968 1187 1136 1247 initia
1178 1188 1282 1248 illa
1317 1204 1524 1249 rerum
1565 1197 1873 1263 gestarum
1903 1202 2126 1263 magna

60 1278 252 1343 atque·
289 1268 606 1343 praeclara
646 1284 770 1329 non
816 1268 1083 1330 felicitati
1112 1270 1276 1342 eiua,
1321 1271 1435 1330 sed
1465 1269 1696 1343 virtuti,
1738 1271 1892 1331 haec
1923 1278 2124 1333 autem

62 1358 364 1423 extrema,
412 1367 571 1425 quae
605 1366 803 1427 nuper
835 1351 1218 1425 acciderunt,
1257 1370 1380 1415 non
1411 1353 1658 1428 culpae,
1701 1354 1816 1415 sed
1841 1352 2124 1417 fortunae

60 1433 381 1495 tribuenda
411 1450 553 1495 esse
584 1435 919 1497 videantur.
994 1434 1117 1496 Sed
1142 1437 1225 1496 de
1251 1436 1504 1497 Lucullo
1529 1436 1726 1497 dicam
1753 1435 1872 1497 alio
1897 1437 2038 1499 loco
2063 1443 2120 1498 et

56 1515 143 1577 ita
182 1515 411 1589 dicam,
434 1516 747 1591 ·QuiriteS,
790 1528 855 1585 ut
884 1534 1085 1593 neque
1114 1534 1261 1579 vera
1291 1522 1426 1581 laus
1457 1519 1514 1580 ei
1544 1520 1814 1580 detracta
1845 1518 2120 1583 oratione

60 1616 197 1659 mea
232 1614 433 1673 neque
480 1600 633 1679 falsa
677 1600 905 1661 adficta
949 1616 1093 1661 esse
1133 1600 1442 1661 videatur-2
1508 1599 1610 1660 11.
1665 1600 1748 1659 dc
1787 1596 1977 1661 vestri
2013 1598 2120 1659 im·

61 1682 211 1759 perii
236 1680 528 1757 dignitate
555 1690 741 1759 atque
767 1682 992 1759 gloria,
1028 1683 1312 1758 quoniam
1343 1683 1396 1743 is
1426 1690 1524 1745 est
1543 1698 1811 1745 exorsus
1831 1681 2120 1743 orationis

62 1781 266 1837 meae,
300 1762 509 1825 videte
541 1782 724 1840 quem
752 1765 929 1826 vobis
964 1764 1227 1827 animum
1256 1765 1718 1843 suscipiendum
1749 1764 1996 1840 putetis.

222 1848 301 1906 V.
324 1846 592 1909 Maiores
610 1849 805 1909 nostri
823 1864 1015 1923 saepe
1032 1850 1474 1911 mercatoribus
1487 1854 1596 1910 aut
1610 1846 1996 1910 naviculariis
2011 1864 2120 1909 no·

62 1929 205 1992 stris
238 1926 593 1992 iniuriosius
629 1931 903 1993 tractatis
934 1932 1094 1991 bella
1124 1940 1484 2006 gesserunt:
1525 1948 1643 1992 vos
1668 1938 1757 1993 tot
1777 1928 2015 1991 milibus
2039 1929 2120 1991 ci-

58 2012 226 2073 vium
251 2014 664 2075 Romanorum
686 2030 810 2076 uno
834 2011 1047 2075 nuntio
1083 2022 1270 2090 atque
1291 2030 1414 2077 uno
1437 2022 1718 2090 tempore
1738 2012 1970 2074 necatis
1995 2030 2118 2089 quo

58 2103 157 2155 tan
165 2096 307 2155 dem
330 2094 533 2158 animo
552 2112 698 2158 esse
710 2094 949 2159 debetis
962 2098 993 2158 ἲ
1013 2097 1220 2173 Legati
1237 2098 1405 2174 quod
1419 2103 1592 2159 eraut
1607 2096 1896 2173 appellati
1909 2114 1981 2159 su
1986 2113 2100 2174 per

53 2175 193 2238 hius
208 2221 223 2249 ,
266 2173 615 2236 Corinthum
660 2184 867 2251 patres
896 2176 1085 2237 vestri
1112 2176 1299 2239 totius
1333 2176 1624 2239 Graeciae
1655 2178 1856 2239 lumen
1887 2175 2114 2237 exstin-

52 2266 215 2319 ctum
242 2274 387 2319 esse
412 2258 735 2320 voluerunt
751 2282 768 2316 e
798 2276 913 2321 vos
942 2274 1083 2320 eum
1110 2276 1318 2335 regem
1339 2258 1593 2321 inultum
1619 2276 1762 2322 esse
1785 2257 2115 2335 patiemini,

55 2340 161 2417 qui
200 2341 464 2415 legatum
508 2340 720 2418 populi
745 2342 1007 2403 Romani
1037 2344 1424 2404 consularem
1456 2341 1714 2403 vinculis
1744 2356 1818 2403 ac
1847 2340 2114 2402 verberi·

49 2424 168 2484 bus
191 2430 375 2499 atque
396 2422 561 2484 omni
584 2424 887 2500 supplicio
912 2424 1325 2499 excruciatum
1347 2424 1633 2487 necavit?
1663 2422 1755 2485 lili
1775 2422 2114 2485 libertatem

52 2505 425 2570 imminutam
466 2505 691 2567 civium
719 2508 1133 2569 Romanorum
1176 2524 1298 2569 non
1343 2510 1635 2569 tulerunta
1679 2523 1797 2569 vos
1842 2515 2113 2582 ereptam

48 2588 235 2649 vitam
278 2588 597 2665 negligetis
610 2596 646 2649 ἲ
680 2590 784 2651 ius
831 2590 1149 2667 legationis
1192 2591 1385 2653 verbo
1430 2590 1722 2654 violatum
1769 2588 1856 2649 ini
1901 2605 2111 2664 perse·

48 2670 172 2731 cuti
204 2680 373 2734 suntz
412 2688 531 2733 vos
568 2672 831 2747 legatum
860 2673 1025 2734 omni
1054 2672 1360 2749 supplicio
1389 2671 1772 2735 interfectum
1803 2670 2108 2748 relinque-

48 2753 172 2815 tis?
238 2754 336 2815 12.
379 2753 600 2816 Videte
620 2770 729 2827 ne,
765 2764 830 2817 ut
854 2755 975 2817 illis
1006 2755 1476 2831 pulcherrimum
1507 2754 1620 2817 fuit
1663 2762 1886 2815 tantam
1925 2752 2110 2815 vobis

48 2836 289 2911 imperii
321 2836 574 2912 gloriam
606 2839 873 2914 tradere,
913 2838 1007 2899 sic
1036 2838 1219 2899 vobis
1248 2836 1665 2913 turpissimum
1691 2836 1772 2899 sit
1807 2836 1902 2913 id,
1939 2838 2104 2913 quod

48 2918 410 2995 accepistis,
446 2919 599 2981 tueri
626 2928 691 2982 et
714 2936 1088 2982 conservare
1118 2937 1242 2981 non
1278 2935 1489 2996 posse.
2011 2962 2022 2975 .

215 3000 402 3076 Quid,
451 3003 619 3078 quod
658 3004 829 3064 salus
872 3002 1179 3064 sociorum
1219 3018 1520 3064 summum
1557 3001 1617 3065 in
1661 3002 1997 3077 periculum
2031 3021 2107 3065 ac

47 3084 377 3146 discrimen·
402 3093 689 3159 vocatur,
724 3101 849 3161 quo
884 3086 1126 3147 tandem
1162 3086 1364 3146 animo
1393 3086 1551 3147 ferre
1581 3084 1864 3147 debetis?
1892 3087 2106 3161 Regno

47 3174 142 3227 est
168 3169 468 3245 expulsus
496 3166 945 3229 Ariobarzanes
972 3184 1114 3243 rex,
1155 3168 1364 3229 socius
1392 3166 1608 3243 populi
1633 3168 1893 3229 Romani
1921 3178 2107 3244 atque

44 3248 311 3311 amicusz
344 3247 659 3311 imminent
684 3252 808 3312 duo
840 3267 1021 3327 reges
1050 3250 1159 3314 toti
1180 3248 1372 3313 Asiae
1391 3267 1520 3313 non
1551 3251 1752 3312 solum
1782 3250 1962 3311 vobis
1996 3248 2107 3313 ini·

44 3329 392 3405 micissimi,
438 3333 551 3393 sed
594 3332 775 3394 etiam
820 3331 1047 3395 vestris
1092 3332 1282 3396 sociis
1324 3341 1508 3407 atque
1540 3330 1777 3393 amicis.
1825 3330 2108 3393 civitates
