2459 3817
264 90 385 158 108
754 91 829 148 ΙΝ
859 91 923 150 C.
951 91 1277 152 VERREM
1301 92 1471 150 A.cT
1500 91 1878 151 11.L113.1v.

268 257 443 315 quae,
477 238 681 313 quod
664 255 725 299 m
756 255 829 299 ea
858 250 1029 313 parte
1046 240 1350 300 Fortunae
1378 241 1580 301 fanum
1608 242 1922 315 antiquum
1951 241 2078 312 fuit,
2104 238 2312 316 Tycha

264 320 565 383 nominata
587 329 698 394 est,
728 321 790 380 in
816 316 939 394 'qua
966 323 1344 399 gymnasium
1373 323 1808 397 amplissimum
1838 330 1932 384 est
1959 331 2024 382 et
2039 323 2317 395 complu·-

264 420 365 464 res
390 405 575 463 aedes
604 419 849 480 sacrae,
892 404 1231 479 coliturque
1261 421 1335 464 ea
1362 421 1504 479 pars
1531 413 1592 466 et
1617 404 1917 465 habitatur
1945 405 2316 479 frequentis-

264 486 434 546 sime.
498 484 719 557 Quarta
768 495 967 546 autem
1008 495 1127 560 est,
1174 502 1332 560 quae
1377 486 1520 560 quia
1566 496 1876 561 postrema
1913 485 2314 548 coaedificata

264 575 387 640 est,
425 567 715 642 Neapolis
742 568 1113 629 nominatur:
1160 585 1342 644 quam
1367 569 1450 628 ad
1477 585 1768 629 summam
1795 569 2094 629 theatrum
2121 566 2312 626 maxi-

264 667 449 727 mum,
483 657 800 724 praeterea
828 652 950 711 duo
983 653 1208 726 templa
1235 660 1379 712 sunt
1407 651 1679 727 egregia,
1713 649 1948 712 Cereris
1979 667 2164 710 unum
2179 694 2196 722 ‚
2224 649 2311 708 al·

266 740 457 793 terum
483 731 736 793 Liberae
766 733 1129 809 signumque
1156 733 1494 808 ApolliniS,
1537 733 1642 808 qui
1668 733 2008 793 Temenites
2039 740 2310 802 vocatur,

264 814 731 889 pulcherrimum
760 824 821 876 et
850 817 1203 876 maximum
1259 816 1424 891 quod
1467 816 1584 876 iste
1623 815 1678 875 si
1718 823 1962 890 portare
1990 814 2310 888 potuisset,

262 915 384 959 non
412 897 749 958 dubitasset
782 900 1039 958 auferre.

428 980 580 1039 le.
639 979 779 1040 120.
840 981 1011 1040 Nunc
1044 981 1124 1039 ad
1145 980 1497 1040 Marcellum
1521 987 1818 1052 revertar,
1857 995 1936 1039 ne
1964 979 2119 1038 haec
2145 995 2182 1037 a
2213 993 2314 1036 me

262 1063 397 1124 sine
449 1077 635 1122 causa
686 1071 1151 1122 commemorata
1200 1077 1343 1122 esse
1400 1061 1739 1122 videantur=
1805 1061 1911 1136 qui
1957 1077 2143 1135 quum
2189 1069 2311 1118 tam

262 1145 633 1220 praeclaram
660 1145 870 1204 urbem
904 1145 963 1204 vi
994 1144 1312 1218 copiisque
1335 1143 1632 1219 cepisset,
1659 1160 1784 1203 non
1812 1142 2046 1218 putavit
2075 1143 2155 1202 ad
2185 1144 2313 1202 lau-

262 1229 404 1288 dem
436 1227 651 1301 populi
678 1227 935 1288 Romani
963 1227 1081 1287 hoc
1110 1227 1442 1300 pertinere,
1488 1227 1645 1286 hanc
1687 1224 2184 1301 pulcritudinem,
2233 1240 2314 1284 ex

262 1327 387 1383 qua
414 1310 770 1382 praesertim
799 1308 1053 1382 periculi
1083 1308 1229 1368 nihil
1257 1309 1709 1383 ostenderetur,
1747 1309 1952 1368 delere
1981 1314 2044 1369 et
2085 1308 2308 1367 exstin-

264 1405 468 1464 guere.
524 1391 737 1462 ltaque
776 1389 1071 1449 aedificiis
1102 1391 1413 1464 omnibus,
1467 1391 1727 1464 publicis
1783 1389 2066 1465 privatis,
2119 1389 2312 1449 sacris

265 1470 570 1546 profanis,
603 1470 692 1532 sic
722 1471 1011 1547 pepercit,
1042 1471 1220 1546 quasi
1241 1473 1322 1532 ad
1345 1489 1418 1532 ea
1447 1473 1832 1534 defendenda
1859 1489 1998 1534 cum
2025 1472 2316 1544 exercitu,

266 1570 387 1614 non
418 1555 831 1628 oppugnanda
856 1553 1148 1614 venisset.
1210 1555 1280 1613 ln
1313 1563 1526 1615 ornatu
1570 1557 1740 1616 urbis
1778 1555 1988 1616 habuit
2028 1553 2315 1614 victoriae

262 1637 584 1710 rationem,
614 1637 823 1698 habuit
850 1635 1256 1698 humanitatis.
1315 1637 1622 1698 Victoriae
1663 1639 1910 1711 putabat
1949 1652 2092 1697 esse
2131 1638 2311 1698 multa

263 1721 513 1781 Romam
536 1721 877 1796 deportare,
908 1736 1064 1795 quae
1100 1729 1452 1781 ornamento
1473 1718 1608 1780 urbi
1634 1736 1776 1780 esse
1803 1726 2076 1793 possent,
2107 1718 2313 1778 huma-

264 1803 465 1863 nitatis
504 1819 627 1862 non
669 1806 852 1878 plane
882 1803 1231 1877 exspoliare
1265 1803 1502 1874 urbem,
1546 1801 1902 1876 praesertim
1943 1817 2124 1876 quam
2171 1815 2316 1860 con·

266 1899 514 1942 servare
542 1886 859 1946 voluisset.
925 1885 1065 1946 121.
1118 1887 1186 1944 In
1212 1886 1332 1945 hac
1369 1883 1690 1960 partitione
1723 1892 1974 1945 ornatus
2015 1898 2137 1942 non
2178 1883 2316 1955 plus

264 1964 518 2024 victoria
544 1965 813 2026 Marcelli
842 1969 1073 2041 populo
1098 1967 1376 2027 Romano
1417 1966 1713 2040 appetivit
1752 1981 1932 2040 quam
1975 1963 2316 2024 humanitas

268 2045 673 2122 Syracusanis
700 2047 1057 2107 reservavit.
1096 2048 1350 2106 Romam
1381 2063 1538 2121 quae
1567 2056 1886 2123 apportata
1919 2056 2076 2119 sunt,
2111 2049 2191 2106 ad
2217 2061 2317 2104 ae—

266 2129 405 2188 dem
432 2127 697 2188 Honoris
729 2137 789 2188 et
818 2127 1071 2188 Virtutis
1120 2129 1384 2201 itemque
1426 2129 1558 2189 aliis
1599 2131 1661 2189 in
1691 2129 1846 2190 locis
1883 2130 2178 2191 videmus.
2217 2127 2318 2186 Ni-

265 2210 349 2271 hil
376 2210 439 2271 in
464 2210 753 2284 aedibus,
784 2208 929 2268 nihil
962 2209 1024 2268 in
1054 2207 1248 2268 hortis
1274 2208 1498 2284 posuit,
1529 2212 1674 2272 nihil
1705 2212 1768 2273 in
1797 2213 2177 2272 suburbano:
2207 2226 2320 2284 pu·-

272 2293 444 2366 tavit,
476 2293 533 2352 si
565 2291 733 2352 urbis
770 2291 1402 2366 ornamentadomum
1433 2308 1606 2352 suam
1637 2311 1761 2354 non
1789 2295 2177 2365 contulisset,
2211 2293 2318 2350 do—

270 2392 433 2434 mum
468 2391 641 2434 suam
674 2381 1027 2433 ornamento
1055 2373 1191 2433 urbi
1235 2375 1514 2435 futuram.
1571 2374 1899 2452 Syracusis
1941 2384 2138 2437 autem
2185 2389 2320 2448 per-

268 2458 451 2516 multa
480 2465 663 2528 atque
694 2455 939 2530 egregia
964 2455 1235 2530 reliquit=
1265 2457 1445 2518 deum
1475 2472 1620 2518 vero
1643 2459 1874 2520 nullum
1891 2459 2159 2528 violavit,
2192 2457 2321 2514 nul-

268 2540 391 2598 lum
418 2537 627 2612 attigit.
690 2538 969 2600 Conferte
997 2540 1278 2613 Verrem,
1322 2555 1445 2598 non
1483 2547 1552 2600 ut
1577 2540 1882 2600 hominem
1913 2557 2050 2600 eum
2079 2537 2324 2598 homine

267 2621 661 2696 comparetis,
690 2631 773 2680 'ne
805 2637 925 2694 qua
956 2620 1057 2680 tali
1088 2619 1214 2680 viro
1251 2630 1486 2682 mortuo
1516 2621 1624 2682 fiat
1659 2621 1906 2694 iniuria,
1959 2623 2072 2682 sed
2113 2628 2180 2680 ut
2217 2636 2324 2694 pa-

268 2719 401 2764 cem
430 2718 567 2762 cum
593 2703 785 2774 bello,
816 2704 983 2774 leges
1015 2718 1151 2762 cum
1182 2703 1274 2778 vi,
1305 2706 1501 2764 forum
1529 2712 1588 2763 et
1627 2703 1775 2764 iuris
1819 2703 2144 2764 dictionem
2185 2718 2326 2760 cum

267 2786 428 2845 ferro
458 2793 519 2845 et
549 2783 761 2857 armis,
795 2785 1129 2846 adventum·
1150 2794 1211 2846 et
1232 2786 1578 2846 comitatum
1607 2802 1746 2846 cum
1767 2785 2034 2849 exercitu
2053 2793 2115 2847 et
2134 2783 2328 2844 victo-

267 2866 358 2924 ria
384 2867 728 2926 conferatis.

433 2948 559 3010 LV.
616 2949 757 3010 122.
810 2948 1003 3008 Aedis
1030 2949 1344 3010 Minervae
1391 2948 1574 3008 estin
1603 2951 1842 3022 Insula,
1900 2950 1978 3008 de
2021 2965 2142 3024 qua
2185 2957 2332 3006 ante

270 3030 427 3092 dixi·
467 3047 646 3106 quam
679 3031 1005 3090 Marcellus
1033 3048 1156 3090 non
1190 3031 1410 3104 attigit,
1446 3047 1626 3104 quam
1654 3033 1897 3107 plenam
1926 3039 2110 3105 atque
2151 3045 2330 3089 orna-

268 3125 389 3173 tam
421 3113 693 3188 reliquit·
741 3128 899 3187 quae
928 3113 1005 3171 ab
1032 3111 1151 3172 isto
1182 3113 1274 3172 sic
1308 3114 1566 3186 spoliata
1593 3121 1776 3189 atque
1799 3113 2037 3187 direpta
2061 3120 2176 3182 est,
2205 3127 2331 3170 non

271 3197 343 3252 ut
361 3197 437 3256 ab
470 3201 653 3262 hoste
682 3197 907 3272 aliquo,
942 3194 1047 3272 qui
1074 3201 1276 3256 tamen
1303 3193 1364 3252 in
1392 3195 1556 3254 bello
1585 3191 1942 3266 religionem
1973 3195 2032 3248 et
2064 3201 2328 3247 consue-

268 3279 539 3342 tudinis
523 3299 659 3344 iura
686 3281 978 3344 retineret
1046 3277 1159 3338 sed
1188 3283 1256 3338 ut
1284 3293 1322 3335 a
1351 3275 1625 3359 barbaris
1654 3271 2072 3349 praedonibus
2104 3274 2327 3330 vexata

136 3597 383 3674 Α
