2459 3817
262 116 347 181 90
724 118 803 177 IN
846 118 907 178 C.
942 116 1269 177 VERREM
1301 116 1464 176 ACT.
1500 118 1570 175 11.
1605 118 1745 177 LIB.
1777 120 1878 176 lv.

275 271 591 342 naturique
638 276 809 338 sunt,
868 266 927 325 id
979 266 1039 325 C.
1070 267 1300 326 Verres
1343 266 1417 325 ab
1461 265 1709 341 regibus
1758 268 1957 327 ornari
2013 284 2134 331 non
2189 285 2323 343 pas·

276 370 383 412 sus
416 362 527 412 cst.

442 431 541 493 72.
598 434 809 507 Itaque
850 430 967 490 hoc
1012 429 1246 491 nefario
1289 433 1522 490 scelere
1567 438 1899 507 concepte,
1941 383 2087 491 nihil
2117 443 2326 507 postea

276 524 400 579 tota
429 514 487 574 in
514 513 721 574 Sicilia
749 530 951 588 neque
981 513 1139 573 sacri
1168 529 1372 587 neque
1398 512 1667 587 religiosi
1691 516 1864 575 duxit
1886 530 2059 575 esset
2087 515 2177 585 ita¹
2193 532 2327 576 sese

276 602 337 660 in
380 613 455 658 ea
502 596 817 671 provincia
855 611 965 671 per
992 594 1314 656 triennium
1346 595 1567 670 gessit,
1609 604 1676 656 ut
1719 596 1796 656 ab
1827 597 1944 657 isto
1981 612 2104 657 non
2135 599 2328 658 solum

274 680 668 754 hominibuS,.
698 696 906 739 verum
949 678 1127 739 etiam
1170 678 1264 737 dis
1305 677 1740 739 immortalibus
1779 679 2000 743 bellum
2046 679 2329 741 indictum

276 770 605 841 putaretur.
690 762 949 821 XXXIII.
1036 760 1292 835 Segesta
1338 767 1433 820 est
1472 758 1769 836 oppidum
1812 771 2096 835 pervetus
2135 764 2195 821 in
2241 762 2326 822 Si-

276 847 433 920 cilia,
463 845 717 916 iudieeS,
765 846 929 917 quod
960 843 1037 901 ab
1066 843 1277 902 Aenea
1318 844 1580 917 fugiente
1611 860 1648 902 a
1677 844 1853 904 Troia
1879 853 2063 919 atque
2091 845 2152 904 in
2181 846 2328 906 haec

278 931 413 991 loca
453 929 732 987 veniente
762 926 1069 986 conditum
1100 942 1243 986 esse
1285 925 1716 986 demonstrant.
1779 928 1989 1003 Itaque
2017 926 2331 1002 Segestani

277 1028 401 1073 non
446 1011 643 1071 solum
682 1018 975 1085 perpetua
1019 1009 1310 1069 societate
1351 1015 1534 1083 atque
1572 1008 1861 1080 amicitia,
1915 1024 2118 1070 verum
2157 1009 2328 1069 etiam

278 1092 641 1169 cognatione
671 1106 740 1151 se
770 1108 905 1151 cum
930 1092 1159 1165 populo
1179 1092 1456 1152 Romano
1491 1090 1851 1151 coniunctos
1882 1108 2024 1151 csse
2043 1090 2332 1153 arbitran-

277 1186 392 1239 tur.
462 1176 596 1234 Hoc
628 1174 937 1249 quondam
971 1172 1297 1248 oppidum,
1341 1190 1523 1248 quum
1553 1172 1656 1233 illa
1685 1172 1898 1234 civitas
1948 1190 2080 1233 cum
2115 1173 2329 1235 Poenis

280 1275 395 1321 suo
436 1256 681 1317 nomine
726 1271 799 1316 ac
834 1272 947 1316 sua
978 1264 1198 1331 sponte
1228 1254 1508 1327 bellaret,
1563 1271 1600 1314 a
1623 1255 2228 1331 Karthaginiensibus
2270 1256 2330 1315 vi

277 1349 523 1415 captum
553 1348 737 1414 atquc
769 1340 1031 1399 deletum
1072 1345 1204 1413 est,
1230 1336 1584 1411 omniaque,
1630 1354 1788 1413 quac
1818 1347 2170 1401 ornamento
2199 1338 2331 1399 urbi

279 1439 422 1483 esse
452 1426 735 1496 possent,
778 1419 1207 1493 Karthaginem
1237 1428 1378 1479 sunt
1407 1436 1481 1480 ex
1514 1422 1616 1480 illo
1647 1423 1784 1481 loco
1816 1422 2150 1497 deportata.
2201 1421 2334 1481 Fuit

278 1505 445 1579 apud
477 1504 849 1578 Segestanos
880 1518 957 1563 ex
986 1517 1129 1562 aere
1163 1502 1394 1562 Dianae
1421 1502 1837 1576 simulacrum,
1885 1520 2068 1579 qnam
2102 1520 2329 1565 summa

282 1596 462 1662 atqu-e
508 1585 929 1661 antiquissima
974 1584 1312 1659 praeditum
1346 1584 1638 1660 religione
1671 1596 1794 1647 tum
1825 1586 2114 1661 singulari
2149 1602 2333 1661 opere

276 1668 663 1749 artificioque
703 1670 1056 1743 perfectum.
1118 1668 1252 1728 Hoc
1293 1670 1642 1729 translatum
1668 1666 2108 1745 Karthaginem
2135 1671 2330 1730 locum

283 1762 505 1815 tantum
548 1750 951 1826 hominesque
996 1758 1283 1823 mutarat,
1337 1750 1692 1825 religionem
1735 1750 1977 1826 quidem
2022 1750 2328 1826 pristinam

285 1835 711 1898 conservabat=
753 1850 892 1893 nam
936 1842 1187 1909 propter
1227 1832 1505 1893 eximiam
1532 1833 1993 1913 pulcritudinem
2023 1834 2202 1901 etiam
2230 1834 2327 1894 ho·

281 1920 475 1979 stibus
508 1918 690 1991 digna
720 1917 1314 1991 quamsanctissime
1361 1918 1628 1976 colerent
1657 1916 1991 1977 videbatur.
2038 1896 2149 1978 ''13-
2211 1915 2336 1975 Ali-

286 2007 433 2075 quot
466 1998 729 2059 saeculis
760 2007 903 2073 post
929 1998 990 2057 P.
1028 1998 1236 2073 Scipio
1261 2000 1420 2059 bello
1448 1998 1674 2059 Punico
1701 1997 1874 2060 tertio
1905 1998 2338 2074 Karthaginem

283 2084 472 2157 cepit:
510 2097 631 2155 qua
675 2080 733 2138 in
770 2080 1021 2141 victoria
1048 2114 1129 2127 --
1160 2081 1361 2141 videte
1388 2081 1650 2141 hominis
1694 2080 1970 2143 virtutem
1999 2091 2060 2143 et
2087 2078 2339 2156 diligen-

282 2166 424 2229 tiam
442 2209 456 2236 ‚
488 2171 555 2223 ut
584 2170 643 2222 et
671 2162 1023 2223 domesticis
1054 2161 1578 2237 praeclarissimae
1602 2163 1839 2225 virtutis
1864 2165 2161 2240 exemplis
2189 2180 2337 2239 gau-

282 2247 477 2307 deatis
508 2254 567 2306 et
596 2260 671 2305 eo
694 2244 925 2305 maiore
947 2245 1364 2319 odiodignam
1387 2245 1562 2306 istius
1590 2246 2002 2307 incredibilem
2017 2246 2338 2309 audactam

282 2328 561 2390 iudicetis
611 2360 700 2373 -
746 2328 1101 2388 convocatis
1146 2327 1368 2388 Siculis
1421 2328 1731 2403 omnibuS,
1789 2330 1957 2403 quod
2003 2328 2342 2391 diufissime

286 2408 774 2486 saepissimeque
814 2408 1085 2470 Siciliam·
1139 2418 1418 2470 vexatam
1461 2428 1498 2469 a
1536 2410 2144 2489 Karthaginiensibus
2195 2428 2342 2471 csse

286 2502 597 2568 cognorat,
626 2492 792 2552 iubet
808 2493 1009 2553 omnia
1041 2490 1351 2567 conquiri=
1388 2492 1708 2568 pollicetur
1724 2493 1842 2555 sibi·
1867 2510 2124 2569 magnae
2156 2508 2341 2554 curae

284 2580 443 2649 fore,
479 2584 545 2635 ut
574 2572 777 2634 omnia
806 2573 1181 2649 civitatibuS,
1227 2590 1384 2649 quae
1419 2574 1716 2649 cuiusque
1747 2576 2032 2649 ruissent,
2064 2576 2343 2635 restitue-

279 2666 503 2718 rentur.
568 2658 717 2717 Tum
761 2656 889 2729 illa,
947 2675 1105 2733 quae
1135 2658 1445 2732 quondam
1481 2667 1649 2718 erant
1677 2658 1918 2720 Himera
1948 2660 2214 2739 sublata,
2265 2658 2346 2716 de

282 2740 505 2815 quibus
532 2745 713 2799 antea
736 2740 881 2809 dixi,
909 2740 1312 2801 Thermitanis
1343 2746 1488 2799 sunt
1515 2740 1778 2800 reddita:
1813 2748 1941 2799 tuam
1973 2740 2092 2801 alia
2125 2737 2345 2799 Gelen-

283 2822 483 2895 sibuS,
514 2821 632 2881 alia
664 2822 1099 2897 Agrigentinis=
1145 2822 1205 2881 in
1241 2822 1468 2897 quibus
1496 2821 1676 2883 etiam
1709 2822 1816 2887 ille
1845 2824 2070 2884 nobilis
2107 2830 2343 2895 tauruS,

284 2920 464 2979 quem
508 2904 966 2965 crudelissimus
1006 2904 1272 2965 omnium
1317 2908 1715 2982 tyrannorum
1739 2906 2008 2967 Phalaris
2049 2906 2351 2966 habuisse

282 2985 516 3058 dieitur,
550 3004 672 3061 quo
708 2986 883 3048 vivos
920 2986 1204 3067 supplicii
1233 3004 1425 3048 causa
1456 2986 1770 3048 demittere
1799 2984 2084 3049 homines
2109 2996 2171 3051 et
2199 2987 2352 3048 sub-

282 3070 463 3130 iicere
504 3069 809 3129 flammam
844 3070 1108 3131 solebat·
1154 3086 1338 3145 quem
1379 3079 1612 3131 taurum
1665 3086 1850 3145 quum
1877 3070 2086 3146 Scipio
2125 3069 2353 3130 redde-

281 3160 373 3213 ret
404 3152 844 3229 Agrigentinis,
874 3152 1115 3214 dixisse
1142 3152 1363 3213 dicitur
1407 3168 1670 3227 aequum
1710 3169 1860 3213 esse·
1893 3154 2030 3213 illos
2055 3152 2355 3228 cogitare,

282 3243 481 3295 utrum
515 3244 683 3296 esset
713 3234 1125 3319 Agrigentinis
1159 3233 1398 3308 utilius,
1429 3234 1638 3296 suisne
1663 3235 1896 3296 servire
1919 3252 2086 3295 anne-
2111 3234 2352 3313 populo

285 3318 557 3377 Romano
590 3313 1037 3395 obtemperare,
1071 3334 1258 3393 quum
1288 3318 1450 3379 idem
1477 3310 1928 3379 monumentum
1963 3326 2024 3379 et
2057 3314 2356 3377 domesti-
