2459 3817
272 124 399 193 248
565 131 637 189 IN
670 130 748 188 Μ.
778 130 1177 190 ANTONIUM
1204 128 1486 191 ORATIO
1522 127 1938 190 PHILIPPICA
1971 128 2042 187 11.

275 278 376 357 qut
432 296 617 355 quum
642 288 853 341 auctor
884 278 1055 355 regni
1084 295 1291 349 esseS‚
1323 294 1478 351 eum,
1511 294 1692 356 quem
1714 279 2011 353 collegam
2029 276 2324 355 habebaS,
2430 316 2431 343 ÷

267 362 579 425 dominum
636 362 861 425 habere
942 362 1163 431 velles,
1218 358 1381 419 idem
1441 366 1773 435 temptares
1830 361 1975 437 quid
2055 363 2326 438 populus

266 448 579 507 Romanus
624 447 781 509 ferre
823 452 884 505 et
924 442 1049 517 pati
1079 450 1310 517 posset.
1395 440 1496 503 86.
1531 448 1610 501 At
1643 441 1818 502 etiam
1845 441 2328 511 misericordiam

268 528 591 603 captabasz
636 527 897 600 supplex
926 533 985 588 te
1014 525 1093 583 ad
1124 526 1318 599 pedes
1347 524 1696 585 abiiciebas.
1786 524 1942 597 Quid
1975 532 2238 599 petens?
2269 537 2330 586 ut

268 609 574 671 servires?
616 608 747 677 Tibi
776 606 879 667 uni
906 615 1168 683 petereS,
1198 607 1304 681 qui
1333 606 1418 667 ita
1441 624 1480 667 a
1509 622 1700 681 puero
1735 606 1997 681 vixeras,
2027 614 2094 675 ut
2125 610 2327 668 omnia

264 699 557 767 paterere,
586 699 652 757 ut
680 689 855 751 facile
884 688 1147 749 servires
1172 711 1185 743 =
1215 705 1253 751 a
1274 690 1451 751 nobis
1483 690 1842 765 populoque
1859 688 2139 753 Romano
2161 708 2326 753 man-

264 774 471 836 datum
503 773 567 834 id
607 782 769 839 certe
811 789 934 834 non
976 772 1266 833 habebas„
1355 771 1400 831 Ο
1433 772 1804 847 praeclaram
1839 769 2002 836 illam
2033 774 2325 847 eloquen-

266 854 406 915 tiam
438 862 631 927 tuam,
676 872 859 931 quum
903 871 973 919 es
1013 855 1215 916 nudus
1259 854 1676 936 contionatus!
1708 853 1863 926 Quid
1893 854 2332 929 hocturpius?

268 937 415 1012 quid
448 937 731 1009 foedius?
762 937 904 1012 quid
939 936 1262 1011 suppliciis
1293 938 1570 1000 omnibus
1601 934 1888 1009 dignius?
1913 936 2070 996 Num
2103 952 2322 1013 exspe-

266 1027 418 1095 ctaS‚
440 1022 585 1081 d-um
599 1029 661 1079 te
682 1016 939 1079 stimulis
954 1017 1294 1080 fodiamus?
1314 1020 1483 1080 Haec
1495 1026 1574 1091 te,
1599 1019 1844 1082 siullam
1877 1027 2110 1093 partem
2133 1020 2322 1079 babes

266 1117 523 1175 sensuS,
552 1102 793 1173 lacerat,
823 1100 975 1160 haec
1006 1106 1278 1161 cruentat
1305 1100 1516 1161 oratio.
1607 1101 1838 1162 Vereor
1867 1116 1944 1163 ne
1977 1100 2326 1163 imminuam
2430 1104 2431 1111 ’

266 1199 634 1243 summorum
663 1183 929 1243 virorum
959 1181 1242 1255 gloriam:
1273 1180 1469 1241 dicam
1497 1190 1694 1243 tamen
1719 1180 1933 1245 dolore
1962 1192 2326 1243 commotus.

267 1265 423 1339 Quid
450 1264 755 1339 indignius
812 1280 992 1337 quam
1021 1264 1228 1324 vivere
1257 1280 1427 1337 eum„
1469 1262 1572 1339 qui
1623 1262 1982 1339 imposuerit
2024 1264 2324 1337 diadema,

60 1416 121 1429 Ἠ
270 1364 451 1425 guum
498 1364 711 1409 omnes
756 1346 1051 1409 fateantur
1084 1345 1215 1407 iure
1249 1346 1622 1410 interfectum
1667 1361 1809 1407 esse
1864 1344 1967 1421 qui
2001 1346 2330 1408 abiecerit?

265 1428 365 1493 87.
386 1430 468 1488 At
496 1428 675 1490 etiam
703 1426 927 1489 ascribi
948 1428 1124 1490 iussit
1142 1428 1203 1488 in
1237 1428 1408 1491 fastis
1433 1430 1513 1489 ad
1533 1428 1915 1501 Lupercalia=
1952 1426 2014 1489 C.
2046 1426 2320 1487 CAEsAm

264 1525 585 1570 chA‘rORI
613 1524 906 1570 pnnrnruo
956 1510 1034 1569 M.
1057 1514 1378 1572 Amorum
1431 1524 1734 1571 consum
1791 1526 1997 1575 popum
2023 1526 2198 1570 mssu
2225 1528 2326 1569 m:-

266 1608 427 1651 cmm
463 1607 809 1657 ntrumsstz
857 1591 1187 1655 ensium
1226 1608 1324 1651 οτι
1378 1608 1680 1653 nounsss.
1778 1590 2024 1651 Iamiam
2082 1592 2328 1654 minime

264 1674 451 1736 miror
490 1684 551 1736 te
596 1676 787 1740 otium
840 1676 1224 1750 perturbare=
1271 1692 1392 1742 nou
1434 1676 1614 1736 modo
1657 1674 1870 1735 urbem
1914 1674 2155 1745 odisse,
2218 1678 2324 1735 sed

266 1757 443 1819 etiam
474 1760 700 1819 lucem=
732 1774 871 1823 cum
904 1757 1327 1833 perditissimis
1357 1757 1690 1825 latronibus
1722 1773 1844 1822 non
1875 1758 2074 1818 solum
2099 1757 2179 1816 de
2211 1758 2324 1825 die,
2430 1812 2431 1815 ,

266 1843 379 1901 sed
422 1841 602 1905 etiam
641 1841 701 1899 in
744 1840 905 1903 diem
944 1841 1172 1903 vivere.
1259 1839 1376 1901 Ubi
1423 1840 1585 1901 enim
1610 1849 1676 1902 tu
1702 1841 1762 1902 in
1794 1856 1949 1914 pace
1980 1841 2330 1900 consistes?

268 1922 373 1997 qui
414 1924 589 1983 locus
628 1922 731 1984 tibi
769 1922 830 1983 in
870 1922 1107 1997 legibus
1147 1923 1294 1985 etin
1326 1922 1566 1983 iudiciis
1601 1938 1744 1983 esse
1779 1928 2010 1999 potest,
2053 1938 2216 1996 quae
2245 1932 2329 1993 tu,

268 2015 555 2079 quantum
589 2004 649 2064 in
678 2014 738 2068 te
780 2004 905 2076 fuit,
944 2004 1254 2067 dominatu
1281 2005 1446 2081 tegle
1483 2004 1823 2066 sustulisti?
1850 2006 2078 2065 Ideone
2097 2003 2165 2063 L.
2187 2005 2328 2063 Tar-

270 2086 513 2161 quinius
544 2096 827 2160 exactae,
871 2086 977 2163 Sp.
1011 2085 1294 2161 Cassius,
1340 2086 1445 2162 Sp.
1477 2086 1768 2159 MaeliuS,
1812 2086 1892 2145 Μ.
1922 2084 2188 2145 Manlius
2224 2104 2330 2147 ne-

269 2170 405 2243 cati,
439 2178 506 2235 ut
535 2170 739 2231 multis
769 2178 911 2244 post
943 2168 1207 2231 saeculis
1238 2187 1275 2231 a
1298 2170 1377 2229 Μ.
1405 2168 1701 2242 Antonio,
1737 2169 1902 2243 quod
1927 2168 2020 2227 fas
2052 2184 2176 2227 non
2211 2178 2330 2241 est,

268 2268 382 2311 rex
408 2254 643 2312 Romae
674 2249 1185 2311 constitueretur?

390 2334 634 2397 XXXV.
666 2330 765 2393 88.
804 2330 929 2393 Sed
966 2329 1050 2391 ad
1070 2330 1346 2405 auspicia
1369 2329 1726 2392 redeamus:
1763 2328 1840 2386 de
1871 2326 2093 2401 quibus
2121 2326 2321 2385 rebus

266 2414 473 2479 Idibus
495 2412 727 2476 Martiis
750 2411 862 2473 fuit
882 2411 944 2471 in
972 2420 1190 2478 senatu
1217 2412 1444 2477 Caesar
1466 2418 1744 2475 acturus:
1783 2424 2043 2483 quaero,
2083 2416 2216 2467 tum
2253 2416 2320 2467 tu

268 2496 413 2571 quid
440 2495 695 2569 egisses.
742 2494 1079 2556 Audiebam
1096 2494 1342 2569 quidem
1364 2501 1424 2558 te
1437 2500 1713 2568 paratum
1729 2492 1995 2563 venisse,
2021 2490 2195 2565 quod
2217 2505 2321 2548 me

267 2580 345 2639 de
369 2576 664 2639 ementitis
678 2573 986 2650 auspiciis,
1004 2576 1223 2649 quibus
1244 2582 1443 2638 tamen
1465 2591 1683 2654 parere
1695 2588 1956 2635 necesse
1971 2579 2118 2639 erat,
2140 2578 2320 2647 puta-

270 2678 371 2725 res
390 2677 532 2726 esse
548 2660 865 2724 dicturum.
896 2656 1152 2719 Sustulit
1171 2659 1339 2718 illum
1361 2658 1520 2718 diem
1541 2660 1780 2717 fortuna
1803 2654 2318 2731 populiRomani.
2430 2664 2431 2723 ff

264 2746 417 2808 Num
442 2744 617 2806 etiam
632 2750 803 2806 tuum
817 2742 895 2807 de
910 2739 1200 2817 auspiciis
1215 2738 1500 2802 iudicium
1520 2738 1796 2808 interitus
1811 2736 2094 2797 Caesaris
2109 2742 2313 2795 sustu-

263 2828 367 2887 lit?
398 2826 523 2888 Sed
545 2824 728 2888 incidi
751 2824 813 2886 in
841 2822 907 2887 id
925 2830 1189 2897 tempUS,
1221 2822 1389 2905 quod
1411 2821 1484 2882 iis
1509 2822 1714 2892 rebus,
1751 2820 1812 2879 in
1839 2835 1993 2893 quas
2027 2818 2314 2893 ingressa

266 2916 396 2972 erat
418 2908 631 2979 oratio,
655 2908 1171 2988 praevertendum
1192 2914 1299 2968 est.
1343 2905 1509 2979 Quae
1531 2910 1636 2964 tua
1660 2904 1832 2983 fuga!
1861 2916 2020 2975 quae
2047 2899 2314 2961 formido
2430 2924 2431 2927 ¹

264 2992 579 3066 praeclaro
601 2988 711 3049 illo.
730 2988 829 3048 die
846 2989 861 3047 l
888 3004 1045 3062 quae
1056 2996 1312 3068 propter
1326 2986 1758 3052 conscientiam
1771 2986 2074 3046 scelerum
2089 2984 2312 3059 despe-

264 3072 417 3137 ratio
433 3070 623 3132 vitae!
653 3084 839 3144 quum
866 3086 943 3131 ex
965 3070 1066 3131 illa
1088 3072 1229 3147 ruga
1241 3070 1541 3132 beneficio
1566 3084 1795 3138 eorum,
1823 3066 1928 3141 qui
1947 3073 2040 3137 te,
2052 3065 2106 3125 si
2121 3079 2310 3125 sanus

268 3171 480 3227 esses,
510 3154 747 3217 salvum
772 3167 914 3213 esse
938 3155 1284 3223 voluerunt,
1310 3154 1462 3218 clam
1483 3158 1546 3220 te
1568 3152 1814 3217 domum
1848 3146 2166 3222 recepisti!
2205 3144 2308 3205 89.

264 3238 311 3296 Ο
331 3252 467 3299 mea
482 3238 707 3299 frustra
728 3249 973 3307 semper
994 3234 1312 3296 verissima
1324 3233 1575 3311 auguria
1589 3246 1792 3293 rerum
1809 3229 2179 3293 futurarum!
2209 3226 2306 3287 Di-

262 3316 473 3379 cebam
496 3317 613 3377 illis
638 3316 699 3378 in
723 3315 1020 3394 Capitolio
1054 3314 1480 3381 liberatoribus
1500 3315 1762 3385 nostriS‚
1798 3330 1983 3389 quum
2013 3327 2111 3372 me
2143 3310 2220 3370 ad
2248 3318 2307 3367 te
