2459 3817
795 179 961 240 CAP.
992 188 1150 242 42-
1170 187 1258 242 44.
1301 184 1355 248 S.
1386 187 1719 243 108--115-
1990 220 2009 230 ·
2191 183 2311 249 157

230 331 451 406 homo,
494 346 681 408 quam
711 331 819 393 diu
846 329 1029 405 vixit,
1078 347 1203 393 non
1243 329 1410 392 domi
1439 347 1590 393 suae
1616 331 1850 407 solum,
1879 338 2028 410 post
2055 341 2312 395 mortem

229 423 359 479 teta
390 414 601 476 Sicilia
637 417 842 477 clarus
884 422 947 476 et
988 413 1230 476 nobilis·
1313 416 1382 475 ln
1413 431 1538 491 quo
1569 414 1816 476 homine
1858 423 2091 476 tantum
2123 415 2311 478 animi

230 499 373 574 fuit,
408 515 533 560 nun
569 499 771 561 solum
798 506 868 560 ut
893 499 1075 559 istum
1103 498 1295 560 libere
1333 499 1607 560 laederet
1632 529 1722 544 ·-
1753 513 1893 558 nam
1927 498 1996 560 id
2037 496 2308 575 quidem,

233 584 525 659 quoniam
546 581 944 644 metiundum
968 581 1250 657 videbat,
1293 583 1428 644 sine
1467 582 1744 658 periculo
1773 585 1985 645 facere
2027 598 2100 644 se
2135 581 2310 644 intel-

230 667 593 744 ligebat—,
624 681 871 742 verum,
898 672 1097 728 mortae
1121 665 1476 742 proposita,
1508 682 1698 741 quum
1720 664 2047 728 lacrimans
2081 665 2142 726 in
2175 682 2305 726 ear-

232 766 375 812 eere
410 758 605 812 mater
646 757 859 814 noctes
893 748 1157 826 diesque
1202 748 1545 820 adsideret,
1599 748 2028 810 defensionem
2082 765 2310 811 causae

233 850 383 896 suae
433 831 709 908 scripsitz
749 849 937 910 vquarn
986 847 1149 892 nune
1198 848 1379 894 nemo
1412 831 1596 892 estin
1625 830 1836 892 Sicilia
1876 833 2024 906 quin
2067 831 2307 907 habeat,

232 919 382 996 quin
410 918 573 993 legat
586 963 601 991 ,
644 915 791 992 quin
824 915 913 977 tui
952 915 1208 980 sceleris
1250 923 1312 976 et
1352 913 1727 976 crudelitatis
1769 931 1852 976 ex
1887 913 1996 977 illu
2036 916 2308 978 oratione

232 1001 679 1064 commonefiat.
742 1000 811 1060 In
844 1016 967 1075 qua
992 999 1179 1060 docet
1208 1008 1359 1074 quot
1392 1015 1431 1060 a
1462 996 1705 1061 civitate
1726 1015 1844 1060 sua
1871 1006 2090 1060 nautas
2133 1015 2309 1060 neee-

221 1085 408 1162 ·perit‚
444 1091 597 1160 quot
625 1091 688 1144 et
712 1083 925 1159 quanti
959 1097 1270 1160 quemque
1298 1081 1624 1156 dimiserit,
1655 1091 1807 1158 quot
1837 1097 2050 1144 seeum
2083 1081 2309 1144 habue-

229 1168 327 1238 rit,
358 1166 505 1228 item
532 1167 611 1226 de
638 1165 901 1228 caeteris
928 1165 1190 1228 navibus
1222 1165 1397 1228 dieite
1429 1181 1590 1240 quae
1623 1183 1812 1242 quum
1842 1166 2012 1241 apud
2051 1174 2113 1227 te
2139 1165 2316 1227 diee-

232 1259 358 1323 ret,
412 1248 601 1324 virgis
654 1248 816 1310 oculi
841 1249 1338 1310 verberabantur.
1393 1249 1502 1310 Ille
1535 1258 1729 1312 morte
1766 1249 2090 1327 proposita
2128 1249 2309 1311 facile

232 1335 513 1396 dolorem
535 1333 815 1408 eorpor1s
849 1331 1223 1408 patiebaturae
1249 1331 1568 1406 elam-nbat,
1598 1332 1666 1393 id
1694 1334 1864 1408 quod
1891 1332 2186 1409 seriptum
2213 1350 2310 1394 re-

231 1416 439 1493 liquit=
514 1418 781 1478 Facinus
816 1433 945 1478 esse
970 1417 1300 1492 indimmm,
1332 1421 1478 1493 plus
1505 1418 2007 1494 impudicissimae
2045 1421 2310 1480 mulioeis

230 1503 403 1578 apud
434 1509 491 1564 te
516 1501 595 1566 de
625 1501 943 1562 Cleomenis
965 1503 1157 1562 salute
1176 1517 1355 1576 quam
1375 1501 1451 1561 de
1483 1518 1596 1570 sua
1619 1505 1742 1563 vita
1778 1505 2065 1563 lacrimas
2099 1505 2310 1562 matris

229 1589 447 1646 valere.
510 1583 653 1647 113.
704 1582 941 1646 Deinde
974 1581 1157 1646 etiam
1182 1583 1334 1646 illud
1365 1583 1547 1646 video
1577 1601 1722 1647 esse
1749 1583 1997 1658 dietum,
2033 1585 2222 1660 quod,
2255 1591 2310 1644 si

228 1676 397 1730 recte
425 1683 543 1729 vos
566 1668 835 1744 populus
860 1667 1176 1728 Romanus
1202 1669 1514 1742 eognovit,
1543 1685 1668 1729 non
1698 1669 1855 1728 falso
1885 1667 1988 1728 ille
2017 1667 2098 1726 de
2127 1665 2308 1726 vobis

228 1753 349 1814 iam
376 1751 441 1812 in
470 1761 663 1812 morte
690 1751 831 1827 ipsa
854 1749 1260 1826 praedicavit:
1305 1751 1438 1812 Non
1447 1767 1626 1826 posse
1659 1752 1904 1812 Verrem
1926 1756 2096 1812 testes
2115 1752 2308 1810 inter-

224 1835 483 1910 fidendo
497 1840 643 1894 totos
668 1839 1080 1908 exstinauere:
1096 1837 1438 1908 mambrem
1469 1835 1642 1910 apud
1669 1834 1966 1908 sapientes
1993 1833 2220 1892 iudices
2245 1850 2309 1894 sc

222 1919 367 1994 fore
393 1920 470 1980 ab
497 1918 717 1992 insen}
732 1925 948 1990 testem,
970 1933 1149 1992 quam
1176 1919 1235 1978 si
1261 1921 1424 1979 vivus
1445 1919 1510 1978 in
1537 1917 1823 1978 iudicium
1844 1916 2309 1992 produceretur.-

228 2011 353 2066 tum
394 2004 690 2064 avaritiae
708 2004 895 2064 solwu
911 2045 926 2074 ,
952 2003 1011 2062 si
1034 2003 1281 2062 viveret.-
1322 2017 1511 2072 nunc,
1545 2017 1726 2076 quum
1755 2002 1840 2062 ita
1871 2007 2023 2062 esset
2047 2007 2308 2074 necatus,

230 2089 486 2161 sceler-ie,
512 2086 823 2158 audacaebc,
852 2085 1221 2146 madelmus
1245 2091 1442 2146 testem
1456 2085 1615 2158 fore.
1667 2085 1794 2145 Iam
1825 2083 1928 2144 illa
1959 2086 2305 2160 praeclara:

229 2167 361 2228 Non
386 2170 620 2231 testim»
646 2161 821 2226 modo
845 2169 1135 2238 catervas,
1168 2183 1348 2242 quum
1376 2176 1480 2228 tua
1509 2185 1609 2229 res
1637 2175 1940 2250 afferetur,
1971 2172 2082 2232 sed
2107 2173 2185 2232 ab
2215 2171 2308 2230 dis

228 2253 503 2313 manibus
550 2250 943 2314 innocentium
997 2245 1229 2312 Poenas
1283 2253 1524 2313 soeleris
1581 2255 1667 2312 tui
1729 2259 1907 2328 atque
1958 2254 2191 2314 Furias
2245 2257 2308 2313 in

224 2341 385 2396 tuum
426 2333 715 2398 iudicium
760 2353 886 2398 esse
923 2342 1236 2398 venturas.-
1281 2353 1406 2400 sese
1433 2338 1568 2399 idco
1595 2341 1868 2400 leviorem
1899 2353 2070 2398 suum
2095 2353 2299 2398 casum

218 2421 475 2494 mere,
524 2420 827 2494 quodiam
868 2426 1005 2480 ante
1031 2422 1226 2482 aciem
1263 2424 1557 2482 securium
1594 2430 1833 2494 tuarum
1870 2420 2173 2496 Sextiique
2215 2423 2304 2482 tui

222 2505 525 2575 carnificis
564 2507 784 2564 vultum
815 2510 875 2565 et
896 2519 1137 2564 manum
1166 2505 1430 2578 vidisset,
1459 2521 1638 2580 quum
1666 2509 1729 2566 in
1765 2511 2049 2566 conventu
2085 2506 2300 2568 civium

219 2585 623 2648 Rornanorum
664 2590 827 2648 iussu
862 2593 959 2647 tuo
995 2589 1195 2648 securi
1228 2591 1384 2649 cives
1421 2588 1682 2650 Romani
1706 2590 2060 2663 ferirentur.
2156 2586 2298 2650 114.

221 2669 312 2728 Ne
347 2670 563 2742 multa,
615 2668 885 2732 iudicesz
930 2669 1238 2744 libertate,
1284 2687 1466 2746 quam
1494 2688 1610 2732 vos
1640 2671 1831 2734 sociis
1863 2670 2142 2746 dedistiS‚
2183 2671 2298 2732 hac

220 2753 324 2816 ille
386 2752 450 2813 in
520 2750 919 2814 acerbissimo
982 2751 1290 2830 supplicio
1352 2753 1730 2816 miserrimae
1780 2754 2093 2818 servitutis
2146 2755 2298 2820 abu-

224 2852 333 2899 ms
370 2844 483 2896 est.

387 2920 596 2980 XLIV.
662 2921 1039 2984 condemnat
1067 2938 1282 2984 omnes
1325 2924 1402 2986 de
1444 2921 1688 2986 consilii
1731 2923 2058 2986 sententia:
2097 2932 2299 2985 tamen

220 3019 429 3080 neque
455 3005 573 3064 iste
600 3003 663 3064 in
692 3015 859 3066 tanta
890 3022 959 3067 re
993 3014 1083 3068 tot
1112 3007 1426 3068 hominum
1450 3007 1515 3066 T.
1548 3007 1834 3068 Vectium
1853 3009 1938 3068 ad
1979 3024 2053 3068 se
2093 3022 2299 3068 arces-

220 3087 317 3162 sit,
350 3096 743 3163 quaestorem
772 3106 969 3164 suum,
1004 3089 1179 3152 euius
1214 3090 1472 3154 consilio
1507 3100 1808 3167 uteretur,
1836 3107 2040 3166 neque
2068 3089 2130 3148 P.
2163 3091 2301 3150 Cer-

219 3171 421 3245 vium,
444 3173 629 3232 talem
658 3173 881 3246 virum,
912 3175 1207 3250 legatum,
1253 3174 1386 3251 qui,
1431 3175 1576 3250 quia
1599 3176 1837 3250 legatus
1867 3174 1986 3236 isto
2019 3182 2301 3248 praetore

217 3254 282 3316 in
313 3253 525 3316 Sicilia
552 3255 692 3331 fuit,
721 3255 955 3332 primus
982 3258 1060 3318 ab
1090 3257 1210 3320 isto
1241 3257 1430 3322 iudex
1467 3258 1734 3320 reiectus
1779 3266 1908 3332 est,
1951 3257 2066 3318 sed
2107 3257 2186 3316 de
2215 3256 2275 3316 la

218 3346 491 3414 tronum,
530 3339 649 3401 hoe
678 3351 802 3414 est,
842 3342 923 3404 de
966 3342 1252 3407 comitum
1291 3359 1544 3406 suorum
1582 3341 1884 3402 sententia
1936 3340 2294 3404 condemnat

214 3437 455 3484 omnes.
514 3420 656 3485 115.
712 3422 826 3485 Hic
856 3424 1058 3487 cuncti
1081 3424 1288 3501 Siculi,
1315 3423 1659 3486 fidelissimi
1687 3433 1873 3498 atque
1893 3421 2300 3499 antiquissimi
