2459 3817
241 0 244 1 ’
273 0 2455 55 ἡ·-

421 120 426 125 “
805 126 971 187 ΟΑΡ.
1021 134 1260 190 11—13.
1303 133 1354 195 s.
1398 134 1638 217 25—39.
2184 138 2267 204 73

183 291 402 353 sisset.
485 290 830 364 Respondit
858 290 950 361 id,
997 292 1164 365 quod
1202 306 1463 351 necesse
1503 298 1635 351 erat
1664 290 1925 363 scilicet,
1957 292 2121 353 dicto
2150 310 2257 353 au·

183 375 461 435 dientem
492 373 702 453 fuisse,
717 390 788 433 se
818 375 1116 447 praetori:
1150 373 1414 435 misisse.
1482 375 1718 449 Rogavi
1747 373 2257 449 pervenissentne

187 458 611 533 Agrigentum.
696 456 860 516 Dixit
911 458 1287 532 pervenisse.
1354 461 1636 532 Quaesivi
1678 476 1858 535 quem
1887 463 1967 519 ad
1996 464 2241 522 modum

188 540 606 601 revertissent.
688 537 943 613 Negavit
969 540 1166 599 adhuc
1191 542 1539 603 revertisse.
1595 543 1781 603 Risus
1823 544 2030 618 populi
2060 552 2243 619 atque

190 622 511 684 admiratio
556 620 821 682 omnium
850 631 1116 683 vestrum
1149 625 1305 682 sacta
1342 633 1451 684 est.
1514 625 1615 687 28.
1688 625 1800 685 Hic
1836 624 1940 685 tibi
1977 626 2036 685 in
2077 644 2240 685 men-

192 715 314 781 tem
345 722 466 765 non
503 703 668 764 venit
695 702 921 776 iubere,
951 716 1015 765 ut
1046 704 1197 765 haec
1229 722 1476 781 quoque
1505 708 1757 769 referret
1783 707 1883 767 HS
1913 724 1971 766 vt
2002 709 2241 770 milibus

191 789 252 849 10
291 803 360 845 se
388 786 496 846 tibi
527 786 925 847 vendidisse?
975 787 1242 847 Metuisti
1288 804 1365 847 ne
1412 806 1519 849 aes
1559 790 1819 849 alienum
1862 788 1964 849 tibi
2004 807 2241 851 cresce·

189 878 304 942 ret,
357 868 411 929 si
460 866 558 927 HS
597 885 656 927 vt
681 867 922 928 milibus
963 870 1023 931 lo
1065 869 1170 929 tibi
1223 878 1573 931 constarent
1614 888 1717 945 ea,
1764 888 1921 946 quae
1960 880 2023 931 tu
2068 873 2241 933 facile

191 966 422 1027 posses
455 952 723 1011 vendere
755 950 856 1010 HS
881 968 944 1010 cc
989 951 1277 1013 milibus?
1336 953 1472 1013 Fuit
1500 954 1672 1025 tanti,
1712 954 1854 1012 mihi
1892 956 2102 1013 crede:
2138 956 2239 1013 ha-

189 1034 375 1093 beres
407 1034 573 1107 quod
613 1034 1004 1094 defenderes:
1053 1049 1228 1095 nemo
1263 1045 1581 1109 quaereret
1619 1035 1826 1109 quanti
1872 1035 1973 1094 illa
2014 1052 2113 1095 res
2142 1053 2239 1095 es-

193 1124 322 1175 set=
377 1115 430 1174 si
477 1116 657 1175 modo
715 1124 772 1176 te
821 1131 1044 1189 posses
1086 1118 1310 1177 docere
1361 1117 1615 1189 emisse,
1668 1118 1845 1177 facile
1902 1116 1999 1176 cui
2053 1120 2241 1178 velles

191 1205 364 1258 tuam
397 1213 644 1255 causam
691 1205 751 1257 et
797 1199 1017 1257 factum
1061 1200 1387 1273 probares=
1429 1215 1589 1259 nunc
1636 1202 1714 1259 de
1754 1199 2237 1275 peripetasmatis

192 1294 382 1351 quem
415 1277 492 1336 ad
521 1280 760 1338 modum
793 1289 851 1339 te
882 1280 1176 1353 expedias
1209 1298 1329 1340 non
1360 1281 1571 1341 habes,

364 1358 464 1419 29.
534 1360 728 1433 Quid?
769 1378 805 1421 a
833 1361 1170 1439 Phylarcho
1204 1363 1620 1446 Centuripino,
1664 1362 1907 1422 homine
1936 1364 2240 1437 locuplete

189 1458 265 1502 ac
295 1442 509 1514 nobili,
540 1443 823 1517 phaleras
848 1443 1251 1518 pulcherrime
1292 1446 1513 1516 factaS,
1561 1460 1721 1519 quae
1759 1444 1921 1519 regis
1956 1443 2241 1505 Hieronis

190 1524 386 1585 fuisse
423 1526 728 1596 dicuntur,
781 1535 978 1586 utrum
1023 1528 1267 1587 tandem
1306 1526 1606 1588 abstulisti
1644 1544 1719 1587 an
1752 1525 1993 1587 emisti?
2050 1529 2113 1586 ln
2146 1526 2232 1587 Si·

189 1605 327 1666 cilia
363 1607 608 1681 quidem
641 1624 823 1683 quum
853 1624 1072 1680 essem,
1105 1609 1194 1668 sic
1223 1625 1261 1668 a
1295 1608 1732 1684 Centuripinis,
1774 1608 1863 1668 sie
1902 1626 1940 1668 a
1982 1610 2236 1669 caeteris

186 1688 512 1749 audiebam
535 1722 621 1735 --
655 1707 774 1750 non
806 1690 964 1750 enim
993 1707 1206 1765 parum
1236 1708 1337 1752 res
1372 1701 1501 1752 erat
1528 1693 1690 1751 clara
1724 1714 1827 1747 -ε
1866 1700 1983 1751 tam
2026 1700 2083 1750 te
2128 1692 2240 1751 has

190 1772 477 1845 phaleras
507 1788 545 1831 a
570 1773 910 1850 Phylarcho
942 1771 1333 1847 Centuripino
1365 1775 1711 1855 abstulisse·
1726 1773 2027 1843 dicebant,
2058 1789 2237 1847 quani

186 1853 342 1913 alias
381 1854 523 1914 item
566 1854 802 1914 nobiles
848 1855 925 1915 ab
955 1856 1163 1915 Aristo
1192 1854 1689 1926 Panhormitano,
1736 1871 1914 1929 quam
1955 1854 2162 1914 tertias
2202 1872 2239 1913 a

186 1934 478 2011 Cratippo
526 1936 957 2012 Tyndaritano.
1035 1936 1269 1997 Etenim
1320 1937 1373 1997 si
1414 1936 1789 2013 Phylarchus
1840 1935 2239 2010 vendidisset,

181 2034 310 2077 non
347 2018 434 2091 ei,
467 2026 680 2093 postea
717 2036 895 2093 quam
926 2036 1068 2079 reus
1098 2020 1293 2079 sactus
1322 2036 1408 2091 es,
1441 2018 1813 2079 redditurum
1844 2028 1901 2079 te
1926 2019 2235 2094 promisis-

83 2117 111 2133 ·
182 2116 317 2159 ses.
387 2100 560 2171 Quod
589 2101 731 2174 quia
761 2099 964 2160 vidisti
995 2102 1202 2174 plures
1244 2100 1429 2173 scire,
1474 2102 1784 2176 cogitasti,
1836 2102 1888 2161 si
1938 2101 1995 2162 ei
2034 2102 2225 2161 reddi·

179 2180 426 2252 disses,
472 2190 526 2241 te
555 2182 754 2242 minus
787 2182 1158 2255 habiturum,
1199 2200 1324 2243 rem
1356 2184 1783 2245 nihilominus
1832 2192 2106 2244 testatam
2149 2186 2237 2243 su.

182 2272 412 2324 turam:
445 2282 563 2324 non
596 2264 933 2326 reddidisti.
987 2266 1151 2326 Dixit
1177 2266 1554 2343 Phylarchus
1598 2283 1711 2341 pro
1756 2265 2099 2326 testimonio
2146 2282 2235 2339 se,

182 2347 356 2421 quod
385 2355 599 2408 nosset
627 2355 790 2407 tuum
819 2346 1001 2408 istum
1024 2349 1326 2420 morbum,
1365 2358 1427 2409 ut
1458 2348 1633 2429 amici
1665 2347 1749 2408 tui
1778 2348 2104 2422 appellant,
2132 2363 2238 2407 cu-

182 2428 360 2503 pisse
393 2436 448 2489 te
485 2430 685 2489 celare
715 2430 793 2489 de
837 2430 1136 2504 phaleris:
1178 2448 1363 2505 quum
1408 2432 1518 2491 abs
1561 2440 1618 2491 te
1663 2432 2006 2505 appellatus
2050 2438 2234 2503 esset,

181 2526 450 2585 negasse
479 2512 704 2571 habere
735 2528 908 2572 sese:
950 2515 1114 2586 apud
1143 2514 1327 2573 alium
1362 2529 1609 2587 quoque
1650 2529 1757 2572 eas
1801 2511 2091 2573 habuisse
2132 2513 2232 2573 de·

181 2592 448 2669 positas,
498 2609 574 2653 ne
604 2610 726 2668 qua
757 2594 1183 2655 invenirentur.
1231 2595 1408 2656 Istius
1440 2604 1659 2655 tantam
1707 2594 1898 2655 fuisse
1942 2594 2235 2669 sagacita-

178 2690 332 2747 tem,
365 2684 430 2735 ut
460 2692 566 2735 eas
598 2693 712 2753 per
732 2676 894 2736 illum
925 2676 1124 2752 ipsum
1161 2677 1518 2751 inspiceret,
1546 2677 1651 2737 ubi
1682 2688 1853 2736 erant
1884 2678 2233 2751 depositae,

179 2767 308 2817 tum
345 2773 414 2817 se
445 2758 895 2833 deprehensum
927 2776 1153 2834 negare
1187 2776 1309 2819 non
1345 2760 1653 2835 potuisse:
1697 2759 1780 2818 ita
1821 2760 1897 2817 ab
1946 2776 2015 2819 se
2047 2760 2235 2821 invito

177 2839 466 2914 phaleras
495 2841 728 2901 ablatas
756 2841 962 2915 gratis.

347 2921 502 2981 xm.
565 2920 667 2983 30.
730 2924 889 2997 lam,
933 2932 996 2984 ut
1028 2925 1178 2984 haee
1208 2924 1409 2983 omnia
1442 2922 1709 2998 reperire
1751 2939 1822 2983 ac
1871 2924 2235 2998 perscrutari

175 3002 400 3063 solitus
431 3001 536 3077 sit,
568 3002 834 3078 iudices,
885 3015 978 3066 est
1007 3022 1232 3081 operae
1280 3007 1536 3081 pretium
1594 3022 1991 3081 cognoscere.
2058 3006 2273 3083 Ciby--

172 3094 530 3147 rataesunt
571 3088 787 3148 fratres
832 3088 1108 3163 quidam,
1158 3089 1546 3164 Tlepolemus
1599 3097 1662 3148 et
1714 3088 1925 3149 Hiero:
1978 3106 2235 3163 quorum
2328 3095 2341 3113 ⁰

175 3170 433 3229 alterum
463 3170 692 3243 fingere
723 3169 941 3245 opinor
973 3186 1010 3230 e
1045 3186 1186 3232 cera
1213 3172 1455 3233 solitum
1486 3187 1658 3243 esse,
1696 3173 1949 3232 alterum
1974 3186 2117 3230 esse
2148 3170 2238 3243 pi-

173 3259 426 3311 ctorem.
491 3251 696 3312 Hosce
729 3251 962 3327 opinor,
997 3254 1255 3331 Cibyrae
1286 3272 1469 3329 quum
1499 3254 1559 3313 in
1590 3254 2005 3327 suspicionem
2034 3250 2238 3309 venis-

174 3342 313 3394 sent
343 3332 474 3393 suis
510 3334 745 3396 civibus
782 3336 986 3395 fanum
1017 3335 1327 3410 expilasse
1352 3334 1657 3411 Apollinis
1720 3336 1947 3395 veritos
1975 3349 2235 3408 poenam
