2459 3817
904 163 1070 224 cAP.
1108 175 1156 224 1.
1199 169 1253 228 S.
1290 171 1484 224 1-3.
2145 166 2235 226 99

156 315 320 366 tensis
349 315 720 380 suspicaretur,
767 328 884 366 eum
907 319 1084 364 contra
1109 313 1277 378 legem
1306 313 1533 363 effecisse
1573 319 1631 362 ut
1656 321 1911 364 crearetur
1924 349 1940 373 ,
1984 329 2101 364 eum
2126 313 2239 378 lege

161 383 356 439 uicinia
403 383 468 434 de
499 382 763 434 sodaliciis
791 381 1066 448 postulavit
1099 391 1150 432 et
1183 381 1531 444 subscriptore
1562 383 1623 433 L.
1662 380 1837 432 Cassio
1868 383 2006 446 apud
2036 381 2093 434 C.
2132 381 2240 432 Fla—

157 465 282 503 vum
328 449 522 500 Alfium
571 458 884 515 praetorem,
940 465 1091 513 quem
1133 451 1247 515 ipse
1286 464 1381 514 pro
1430 449 1699 514 facultate,
1742 465 1893 514 quam
1930 449 2013 500 lex
2042 450 2239 499 Licinia

159 519 339 578 dabat,
379 519 714 582 quaesitorem
750 519 933 570 iudicii
962 518 1247 586 delegerat,
1280 533 1451 568 coram
1480 518 1731 568 iudicibus
1756 519 2001 580 editiciis,
2038 519 2092 568 in
2128 519 2240 581 qni-

157 589 258 639 bus
300 587 592 654 deligendis
619 587 730 652 ipse
760 601 963 651 quoque
999 588 1222 652 aliquam
1253 593 1451 652 partem
1482 587 1568 636 ille
1603 587 1715 652 lege
1752 589 2039 648 obtinebat,
2092 601 2239 638 accu-

158 657 310 712 savit.
386 657 702 719 Quamquam
747 655 837 707 Cn.
882 656 1120 706 Plancius
1160 671 1262 706 non
1308 657 1447 706 omni
1483 655 1632 720 culpa
1672 659 1911 713 vacabat,
1960 665 2129 707 tamen
2164 655 2235 707 M.

159 725 366 782 Cicero,
399 726 538 788 quod
573 734 684 774 erat
712 727 768 777 in
803 726 1036 776 discessu·
1062 741 1158 776 suo
1193 724 1369 776 multis
1398 724 1659 776 beneflciis
1684 741 1716 774 a
1740 724 1829 778 Gn.
1852 725 2057 778 Plancio
2080 741 2237 790 quae·

137 802 297 844 xstore.
335 795 390 842 in
419 794 716 847 Macedonia
756 794 1016 854 adfectus,
1061 795 1172 845 eius
1222 809 1430 845 causam
1472 794 1699 856 suscepit
1744 802 1795 842 et
1829 802 1971 846 tanta
2006 803 2111 846 arte
2140 810 2235 861 pro

160 878 246 913 reo
279 863 418 913 solus
455 863 610 923 dixit,
658 871 714 912 ut
751 861 842 916 Gn.
873 863 1110 913 Plancius
1146 862 1521 922 absolveretur,
1570 861 1824 912 Ciceronis
1866 872 2033 914 autem
2076 863 2237 915 oratio

157 947 188 980 a
214 931 388 982 multis
424 937 774 996 expeteretur,
809 932 929 981 vide
965 931 1218 982 Ciceronis
1246 933 1388 994 epist.
1424 932 1498 980 ad
1524 931 1582 992 Q.
1610 929 1831 992 fratrem
1862 931 1951 982 lib.
1986 933 2028 983 Ι.
2067 947 2151 996 ep.
2180 933 2235 984 4.

155 1002 226 1061 §s
247 1001 332 1050 11.
409 1001 582 1060 Quam
606 1007 788 1065 postea
822 1000 1127 1065 conscripsit
1159 1007 1210 1050 et
1245 999 1423 1050 edidit.

281 1151 327 1209 1.
370 1151 428 1210 1.
477 1151 672 1223 Quum
715 1157 970 1226 propter
1009 1149 1316 1228 egregiam
1362 1159 1423 1212 et
1450 1151 1819 1226 singularem
1852 1153 1957 1212 Cn.
1988 1149 2235 1227 Plancii,

155 1232 392 1294 iudices
408 1277 423 1303 ‚
457 1233 518 1292 in
552 1248 688 1292 mea
709 1235 910 1294 salute
934 1234 1339 1294 custodienda
1360 1235 1543 1295 fidem
1558 1244 1683 1296 tam
1706 1239 1929 1297 multos
1951 1245 2013 1298 et
2032 1237 2235 1296 bonos

155 1313 326 1377 viros
355 1316 490 1377 eius
520 1317 740 1378 honori
763 1317 1035 1378 viderem
1058 1333 1202 1378 esse
1224 1321 1513 1391 fautores,
1544 1319 1859 1394 capiebam
1883 1321 2084 1381 animo
2109 1327 2234 1381 no'n

155 1399 524 1460 mediocrem
554 1403 956 1478 voluptatem,
1003 1403 1173 1478 quod
1204 1403 1377 1463 cuius
1406 1404 1673 1464 officium
1703 1405 1845 1465 mihi
1876 1404 2055 1466 saluti
2086 1405 2234 1466 fuis·

153 1491 278 1558 set,
337 1484 393 1543 ei
431 1495 706 1547 meorum
756 1492 1098 1562 temporum
1151 1489 1505 1548 memoriam
1556 1486 1880 1564 suffragari
1928 1488 2240 1550 videbam:

149 1584 334 1642 quum
395 1577 594 1630 autem
625 1571 896 1631 audirem
930 1586 1104 1632 meos
1133 1569 1354 1646 partim
1384 1571 1697 1647 inimicOS,
1744 1575 1958 1648 partim
1986 1573 2231 1634 invidos

152 1652 304 1712 huic*
339 1653 716 1714 accusationi
744 1669 888 1714 esse
919 1656 1190 1716 fautores
1223 1657 1626 1730 eamdemque
1654 1673 1784 1714 rem
1816 1658 2232 1716 adversariam

153 1749 300 1796 esse
326 1734 388 1794 iu
418 1734 645 1796 iudicio
670 1737 776 1796 Cn.
799 1737 1067 1810 Plancio,
1101 1753 1261 1812 quae
1290 1736 1351 1796 in
1387 1739 1679 1812 petitione
1709 1737 1927 1798 fuisset
1950 1739 2231 1811 adiutrix,

153 1817 466 1893 dolebam,
503 1817 772 1891 iudiceS,
805 1825 865 1878 et
893 1819 1114 1878 acerbe
1151 1819 1454 1892 ferebam,
1488 1821 1541 1878 si
1573 1819 1755 1878 huius
1788 1823 1957 1880 salus
1993 1821 2072 1880 ob
2098 1835 2231 1880 eam

153 1900 351 1975 ipsam
395 1917 644 1962 oausam
685 1907 855 1962 esset
893 1900 1201 1976 infestior,
1249 1903 1415 1976 quod
1452 1901 1507 1960 is
1538 1918 1734 1961 meam
1764 1903 2021 1963 salutem
2048 1911 2231 1978 atque

149 1984 337 2045 vitam
380 2001 494 2044 sua
531 1985 988 2058 benevolentia,
1037 1984 1348 2059 praesidio
1394 1984 1798 2060 custodiaque
1826 1987 2101 2047 texisset.
2170 1988 2231 2049 2.

150 2067 329 2126 Nunc
357 2075 560 2128 autem
589 2073 814 2141 vester,
845 2067 1100 2141 iudices,
1135 2075 1509 2143 conspectus
1544 2077 1605 2130 et
1632 2085 1971 2130 consessus
1996 2070 2112 2131 iste
2136 2087 2232 2131 re·

148 2149 278 2209 ficit
319 2157 380 2210 et
419 2158 658 2212 recreat
699 2157 962 2212 mentem
1004 2167 1467 2228 meam‚‚quum
1497 2153 1738 2214 intueor
1766 2163 1826 2214 et
1854 2157 2235 2230 contemplor

149 2249 340 2294 unum
383 2250 690 2311 quemque
722 2242 1016 2296 vestrum.
1087 2235 1290 2296 Video
1319 2236 1480 2297 enim
1512 2237 1634 2297 hoc
1665 2238 1725 2296 in
1756 2255 2009 2298 numero
2042 2238 2231 2298 nemi-

149 2333 292 2376 nem
336 2319 432 2379 cui
479 2335 617 2379 mea
657 2321 828 2380 salus
874 2335 996 2379 non
1028 2335 1172 2380 cara
1200 2320 1408 2394 fuerit,
1457 2319 1631 2381 cuius
1662 2337 1782 2380 non
1814 2329 2015 2382 exstet
2042 2322 2233 2384 inme

150 2417 452 2462 summum
481 2401 792 2476 meritum,
829 2399 924 2463 cui
953 2417 1078 2464 non
1111 2403 1226 2464 sim
1260 2403 1591 2466 obstrictus
1627 2407 1921 2466 memoria
1950 2405 2231 2466 beneficii

147 2483 542 2560 sempiterna.
629 2487 846 2560 Itaque
887 2504 1010 2548 non
1056 2487 1396 2549 extimesco
1427 2504 1505 2548 ue
1536 2489 1639 2546 Cn.
1670 2487 1914 2549 Plancio
1950 2488 2233 2550 custodia

147 2584 323 2629 meae
351 2571 566 2631 salutis
598 2571 764 2646 apud
796 2585 906 2632 eos
939 2571 1128 2646 obsit,
1166 2573 1270 2646 qui
1302 2589 1399 2632 me
1434 2573 1553 2647 ipsi
1586 2573 1845 2632 maxime
1882 2574 2120 2634 salvum
2144 2573 2231 2632 vi-

147 2653 298 2714 dere
342 2655 696 2724 voluerunt,
743 2656 1150 2730 saepiusque,
1190 2655 1459 2728 iudiceS,
1504 2655 1649 2714 mihi
1681 2655 1849 2716 venit
1876 2657 1936 2714 in
1969 2666 2231 2716 mentem

147 2735 574 2799 admirandum
611 2754 754 2798 esse
787 2738 870 2800 Μ.
900 2739 1323 2814 Laterensem,
1370 2738 1678 2800 hominem
1713 2739 2233 2800 studiosissimum

147 2827 211 2881 et
241 2819 552 2894 dignitatis
585 2828 644 2880 et
672 2817 887 2882 salutis
909 2828 1102 2904 meae,
1127 2837 1302 2884 reum
1328 2821 1446 2882 sibi
1468 2823 1630 2881 hunc
1657 2821 2042 2906 potissimum
2066 2823 2233 2883 dele·

145 2903 319 2978 gisse
354 2919 536 2979 quam
565 2907 959 2966 metuendum
992 2917 1076 2964 ne
1089 2905 1271 2964 vobis
1298 2906 1358 2964 id
1383 2906 1483 2966 ille
1506 2921 1726 2981 magna
1747 2906 1982 2966 ratione·
2005 2899 2235 2968 secisse

143 2986 448 3048 videatur.
534 2987 596 3049 3.
643 2988 1022 3070 Quamquam
1064 2987 1209 3048 mihi
1252 3007 1375 3049 non
1417 3005 1594 3049 sumo
1624 2997 1855 3052 tantum
1887 3005 2089 3067 neque
2126 2991 2233 3048 ad-

144 3085 336 3145 rogo,
378 3069 645 3143 iudiceS‚
677 3081 745 3133 ut
774 3071 877 3134 ‘Cn-
907 3071 1217 3132 Plancium
1250 3074 1381 3134 suis
1412 3083 1557 3150 erga
1585 3089 1685 3134 me
1715 3074 1946 3136 meritis
1974 3073 2234 3150 impuni-

143 3159 333 3214 tatem
363 3163 764 3218 consecutum
792 3165 1028 3233 putem.
1069 3157 1198 3217 Nisi
1228 3157 1361 3218 eius
1390 3157 1840 3234 integerrimam
1864 3159 2066 3230 vitam,
2105 3172 2231 3216 mo·

147 3235 540 3300 destissimos
570 3255 809 3322 mores,
851 3243 1148 3301 summam
1179 3241 1395 3316 fidem,
1432 3242 1893 3318 continentiam,
1928 3243 2231 3318 pietatem,

145 3321 562 3383 innocentiam
595 3325 958 3398 ostendero,
1005 3324 1155 3384 nihil
1183 3325 1262 3385 de
1296 3343 1501 3402 poena
1528 3320 1860 3400 recusabo:
1902 3325 1997 3398 sin
2030 3323 2235 3389 omnia

145 3406 546 3483 praestitero,
578 3423 740 3485 quae
769 3417 912 3470 sunt
947 3425 986 3466 a
1013 3408 1190 3468 bonis
1221 3407 1369 3470 viris
1401 3409 1850 3531 exspectanda,
1883 3418 2113 3486 petam,
2144 3409 2231 3469 iu·
