2459 3817
778 141 947 208 cAP.
976 153 1240 208 40—42.
1269 150 1322 212 s.
1349 149 1617 209 87—-92
2164 142 2246 210 Π

170 295 554 374 dignitatem,
586 295 841 374 gloriam
864 306 1044 358 natus
1070 297 1131 357 vi
1158 298 1597 359 sceleratorum
1617 293 1931 358 hominum
1953 295 2254 358 corrobo--

167 392 333 455 rata,
373 382 612 458 legibus
642 380 1012 457 iudiciisque
1042 379 1344 442 sublatis?
1408 379 1694 440 Cervices
1724 379 2003 441 tribunus
2045 379 2244 454 plebis

169 464 440 541 privato,
496 463 1058 541 praestantissimus
1101 465 1193 523 vir
1231 462 1732 539 profligatissimo
1764 461 1995 524 homini
2030 463 2247 524 daret?

168 563 249 607 an
275 563 525 609 eausam
558 556 908 623 susceptam
938 546 1300 622 adfligeret?
1340 563 1419 607 an
1449 564 1518 608 se
1551 546 1717 607 dorni
1749 545 2129 608 contineret?
2168 547 2244 608 Et

166 630 333 691 vinci
366 639 541 707 turpe
577 631 811 707 putavit
839 639 899 692 et
924 629 1219 692 deterreri
1247 638 1309 690 et
1335 630 1544 693 latere.
1619 629 1881 691 Perfecit
1909 638 2002 703 ut,
2045 646 2242 705 quon·

166 711 290 773 iam
319 713 438 774 sibi
470 713 531 774 in
564 717 731 776 illum
758 713 995 789 legibus
1028 714 1115 775 uti
1145 731 1268 775 non
1307 713 1548 786 liceret,
1593 711 1756 775 illius
1791 713 1914 773 vim
1947 729 2150 789 neque
2177 712 2240 774 in

168 813 284 856 suo
318 814 521 872 neque
549 797 610 859 in
637 797 724 859 rei
753 798 1039 873 publicae
1069 797 1340 872 periculo
1373 797 1848 871 pertimesceret.

332 879 509 941 XLII.
538 880 639 942 90.
685 881 815 955 Quo
841 882 1025 942 modo
1058 880 1240 955 igitur
1266 879 1470 940 hocin
1497 895 1724 954 genere
1751 877 2043 954 praesidii
2073 894 2237 942 com·

165 965 361 1040 parati
391 980 653 1026 accusas
678 964 965 1036 Sestium,
998 981 1183 1038 quum
1212 963 1376 1024 idem
1405 964 1622 1024 laudes
1644 958 1974 1024 Milonem?
2011 963 2110 1022 An
2133 960 2240 1037 qui

165 1063 283 1107 sua
326 1055 489 1108 tecta
531 1048 829 1116 defendit,
884 1045 990 1121 qui
1026 1047 1107 1106 ab
1136 1045 1294 1118 aria,
1345 1047 1500 1107 focis
1543 1048 1768 1106 ferrum
1808 1045 2238 1120 flammamque

165 1128 449 1204 depellit,
494 1129 599 1203 qui
628 1128 745 1188 sibi
773 1128 959 1190 licere
986 1129 1117 1188 vult
1146 1136 1276 1190 tuto
1312 1145 1455 1190 esse
1480 1131 1542 1189 in
1576 1129 1743 1199 foro,
1786 1129 1847 1188 in
1877 1128 2134 1203 templo,
2175 1127 2238 1186 in

167 1211 355 1282 curia,
386 1210 515 1272 iure
540 1211 915 1286 praesidium
944 1219 1288 1286 eomparat=
1321 1211 1428 1287 qui
1455 1211 1826 1282 vulneribus,
1861 1227 2020 1287 quae
2047 1209 2240 1271 cernit

169 1293 395 1355 cotidie
425 1301 553 1355 toto
589 1309 881 1369 corpore,
924 1303 1203 1356 monetur
1245 1305 1311 1355 ut
1360 1294 1566 1370 aliquo
1612 1293 1922 1371 praesidio
1958 1300 2143 1368 caput
2179 1301 2241 1354 et
2295 1293 2298 1296 ’

168 1377 443 1438 eervices
466 1384 536 1438 et·
548 1377 821 1452 iugulum
841 1393 915 1439 ac
944 1378 1134 1440 latera
1162 1384 1404 1450 tutetur,
1439 1378 1600 1440 hunc
1625 1378 1704 1438 de
1731 1377 1796 1437 vi
1823 1378 2238 1438 accusandum

166 1467 393 1536 putas?
444 1459 545 1522 91.
578 1461 725 1535 Quis
750 1460 913 1521 enim
942 1469 1250 1536 nostrum,
1282 1460 1550 1535 iudices,
1582 1460 1822 1536 ignorat
1849 1460 1933 1522 ita
1962 1468 2236 1522 naturam

166 1560 368 1604 rerum
397 1544 641 1618 tulisse,
693 1553 759 1606 ut
800 1546 1067 1619 quodam
1101 1554 1378 1621 tempore
1411 1544 1691 1607 homines
1721 1544 1990 1605 nondum
2035 1559 2238 1619 neque

166 1627 425 1688 naturali
453 1643 657 1702 neque
684 1627 847 1688 civili
877 1627 1009 1689 iure
1039 1629 1354 1703 descripto
1379 1629 1500 1690 fusi
1525 1645 1637 1702 per
1663 1643 1849 1702 agros
1873 1643 1946 1688 ac
1969 1625 2238 1701 dispersi

165 1717 533 1784 vagarentur
567 1717 921 1786 tantumque
955 1711 1281 1783 haberent,
1341 1719 1634 1786 quantum
1681 1725 1863 1770 manu
1902 1725 1974 1768 ac
2004 1709 2236 1770 viribus

166 1807 281 1867 per
310 1793 563 1853 caedem
605 1809 678 1853 ac
710 1794 964 1854 vulnera
1004 1802 1109 1854 aut
1148 1794 1386 1866 eripere
1420 1802 1525 1853 aut
1552 1792 1816 1853 retinere
1852 1791 2239 1866 potuissentv

168 1873 283 1948 Qui
308 1873 491 1948 igitur
525 1874 697 1950 primi
738 1875 957 1936 virtute
982 1874 1045 1936 et
1084 1874 1344 1936 consilio
1388 1874 1722 1950 praestanti
1759 1871 2150 1945 exstiterunt,
2193 1873 2236 1934 ii

165 1965 497 2033 perspecto
526 1973 755 2032 genere
787 1957 1089 2018 humanae
1124 1956 1454 2018 docilitatis
1481 1965 1670 2032 atque
1700 1954 1929 2032 ingenii
1971 1956 2234 2033 dissipa-

164 2047 265 2100 tos
298 2055 487 2100 unum
517 2041 580 2100 in
613 2041 813 2102 locum
842 2048 1294 2115 congregarunt
1322 2056 1562 2117 eosque
1593 2056 1674 2102 ex
1701 2039 1998 2100 efferitate
2026 2039 2127 2118 illa
2157 2040 2237 2100 ad

170 2119 459 2182 iustitiam
512 2129 699 2195 atque
750 2122 829 2185 ad
883 2119 1418 2184 mansuetudinem
1469 2120 1971 2181 transduxerunt.
2005 2176 2012 2180 ,
2074 2119 2226 2180 Tum

171 2219 274 2263 res
319 2205 398 2263 ad
438 2216 823 2264 communem
866 2205 1213 2274 utilitatem,
1273 2219 1428 2279 quas
1483 2201 1762 2278 publicas
1795 2202 2226 2277 appellamus,

169 2292 293 2344 sum
323 2283 749 2345 conventicula
776 2284 1120 2357 hominum,
1154 2300 1316 2360 quae
1344 2291 1564 2360 postea
1585 2281 1865 2343 civitates
1889 2278 2234 2341 nominatae

168 2373 338 2437 sunt,
378 2375 505 2428 tum
534 2365 840 2428 domicilia
871 2367 1225 2440 coniuncta,
1261 2383 1418 2442 quas
1447 2365 1631 2429 urbes
1659 2363 1950 2436 dicimuS,
1983 2364 2232 2424 invento

158 2457 229 2510 et
255 2448 462 2510 divino
497 2449 629 2511 iure
658 2458 719 2510 et
756 2451 1022 2511 humano
1064 2449 1384 2512 moenibus
1419 2457 1806 2524 saepserunt.
1887 2444 1990 2510 92.
2026 2447 2234 2520 Atque

165 2532 323 2594 inter
362 2533 519 2594 hanc
562 2532 744 2594 vitam
786 2533 1147 2609 perpolitam
1185 2531 1558 2595 humanitate
1607 2541 1670 2594 et
1710 2531 1873 2593 illam
1911 2528 2234 2592 immanem

166 2614 314 2675 nihil
350 2623 467 2676 tam
496 2615 749 2678 interest
776 2632 960 2692 quam
988 2617 1086 2678 ius
1114 2625 1300 2691 atque
1327 2615 1444 2676 vis.
1487 2616 1739 2676 *Horum
1779 2622 1915 2676 utro
1946 2612 2032 2676 uti
2061 2612 2233 2674 nolu·

166 2713 332 2770 mue,
362 2700 551 2760 altero
583 2705 681 2760 est
709 2701 1017 2760 utendum.
1064 2699 1206 2760 Vim
1232 2700 1517 2761 volumus
1538 2695 1876 2773 exstingui:
1905 2695 2002 2758 ius
2033 2697 2236 2756 valeat

166 2795 429 2842 necesse
448 2789 577 2852 est,
605 2779 671 2841 id
692 2791 805 2856 est,
834 2781 1088 2854 iudicia,
1124 2783 1350 2856 quibus
1385 2796 1566 2842 omne
1593 2781 1691 2841 ius
1721 2777 2078 2841 continetur.
2135 2779 2232 2840 Iu-

168 2862 327 2924 dicia
366 2863 693 2938 displicent
730 2872 836 2925 aut
874 2866 1039 2924 nulla
1079 2873 1254 2926 sunta
1307 2861 1402 2924 vis
1441 2863 1786 2925 dominetur
1817 2877 2078 2924 necesse
2117 2869 2229 2924 est.

166 2946 303 3008 Hoc
327 2946 539 3008 vident
566 2961 809 3008 omnem
848 2946 995 3008 Milo
1028 2953 1091 3006 et
1119 2945 1272 3008 vidit
1297 2954 1360 3009 et
1401 2945 1574 3018 fecit,
1615 2953 1682 3009 ut
1710 2946 1806 3009 ius
1833 2943 2232 3022 experiretur,

168 3027 293 3092 vim
320 3029 670 3105 depelleret.
732 3030 943 3091 Altero
972 3027 1060 3090 uti
1086 3027 1308 3102 voluit,
1351 3037 1420 3092 ut
1455 3028 1652 3092 virtus
1679 3027 2000 3093 audaciam
2029 3027 2232 3088 vince-

168 3119 290 3172 ret:
336 3114 529 3175 altero
556 3128 711 3174 usus
740 3110 1093 3184 rocessario
1126 3121 1254 3185 est,
1301 3128 1380 3176 ne
1409 3112 1600 3177 virtus
1627 3113 1706 3176 ab
1739 3111 1998 3176 audacia
2028 3109 2230 3171 vince·

170 3201 350 3256 retur.
449 3195 805 3270 Eademque
840 3195 993 3256 ratio
1032 3195 1144 3256 fuit
1173 3194 1389 3270 Sestii,
1440 3195 1495 3256 si
1534 3195 1734 3258 minus
1773 3194 1834 3256 in
1875 3191 2229 3256 accusando

170 3307 257 3326 -·
282 3293 487 3355 neque
512 3276 672 3340 enim
694 3295 807 3356 per
834 3295 1049 3364 omnes
1076 3278 1189 3341 fuit
1214 3278 1378 3342 idem
1405 3280 1540 3342 fieri
1567 3293 1830 3342 necesse
1847 3308 1952 3352 -,
1981 3282 2044 3338 at
2065 3283 2232 3338 certe
