2459 3817
239 145 322 211 38
578 152 725 214 PRO
760 153 924 213 SEX.
964 151 1240 212 ROSCIO
1269 151 1615 211 AMERINO
1647 151 1949 212 ORATIO.

239 311 446 369 actum
475 310 571 364 est
596 310 659 363 et
685 300 910 361 idcirco
944 317 1108 360 arma
1137 310 1375 376 sumpta
1398 310 1566 375 sunt,
1595 311 1662 362 ut
1686 301 1965 362 homines
1995 302 2282 376 postremi

242 384 522 464 pecuniis
552 384 767 444 alienis
795 384 1307 458 locupletarentur
1341 384 1492 444 etin
1536 384 1807 445 fortunas
1848 383 2031 444 unius
2078 383 2281 445 cuius.

243 484 365 543 que
395 467 683 541 impetum
731 467 1027 540 facerent,
1081 473 1142 526 et
1179 466 1241 526 id
1290 482 1410 527 non
1463 467 1645 527 modo
1684 482 1751 525 re
1797 466 2119 541 prohibere
2161 482 2278 527 non

239 554 382 617 licet
400 600 416 625 ‚
448 554 561 613 sed
590 568 668 611 ne
694 552 902 613 verbis
934 553 1178 627 quidem
1209 550 1591 625 vituperare,
1630 554 1757 608 tum
1786 559 1937 605 vero
1971 543 2088 604 isto
2116 543 2279 605 bello

240 648 361 691 non
393 637 702 691 recreatus
736 644 939 703 neque
964 626 1308 699 restitutuS,
1350 627 1462 687 sed
1494 626 1784 687 subactus
1815 640 2279 701 oppressusque

239 715 508 790 populus
551 713 864 785 Romanus
905 720 1018 771 est.
1088 706 1228 769 138.
1298 710 1527 771 Verum
1567 709 1749 783 longe
1793 708 1966 769 aliter
1999 714 2114 767 est.
2183 706 2281 765 Ni-

241 795 323 855 hil
368 796 583 855 horum
617 801 739 865 est,
804 792 1057 853 iudices.
1162 793 1295 853 Non
1354 793 1537 852 modo
1587 809 1708 852 non
1762 791 2035 851 laedetur
2095 804 2281 849 causa

239 876 598 947 nobilitatis,
644 875 696 937 si
745 874 879 937 istis
928 874 1273 936 hominibus
1318 874 1642 947 resistetis,
1704 890 1909 935 verum
1959 872 2140 933 etiam
2186 886 2281 932 or-

241 959 494 1021 nabitur.
541 959 802 1020 XLVlll.
849 956 1085 1019 Etenim
1113 958 1218 1033 qui
1246 958 1397 1018 haec
1436 956 1780 1031 vituperare
1820 958 2060 1029 volunt,
2094 954 2280 1031 Chry-

241 1059 540 1118 sogonum
580 1050 810 1103 tantum
839 1057 1029 1116 posse
1072 1048 1433 1115 queruntur=
1476 1039 1581 1113 qui
1612 1039 1858 1101 laudare
1884 1041 2113 1110 volunt,
2140 1053 2281 1097 con-

241 1142 486 1186 cessum
516 1124 571 1184 ei
603 1141 722 1184 non
752 1140 893 1184 esse
923 1131 1413 1200 commemorant.
1500 1124 1593 1182 Ac
1636 1121 1753 1183 iam
1793 1121 1939 1182 nihil
1981 1130 2076 1183 est
2116 1120 2281 1196 quod

242 1205 567 1283 quisquam
615 1216 718 1267 aut
763 1214 882 1266 tam
935 1208 1152 1267 stultus
1211 1214 1315 1267 aut
1366 1214 1485 1266 tam
1536 1205 1851 1281 improbus
1906 1202 1985 1265 sit
2036 1202 2140 1279 qui
2196 1203 2280 1263 di—

239 1300 364 1351 cat=
432 1293 646 1352 Vellem
679 1291 910 1364 quidem
947 1293 1180 1351 liceret.-
1231 1292 1343 1350 hoc
1384 1290 1679 1350 dixissem.
1736 1286 1917 1348 Dicas
1947 1287 2102 1348 licet.
2158 1288 2283 1347 Hoc

236 1373 526 1444 fecissem.
607 1371 821 1432 Facias
874 1372 1046 1433 licet:
1091 1388 1270 1433 nemo
1313 1370 1608 1445 prohibet.
1702 1372 1831 1431 Hoc
1886 1372 2281 1432 decrevissem.

236 1456 544 1527 Decerne,
571 1453 755 1515 modo
789 1461 984 1515 recte:
1015 1471 1230 1515 omnes
1261 1453 1704 1528 approbabunt.
1748 1454 1877 1515 Hoc
1910 1455 2281 1514 indicassem.

235 1536 599 1598 Laudabunt
636 1552 879 1608 omneS,
922 1536 974 1595 si
1010 1547 1176 1598 recte
1219 1545 1282 1598 et
1310 1535 1520 1597 ordine
1559 1535 1867 1597 iudicaris.
1932 1534 2073 1597 139.
2130 1536 2280 1595 Dum

239 1636 497 1681 necesse
525 1627 655 1681 erat
681 1634 906 1692 resque
937 1617 1075 1694 ipsa
1105 1620 1397 1695 cogebat,
1430 1636 1589 1680 unus
1616 1618 1819 1679 omnia
1869 1626 2133 1693 poterat=
2182 1616 2284 1691 qui

238 1711 454 1778 postea
477 1719 660 1778 quam
687 1702 1068 1776 magistratus
1094 1702 1321 1764 creavit
1339 1703 1632 1776 legesque
1660 1700 1987 1774 constituit,
2020 1717 2132 1761 sua
2160 1698 2282 1760 cui·

237 1801 358 1861 que
392 1784 740 1861 procuratio
767 1784 1224 1860 auctoritasque
1258 1795 1353 1846 est
1381 1784 1671 1846 restituta.
1736 1784 1926 1858 Quam
1948 1784 2001 1844 si
2024 1782 2284 1843 retinere

239 1868 446 1930 volunt
479 1866 539 1941 ii,
571 1866 672 1942 qui
716 1870 1160 1943 reciperarunt,
1197 1868 1259 1929 in
1289 1874 1649 1943 perpetuum
1678 1874 1960 1941 poterunt
1983 1864 2282 1927 obtinere=

238 1949 331 2009 sin
381 1950 498 2010 has
545 1950 770 2011 caedes
823 1958 883 2011 et
932 1951 1179 2027 rapinas
1230 1960 1293 2011 et
1312 1951 1429 2011 hos
1476 1958 1679 2011 tantos
1722 1958 1962 2024 tamque
1998 1948 2283 2022 profusos

237 2038 518 2107 sumptus
557 2040 664 2093 aut
705 2032 926 2094 facient
970 2042 1073 2095 aut
1113 2032 1565 2109 approbabunt,
1607 2033 1751 2094 nolo
1786 2030 1846 2091 in
1889 2048 1999 2093 eos
2036 2029 2283 2105 gravius

240 2114 572 2189 quidquam
603 2130 681 2175 ne
712 2114 930 2175 ominis
965 2116 1212 2191 quidem
1240 2132 1431 2178 causa
1458 2115 1665 2175 dicere
1683 2160 1699 2189 ,
1739 2131 1926 2175 unum
1965 2114 2085 2175 hoc
2114 2112 2282 2174 dico.

236 2197 426 2258 nostri
456 2196 554 2258 isti
585 2197 850 2268 nobileS,
888 2196 1004 2257 nisi
1034 2197 1353 2273 vigilantes
1386 2204 1447 2259 et
1471 2196 1617 2258 boni
1658 2207 1720 2258 et
1748 2199 1935 2259 sortes
1966 2204 2027 2259 et
2052 2195 2277 2258 miseri·

237 2280 458 2341 cordes
488 2288 691 2351 erunt,
739 2277 816 2339 iis
846 2278 1222 2354 hominibuS,
1276 2279 1337 2340 in
1387 2279 1609 2355 quibus
1656 2281 1810 2343 haec
1852 2288 2057 2355 erunt,
2107 2296 2279 2341 orna·

233 2372 436 2423 menta
483 2379 594 2423 sua
638 2362 980 2423 concedant
1021 2378 1283 2425 necesse
1317 2372 1430 2425 est.
1497 2362 1637 2425 140.
1699 2364 2081 2439 Quapropter
2123 2360 2282 2423 desi-

234 2453 382 2505 nant
407 2445 738 2521 aliquando
773 2444 978 2506 dicere
1006 2447 1162 2507 male
1202 2448 1468 2521 aliquem
1508 2449 1775 2509 locutum
1824 2462 1994 2521 esse,
2045 2444 2099 2507 si
2181 2441 2289 2515 qui

233 2542 382 2589 vere
411 2543 485 2587 ac
513 2528 701 2588 libere
732 2528 973 2589 locutus
997 2528 1108 2601 sit,
1139 2528 1422 2591 desinant
1446 2545 1618 2590 suam
1650 2546 1895 2591 causam
1930 2528 2283 2604 cumChry-

235 2625 474 2685 sogono
505 2609 980 2684 communicare,
1011 2610 1319 2685 desinant,
1360 2610 1414 2673 si
1444 2611 1545 2673 'lle
1572 2613 1781 2674 laesus
1810 2612 1915 2684 sit,
1960 2612 2039 2672 de
2080 2627 2151 2670 se
2178 2610 2256 2669 ali

237 2692 386 2767 quid
412 2692 744 2753 detractum
773 2693 1078 2765 arbitrari,
1132 2694 1378 2755 videant
1424 2711 1504 2756 ne
1537 2703 1711 2772 turpe
1750 2694 2164 2769 miserumque
2206 2692 2286 2754 sit

234 2791 378 2849 eos,
431 2774 536 2849 qui
564 2784 912 2849 equestrem
952 2777 1341 2851 splendorem
1383 2777 1505 2853 pati
1544 2796 1666 2839 non
1714 2785 2067 2854 potuerunt,
2094 2775 2282 2849 ,servi

235 2855 598 2932 nequissimi
628 2856 1098 2920 dominationem
1132 2860 1289 2921 ferre
1317 2878 1528 2935 posse.
1599 2861 1765 2935 Quae
1814 2860 2058 2936 quidem
2088 2858 2273 2920 domi-

232 2937 428 3012 natio,
475 2938 741 3013 iudices,
793 2939 852 3001 in
885 2940 1021 3003 aliis
1055 2942 1239 3003 rebus
1280 2952 1459 3005 antea
1492 2944 1875 3016 versabatur,
1928 2960 2089 3004 nunc
2130 2950 2281 3003 vero

234 3037 418 3097 quam
441 3024 600 3108 viam
621 3024 880 3084 munitet
908 3031 969 3085 et
994 3041 1114 3099 quo
1138 3023 1254 3085 iter
1277 3026 1543 3088 adfectet
1575 3024 1825 3087 videtisz
1858 3025 1939 3086 ad
1968 3025 2171 3099 fldem,
2201 3025 2283 3085 ad

231 3103 330 3165 ius
371 3104 717 3179 iurandum,
767 3105 848 3165 ad
876 3106 1098 3168 iudicia
1127 3116 1364 3181 vestra,
1407 3109 1489 3169 ad
1522 3107 1618 3184 id,
1647 3109 1815 3185 quod
1854 3110 2053 3169 solum
2084 3124 2283 3183 prope

230 3184 292 3246 in
323 3186 564 3250 civitate
592 3188 898 3250 sincerum
926 3198 1325 3265 sanctumque
1361 3198 1567 3253 restat.
1651 3188 1790 3251 141.
1861 3190 2055 3252 Hicne
2098 3190 2279 3259 etiam

234 3284 374 3329 sese
405 3277 575 3345 putat
600 3269 832 3346 aliquid
853 3288 1043 3346 posse
1067 3272 1549 3348 Chrysogonus?
1570 3272 1671 3335 hic
1688 3273 1866 3336 etiam
1888 3283 2107 3350 potens
2136 3288 2283 3333 esse

235 3354 402 3412 vult?
458 3352 504 3411 Ο
548 3370 676 3414 rem
721 3352 998 3414 miseram
1040 3361 1223 3427 atque
1268 3357 1581 3415 acerbam!
1641 3356 1853 3430 Neque
1897 3353 2279 3417 mehercules
