2459 3817
790 198 1636 265 CAP.17—-19..§51-58.
2111 196 2234 263 201

174 348 384 413 socios
420 347 485 408 in
514 346 737 410 ultimis
770 346 895 411 oris
925 346 1286 411 auctoritate
1332 346 1526 409 nostri
1557 347 1794 429 imperii
1823 348 2032 411 salvos
2063 364 2234 424 prae-

174 442 339 495 stare
370 438 755 506 poteramus,
782 438 940 528 tum,
972 448 1159 528 quum
1190 428 1396 494 insula
1421 432 1640 505 Delos,
1669 439 1792 493 tam
1815 433 2036 511 procul
2063 448 2102 491 a
2127 449 2236 493 no-

174 514 271 577 bis
310 512 372 575 in
398 515 650 589 Aegaeo
694 515 845 575 mari
872 514 1105 591 posita,
1148 529 1274 591 quo
1304 530 1517 575 omnes
1551 515 1826 589 undique
1854 530 1993 576 cum
2022 514 2236 575 merci-

174 598 291 659 bus
318 605 504 673 atque
532 594 821 661 oneribus
850 598 1300 670 commeabant,
1331 597 1554 659 referta
1581 596 1826 672 divitiis,
1857 614 2070 673 parva,
2103 596 2236 657 sine

174 697 381 755 muro,
427 677 575 739 nihil
621 676 897 756 time-bat,
934 680 1124 742 iidem
1160 696 1284 741 non
1318 682 1502 741 modo
1531 679 1865 757 provinciis
1895 688 2081 755 atque
2114 679 2238 741 oris

174 761 379 825 ltaliae
422 760 736 824 maritimis
780 779 854 824 ac
892 764 1193 839 portubus
1222 762 1485 838 nostriS,
1526 763 1640 824 sed
1673 764 1858 825 etiam
1885 760 2091 839 Appia
2119 764 2234 823 iam

175 845 275 907 via
312 846 702 908 carebamus·
746 852 807 907 et
849 844 924 908 iis
968 846 1344 923 temporibus
1387 862 1508 907 non
1554 846 1824 921 pudebat
1851 845 2240 920 magistratus

175 927 387 1005 populi
413 926 677 990 Romani
715 926 777 989 in
821 928 1029 992 hunc
1014 946 1217 1005 ipsum
1248 930 1452 989 locum
1485 929 1850 1001 escendere,
1885 945 2071 1003 quum
2101 944 2238 990 eum

174 1008 353 1074 nobis
393 1010 661 1072 maiores
690 1012 884 1074 nostri
916 1010 1162 1073 exuviis
1190 1009 1450 1073 nauticis
1477 1018 1539 1072 et
1571 1009 1862 1121 classium
1891 1009 2108 1085 spoliis
2143 1027 2234 1077 or-

178 1100 381 1158 natum
406 1093 819 1167 reliquissent.

341 1176 495 1235 XIX.
540 1172 643 1237 56.
701 1176 877 1236 Bono
907 1183 967 1237 te
994 1174 1197 1237 animo
1228 1184 1374 1249 tum,
1402 1176 1469 1249 Q.
1495 1173 1804 1249 Hortensi,
1831 1176 2100 1250 populus
2118 1174 2234 1235 Ro'·

180 1274 397 1318 manus
439 1266 505 1321 et
556 1264 825 1329 ceteroS,
857 1258 961 1331 qui
996 1265 1168 1319 erant
1192 1258 1256 1317 in
1285 1220 1500 1319 ea’dem
1529 1256 1845 1329 sententia,
1877 1256 2084 1318 dicere
2113 1255 2236 1317 exi·

180 1336 444 1401 stimavit
483 1354 585 1412 ea,
628 1354 790 1415 quae
816 1338 1201 1401 sentiebatisz
1244 1341 1358 1401 sed
1385 1348 1586 1401 tamen
1617 1340 1680 1400 in
1713 1340 2238 1413 salutecommuni

179 1421 339 1485 idem
377 1422 649 1497 populus
676 1423 993 1485 Romanus
1034 1422 1238 1485 dolori
1277 1440 1393 1485 suo
1435 1422 1646 1485 maluit
1689 1440 1872 1499 quam
1899 1421 2237 1485 auctoritati

180 1512 419 1567 vestrae
452 1504 893 1581 obtemperare.
951 1506 1165 1581 Itaque
1193 1523 1318 1567 una
1343 1508 1478 1581 lex,
1507 1523 1668 1569 unus
1699 1504 1821 1579 vir,
1853 1523 2012 1569 unus
2039 1522 2240 1567 annus

178 1604 301 1649 non
329 1588 512 1649 modo
532 1604 658 1649 nos
684 1585 790 1649 illa
814 1586 1063 1651 miseria
1088 1604 1161 1649 ac
1190 1587 1563 1665 turpitudine
1589 1587 1888 1663 liberavit,
1918 1590 2032 1651 sed
2059 1588 2240 1651 etiam

81 1700 89 1713 ·
176 1670 407 1767 effecit,
454 1679 521 1731 ut
560 1670 887 1747 aliquando
932 1688 1082 1736 vere
1121 1670 1468 1733 videremur
1505 1672 1787 1734 omnihus
1837 1670 2119 1747 gentibus
2166 1686 2241 1731 ac

178 1751 521 1825 nationibus
549 1760 711 1813 terra
737 1751 1013 1829 marique
1040 1753 1362 1829 imperare.
1439 1752 1542 1815 57.
1601 1754 1732 1826 Quo
1765 1751 1908 1815 mihi
1939 1753 2118 1813 etiam
2151 1751 2240 1811 in-

177 1832 421 1911 dignius
451 1833 687 1898 videtur
717 1836 1117 1898 obtrectatum
1146 1852 1290 1896 esse
1317 1836 1538 1909 adhuc,
1573 1833 1828 1895 Gabinio
1859 1832 2054 1893 dicam
2083 1850 2240 1894 anne

174 1916 500 1993 Pompeio,
538 1934 619 1977 an
660 1916 934 1990 utrique,
974 1914 1038 1977 id
1086 1919 1256 1991 quod
1298 1926 1396 1977 est
1435 1917 1668 1989 verius,
1713 1932 1792 1977 ne
1833 1917 2136 1991 legaretur
2167 1918 2237 1977 A⁴

176 1998 472 2062 Gabinius
506 1998 612 2058 Cn.
654 1998 947 2073 Pompeio
994 1997 1306 2075 expetenti
1349 2014 1424 2059 ac
1465 1998 1832 2074 postulanti.·
1870 1999 2084 2060 Utrum
2121 1997 2238 2072 ille,

176 2080 286 2159 qui
326 2082 596 2157 postulat
628 2082 711 2141 ad
737 2088 969 2141 tantum
996 2082 1219 2141 bellum
1247 2083 1510 2157 legatum
1545 2098 1725 2157 quem
1758 2080 1931 2157 velit,
1979 2082 2238 2143 idoneus

174 2182 302 2227 non
332 2171 429 2225 est
458 2163 563 2239 qui
591 2162 901 2243 impetret,
934 2181 1121 2239 quum
1178 2163 1377 2234 ,ceteri
1407 2165 1488 2225 ad
1517 2164 1882 2240 expilandos
1911 2163 2122 2226 socios
2151 2163 2239 2225 di-

174 2245 617 2323 ripiendasque
656 2244 1011 2323 provincias
1052 2262 1210 2322 quos
1253 2248 1576 2310 voluerunt
1615 2248 1854 2322 legatos
1901 2248 2239 2319 eduxerint,

176 2348 257 2391 an
298 2330 472 2406 ipse,
512 2328 689 2392 cuius
716 2330 857 2405 lege
890 2330 1061 2391 salus
1090 2346 1164 2391 ac
1193 2328 1456 2405 dignitas
1483 2332 1718 2407 populo
1748 2332 2027 2391 Romano
2057 2337 2242 2405 atque

176 2412 459 2475 omnibus
498 2411 780 2488 gentibus
823 2411 1153 2477 constituta
1196 2421 1321 2486 est,
1367 2429 1594 2489 expers
1623 2429 1768 2475 esse
1803 2412 1986 2474 debet
2011 2412 2244 2489 gloriae

174 2496 309 2557 eius
350 2493 757 2571 imperatoris.
778 2504 966 2571 atque
1006 2494 1141 2557 eius
1183 2494 1522 2569 exercituS,
1582 2494 1688 2572 qui
1731 2493 1990 2557 consilio
2042 2492 2242 2569 ipsius

174 2594 251 2639 ac
288 2575 560 2655 periculo
597 2586 696 2641 est
731 2577 1141 2641 constitutus?
1193 2574 1296 2641 58.
1338 2580 1438 2639 An
1475 2579 1538 2639 C.
1565 2577 1900 2651 Falcidiae,
1934 2576 2003 2651 Q.
2033 2578 2242 2639 Metel·

171 2664 303 2737 lus,
334 2660 403 2735 Q.
436 2661 677 2723 Caelius
703 2658 1091 2733 LatiniensiS,
1124 2661 1228 2724 Cn.
1253 2662 1580 2735 LentuluS,
1611 2677 1770 2737 quos
1801 2677 2016 2722 omnes
2048 2660 2238 2721 hono-

170 2743 260 2805 ris
291 2760 479 2805 causa
508 2742 775 2817 nomino,
808 2760 994 2819 quum
1024 2743 1247 2805 tribuni
1274 2740 1439 2818 plebi
1469 2744 1744 2817 luissent,
1771 2759 1933 2805 anno
1959 2744 2243 2820 proximo

171 2828 358 2901 legati
398 2842 541 2887 esse
583 2834 944 2901 potuerunt=
986 2826 1047 2887 in
1090 2844 1215 2888 uno
1255 2826 1512 2888 Gabinio
1555 2834 1699 2888 sunt
1741 2833 1860 2887 tam
1899 2824 2244 2901 diligentes,

176 2908 284 2986 qui
308 2907 371 2969 in
406 2907 526 2969 hoc
558 2908 753 2983 bello,
786 2910 953 2985 quod
984 2910 1121 2983 lege
1149 2908 1406 2969 Gabinia
1433 2908 1694 2985 geritur,
1737 2908 1800 2969 in
1830 2907 1950 2969 hoe
1983 2908 2242 2985 impera-

171 3001 306 3056 tore
332 2999 519 3068 atque
548 2990 839 3063 exercitu,
872 3008 1055 3067 quem
1076 2988 1189 3068 per
1212 3008 1325 3053 vos
1345 2990 1483 3067 ipse
1507 2989 1834 3067 constituit,
1863 2990 2042 3053 etiam
2066 3008 2245 3067 prae-

174 3076 359 3151 cipuo
394 3073 526 3136 iure
556 3089 700 3135 esse
728 3075 1023 3136 deberet?
1062 3074 1155 3135 De
1182 3091 1306 3150 quo
1336 3074 1600 3150 legando
1632 3076 1923 3137 consules
1949 3092 2135 3150 spero
2163 3074 2246 3134 ad

171 3164 454 3219 senatum
479 3158 811 3219 relaturos:
882 3154 993 3233 qui
1026 3155 1080 3218 si
1113 3156 1475 3221 dubitabunt
1502 3166 1608 3219 aut
1639 3160 2078 3233 gravabuntur,
2125 3172 2244 3231 ego

168 3257 272 3301 me
312 3240 608 3315 profiteor
649 3240 1007 3314 relaturum,
1052 3256 1255 3317 neque
1295 3257 1394 3301 me
1420 3240 1712 3317 impediet
1741 3240 2106 3315 cuiusquam
2132 3238 2244 3298 ini-

169 3322 396 3384 micum
424 3321 719 3396 edictum,
752 3338 876 3398 quo
912 3322 1113 3392 minus
1148 3322 1329 3385 vobis
1364 3324 1554 3387 fretus
1585 3330 1855 3385 vestrum
1887 3322 1985 3385 ius
2013 3321 2242 3383 benefi-

168 3406 461 3482 ciumque
487 3405 815 3468 defendam
828 3450 849 3481 ,
874 3421 1078 3483 neque
1106 3414 1351 3483 praeter
1374 3406 1880 3467 intercessionem
1910 3402 2240 3481 quidquam
