<?xml version="1.0" encoding="UTF-8"?>
<!DOCTYPE html PUBLIC "-//W3C//DTD XHTML 1.0 Transitional//EN"
    "http://www.w3.org/TR/xhtml1/DTD/xhtml1-transitional.dtd">
<html xmlns="http://www.w3.org/1999/xhtml" xml:lang="en" lang="en">
 <head>
  <title>
</title>
<meta http-equiv="Content-Type" content="text/html;charset=utf-8" />
  <meta name='ocr-system' content='tesseract 3.04.00' />
  <meta name='ocr-capabilities' content='ocr_page ocr_carea ocr_par ocr_line ocrx_word'/>
</head>
<body>
  <div class='ocr_page' id='page_1' title='image "./mtulliiciceroni00klotgoog_0236.png"; bbox 0 0 2459 3817; ppageno 0'>
   <div class='ocr_carea' id='block_1_1' title="bbox 130 384 2270 651">
    <p class='ocr_par' dir='ltr' id='par_1_1' title="bbox 130 384 2270 651">
     <span class='ocr_line' id='line_1_1' title="bbox 786 384 1680 469; baseline 0.002 -2"><span class='ocrx_word' id='word_1_1' title='bbox 786 384 875 469; x_wconf 75' lang='lat' dir='ltr'><strong>M.</strong></span> <span class='ocrx_word' id='word_1_2' title='bbox 932 386 1204 469; x_wconf 85' lang='lat' dir='ltr'><strong>TULLll</strong></span> <span class='ocrx_word' id='word_1_3' title='bbox 1258 384 1680 469; x_wconf 72' lang='lat' dir='ltr'>CICERONIS</span> 
     </span>
     <span class='ocr_line' id='line_1_2' title="bbox 130 498 2270 651; baseline 0 -56"><span class='ocrx_word' id='word_1_4' title='bbox 130 646 133 651; x_wconf 15' lang='grc' dir='ltr'>Ι</span> <span class='ocrx_word' id='word_1_5' title='bbox 230 498 547 595; x_wconf 78' lang='lat' dir='ltr'><strong>oltA&#39;llo</strong></span> <span class='ocrx_word' id='word_1_6' title='bbox 566 499 807 608; x_wconf 69' lang='lat' dir='ltr'><strong>QUAM</strong></span> <span class='ocrx_word' id='word_1_7' title='bbox 831 503 921 595; x_wconf 85' lang='lat' dir='ltr'><strong>IN</strong></span> <span class='ocrx_word' id='word_1_8' title='bbox 946 504 1350 597; x_wconf 70' lang='lat' dir='ltr'><strong>coNfloNE</strong></span> <span class='ocrx_word' id='word_1_9' title='bbox 1369 502 1535 611; x_wconf 69' lang='lat'>(111⁰</span> <span class='ocrx_word' id='word_1_10' title='bbox 1562 504 1709 598; x_wconf 72' lang='lat' dir='ltr'><strong>mit</strong></span> <span class='ocrx_word' id='word_1_11' title='bbox 1725 501 2270 599; x_wconf 70' lang='lat' dir='ltr'><strong>Attonitoclts</strong></span> 
     </span>
    </p>
   </div>
   <div class='ocr_carea' id='block_1_2' title="bbox 756 632 1728 731">
    <p class='ocr_par' dir='ltr' id='par_1_2' title="bbox 756 632 1728 731">
     <span class='ocr_line' id='line_1_3' title="bbox 756 632 1728 731; baseline 0.001 -2"><span class='ocrx_word' id='word_1_12' title='bbox 756 632 1348 731; x_wconf 67' lang='lat' dir='ltr'>{NVULGARUNT</span> <span class='ocrx_word' id='word_1_13' title='bbox 1380 635 1728 731; x_wconf 80' lang='lat' dir='ltr'><strong>HABUI&#39;l&#39;.</strong></span> 
     </span>
    </p>
   </div>
   <div class='ocr_carea' id='block_1_3' title="bbox 1110 804 1412 813">
    <p class='ocr_par' dir='ltr' id='par_1_3' title="bbox 1110 804 1412 813">
     <span class='ocr_line' id='line_1_4' title="bbox 1110 804 1412 813; baseline 0 0"><span class='ocrx_word' id='word_1_14' title='bbox 1110 804 1412 813; x_wconf 95' lang='lat' dir='ltr'><strong> </strong></span> 
     </span>
    </p>
   </div>
   <div class='ocr_carea' id='block_1_4' title="bbox 880 909 1626 971">
    <p class='ocr_par' dir='ltr' id='par_1_4' title="bbox 880 909 1626 971">
     <span class='ocr_line' id='line_1_5' title="bbox 880 909 1626 971; baseline -0.003 -2"><span class='ocrx_word' id='word_1_15' title='bbox 880 909 1626 971; x_wconf 85' lang='lat' dir='ltr'><strong>ARGUMENTUM.</strong></span> 
     </span>
    </p>
   </div>
   <div class='ocr_carea' id='block_1_5' title="bbox 220 1026 2281 1245">
    <p class='ocr_par' dir='ltr' id='par_1_5' title="bbox 220 1026 2281 1245">
     <span class='ocr_line' id='line_1_6' title="bbox 357 1026 2280 1113; baseline 0.003 -23"><span class='ocrx_word' id='word_1_16' title='bbox 357 1041 627 1105; x_wconf 76' lang='lat' dir='ltr'>Aliquanto</span> <span class='ocrx_word' id='word_1_17' title='bbox 664 1052 779 1109; x_wconf 83' lang='lat' dir='ltr'><strong>post</strong></span> <span class='ocrx_word' id='word_1_18' title='bbox 814 1060 966 1107; x_wconf 87' lang='lat' dir='ltr'><strong>quam</strong></span> <span class='ocrx_word' id='word_1_19' title='bbox 1000 1044 1126 1094; x_wconf 81' lang='lat' dir='ltr'><strong>haec</strong></span> <span class='ocrx_word' id='word_1_20' title='bbox 1172 1026 1317 1110; x_wconf 80' lang='lat' dir='ltr'><strong>gesta</strong></span> <span class='ocrx_word' id='word_1_21' title='bbox 1351 1054 1512 1107; x_wconf 89' lang='lat' dir='ltr'><strong>erant,</strong></span> <span class='ocrx_word' id='word_1_22' title='bbox 1547 1062 1700 1109; x_wconf 83' lang='lat' dir='ltr'><strong>quum</strong></span> <span class='ocrx_word' id='word_1_23' title='bbox 1737 1046 1889 1113; x_wconf 79' lang='lat' dir='ltr'><strong>legati</strong></span> <span class='ocrx_word' id='word_1_24' title='bbox 1924 1044 2280 1113; x_wconf 77' lang='lat' dir='ltr'><strong>Allobrogum,</strong></span> 
     </span>
     <span class='ocr_line' id='line_1_7' title="bbox 222 1107 2281 1176; baseline 0.004 -21"><span class='ocrx_word' id='word_1_25' title='bbox 222 1107 307 1167; x_wconf 85' lang='lat' dir='ltr'><strong>qui</strong></span> <span class='ocrx_word' id='word_1_26' title='bbox 342 1124 372 1158; x_wconf 88' lang='lat' dir='ltr'><strong>a</strong></span> <span class='ocrx_word' id='word_1_27' title='bbox 404 1110 617 1161; x_wconf 83' lang='lat' dir='ltr'><strong>Lentulo</strong></span> <span class='ocrx_word' id='word_1_28' title='bbox 652 1114 883 1176; x_wconf 83' lang='lat' dir='ltr'><strong>temptati</strong></span> <span class='ocrx_word' id='word_1_29' title='bbox 919 1112 985 1164; x_wconf 87' lang='lat' dir='ltr'><strong>M.</strong></span> <span class='ocrx_word' id='word_1_30' title='bbox 1026 1111 1265 1163; x_wconf 82' lang='lat' dir='ltr'><strong>Cicerone</strong></span> <span class='ocrx_word' id='word_1_31' title='bbox 1311 1122 1512 1164; x_wconf 87' lang='lat' dir='ltr'><strong>auctore</strong></span> <span class='ocrx_word' id='word_1_32' title='bbox 1548 1114 1717 1164; x_wconf 78' lang='lat' dir='ltr'><strong>favere</strong></span> <span class='ocrx_word' id='word_1_33' title='bbox 1753 1130 1808 1165; x_wconf 87' lang='lat' dir='ltr'><strong>se</strong></span> <span class='ocrx_word' id='word_1_34' title='bbox 1846 1115 2177 1165; x_wconf 86' lang='lat' dir='ltr'><strong>coniurationi</strong></span> <span class='ocrx_word' id='word_1_35' title='bbox 2214 1116 2281 1164; x_wconf 86' lang='lat' dir='ltr'><strong>si-</strong></span> 
     </span>
     <span class='ocr_line' id='line_1_8' title="bbox 220 1175 2280 1245; baseline 0.005 -24"><span class='ocrx_word' id='word_1_36' title='bbox 220 1175 555 1238; x_wconf 69' lang='lat' dir='ltr'><strong>mulaverant,</strong></span> <span class='ocrx_word' id='word_1_37' title='bbox 586 1187 825 1229; x_wconf 84' lang='lat' dir='ltr'><strong>exeuntes</strong></span> <span class='ocrx_word' id='word_1_38' title='bbox 858 1195 921 1229; x_wconf 79' lang='lat' dir='ltr'><strong>ex</strong></span> <span class='ocrx_word' id='word_1_39' title='bbox 954 1180 1081 1229; x_wconf 87' lang='lat' dir='ltr'><strong>urbe</strong></span> <span class='ocrx_word' id='word_1_40' title='bbox 1110 1196 1226 1229; x_wconf 88' lang='lat' dir='ltr'><strong>cum</strong></span> <span class='ocrx_word' id='word_1_41' title='bbox 1246 1181 1304 1232; x_wconf 85' lang='grc' dir='ltr'><strong>Τ.</strong></span> <span class='ocrx_word' id='word_1_42' title='bbox 1330 1181 1610 1242; x_wconf 85' lang='lat' dir='ltr'><strong>Vultureio,</strong></span> <span class='ocrx_word' id='word_1_43' title='bbox 1647 1185 1734 1245; x_wconf 87' lang='lat' dir='ltr'><strong>qui</strong></span> <span class='ocrx_word' id='word_1_44' title='bbox 1772 1192 1876 1233; x_wconf 87' lang='lat' dir='ltr'><strong>erat</strong></span> <span class='ocrx_word' id='word_1_45' title='bbox 1908 1197 1939 1231; x_wconf 90' lang='lat' dir='ltr'><strong>a</strong></span> <span class='ocrx_word' id='word_1_46' title='bbox 1968 1182 2177 1233; x_wconf 80' lang='lat' dir='ltr'><strong>Lentulo</strong></span> <span class='ocrx_word' id='word_1_47' title='bbox 2215 1183 2280 1231; x_wconf 86' lang='lat' dir='ltr'><strong>ad</strong></span> 
     </span>
    </p>
   </div>
   <div class='ocr_carea' id='block_1_6' title="bbox 114 1240 2281 1314">
    <p class='ocr_par' dir='ltr' id='par_1_6' title="bbox 114 1240 2281 1314">
     <span class='ocr_line' id='line_1_9' title="bbox 114 1240 2281 1314; baseline 0.004 -23"><span class='ocrx_word' id='word_1_48' title='bbox 114 1288 117 1291; x_wconf 90' lang='lat'>.</span> <span class='ocrx_word' id='word_1_49' title='bbox 222 1240 489 1292; x_wconf 84' lang='lat' dir='ltr'><strong>Catilinam</strong></span> <span class='ocrx_word' id='word_1_50' title='bbox 522 1248 741 1305; x_wconf 84' lang='lat' dir='ltr'><strong>missus,</strong></span> <span class='ocrx_word' id='word_1_51' title='bbox 786 1247 837 1295; x_wconf 90' lang='lat' dir='ltr'><strong>in</strong></span> <span class='ocrx_word' id='word_1_52' title='bbox 866 1253 1019 1311; x_wconf 85' lang='lat' dir='ltr'><strong>ponte</strong></span> <span class='ocrx_word' id='word_1_53' title='bbox 1048 1246 1239 1299; x_wconf 84' lang='lat' dir='ltr'><strong>Mulvio</strong></span> <span class='ocrx_word' id='word_1_54' title='bbox 1268 1255 1413 1299; x_wconf 85' lang='lat' dir='ltr'><strong>nocte</strong></span> <span class='ocrx_word' id='word_1_55' title='bbox 1448 1250 1798 1314; x_wconf 78' lang='lat' dir='ltr'><strong>comprehensi</strong></span> <span class='ocrx_word' id='word_1_56' title='bbox 1829 1259 2022 1311; x_wconf 81' lang='lat' dir='ltr'><strong>essent,</strong></span> <span class='ocrx_word' id='word_1_57' title='bbox 2059 1250 2281 1301; x_wconf 80' lang='lat' dir='ltr'><strong>litterae-</strong></span> 
     </span>
    </p>
   </div>
   <div class='ocr_carea' id='block_1_7' title="bbox 215 1312 2278 1655">
    <p class='ocr_par' dir='ltr' id='par_1_7' title="bbox 215 1312 2278 1655">
     <span class='ocr_line' id='line_1_10' title="bbox 219 1312 2278 1381; baseline 0.006 -24"><span class='ocrx_word' id='word_1_58' title='bbox 219 1322 337 1370; x_wconf 85' lang='lat' dir='ltr'><strong>que.</strong></span> <span class='ocrx_word' id='word_1_59' title='bbox 373 1326 501 1373; x_wconf 87' lang='lat' dir='ltr'><strong>quae</strong></span> <span class='ocrx_word' id='word_1_60' title='bbox 538 1314 601 1363; x_wconf 89' lang='lat' dir='ltr'><strong>ab</strong></span> <span class='ocrx_word' id='word_1_61' title='bbox 636 1313 867 1377; x_wconf 79' lang='lat' dir='ltr'><strong>Lentulo,</strong></span> <span class='ocrx_word' id='word_1_62' title='bbox 908 1312 1146 1381; x_wconf 78' lang='lat' dir='ltr'><strong>Cethego,</strong></span> <span class='ocrx_word' id='word_1_63' title='bbox 1182 1318 1239 1371; x_wconf 86' lang='lat' dir='ltr'><strong>P.</strong></span> <span class='ocrx_word' id='word_1_64' title='bbox 1283 1315 1492 1367; x_wconf 89' lang='lat' dir='ltr'><strong>Gabinio</strong></span> <span class='ocrx_word' id='word_1_65' title='bbox 1524 1317 1723 1368; x_wconf 89' lang='lat' dir='ltr'><strong>Cimbro</strong></span> <span class='ocrx_word' id='word_1_66' title='bbox 1757 1320 1821 1370; x_wconf 79' lang='lat' dir='ltr'><strong>ad</strong></span> <span class='ocrx_word' id='word_1_67' title='bbox 1853 1318 2116 1369; x_wconf 72' lang='lat' dir='ltr'><strong>Catilinam</strong></span> <span class='ocrx_word' id='word_1_68' title='bbox 2149 1319 2278 1369; x_wconf 79' lang='lat' dir='ltr'><strong>fere·</strong></span> 
     </span>
     <span class='ocr_line' id='line_1_11' title="bbox 220 1377 2276 1454; baseline 0.005 -29"><span class='ocrx_word' id='word_1_69' title='bbox 220 1378 434 1437; x_wconf 81' lang='lat' dir='ltr'><strong>bantur,</strong></span> <span class='ocrx_word' id='word_1_70' title='bbox 468 1377 703 1431; x_wconf 84' lang='lat' dir='ltr'><strong>Ciceroni</strong></span> <span class='ocrx_word' id='word_1_71' title='bbox 736 1382 976 1443; x_wconf 78' lang='lat' dir='ltr'><strong>traditae,</strong></span> <span class='ocrx_word' id='word_1_72' title='bbox 1007 1383 1053 1431; x_wconf 82' lang='lat' dir='ltr'><strong>is</strong></span> <span class='ocrx_word' id='word_1_73' title='bbox 1090 1386 1343 1435; x_wconf 75' lang='lat' dir='ltr'><strong>arcessitis</strong></span> <span class='ocrx_word' id='word_1_74' title='bbox 1380 1387 1741 1437; x_wconf 87' lang='lat' dir='ltr'><strong>coniurationis</strong></span> <span class='ocrx_word' id='word_1_75' title='bbox 1774 1390 2092 1454; x_wconf 79' lang='lat' dir='ltr'><strong>principibus</strong></span> <span class='ocrx_word' id='word_1_76' title='bbox 2129 1402 2276 1437; x_wconf 79' lang='lat' dir='ltr'><strong>sena·</strong></span> 
     </span>
     <span class='ocr_line' id='line_1_12' title="bbox 220 1446 2277 1521; baseline 0.005 -28"><span class='ocrx_word' id='word_1_77' title='bbox 220 1451 326 1493; x_wconf 87' lang='lat' dir='ltr'><strong>tum</strong></span> <span class='ocrx_word' id='word_1_78' title='bbox 360 1446 413 1495; x_wconf 89' lang='lat' dir='ltr'><strong>in</strong></span> <span class='ocrx_word' id='word_1_79' title='bbox 448 1450 626 1499; x_wconf 87' lang='lat' dir='ltr'><strong>aedem</strong></span> <span class='ocrx_word' id='word_1_80' title='bbox 665 1449 976 1501; x_wconf 82' lang='lat' dir='ltr'><strong>Concordiae</strong></span> <span class='ocrx_word' id='word_1_81' title='bbox 1014 1454 1181 1518; x_wconf 74' lang='lat' dir='ltr'><strong>coegit</strong></span> <span class='ocrx_word' id='word_1_82' title='bbox 1217 1454 1300 1507; x_wconf 88' lang='lat'>111.</span> <span class='ocrx_word' id='word_1_83' title='bbox 1355 1454 1484 1505; x_wconf 88' lang='lat' dir='ltr'><strong>Non.</strong></span> <span class='ocrx_word' id='word_1_84' title='bbox 1524 1454 1841 1507; x_wconf 78' lang='lat' dir='ltr'><strong>Decembres.</strong></span> <span class='ocrx_word' id='word_1_85' title='bbox 1901 1458 1973 1507; x_wconf 88' lang='lat' dir='ltr'><strong>Ibi</strong></span> <span class='ocrx_word' id='word_1_86' title='bbox 2015 1470 2170 1521; x_wconf 85' lang='lat' dir='ltr'><strong>quum</strong></span> <span class='ocrx_word' id='word_1_87' title='bbox 2207 1455 2277 1504; x_wconf 89' lang='lat' dir='ltr'><strong>le-</strong></span> 
     </span>
     <span class='ocr_line' id='line_1_13' title="bbox 215 1515 2277 1582; baseline 0.005 -21"><span class='ocrx_word' id='word_1_88' title='bbox 215 1515 323 1577; x_wconf 76' lang='lat' dir='ltr'><strong>gati</strong></span> <span class='ocrx_word' id='word_1_89' title='bbox 356 1522 405 1563; x_wconf 87' lang='lat' dir='ltr'><strong>et</strong></span> <span class='ocrx_word' id='word_1_90' title='bbox 436 1516 732 1568; x_wconf 81' lang='lat' dir='ltr'><strong>Vulturcius</strong></span> <span class='ocrx_word' id='word_1_91' title='bbox 768 1534 968 1569; x_wconf 88' lang='lat' dir='ltr'><strong>omnem</strong></span> <span class='ocrx_word' id='word_1_92' title='bbox 996 1534 1102 1569; x_wconf 87' lang='lat' dir='ltr'><strong>rem</strong></span> <span class='ocrx_word' id='word_1_93' title='bbox 1142 1522 1482 1582; x_wconf 80' lang='lat' dir='ltr'><strong>iudicassent,</strong></span> <span class='ocrx_word' id='word_1_94' title='bbox 1515 1524 1762 1574; x_wconf 81' lang='lat' dir='ltr'><strong>coniurati</strong></span> <span class='ocrx_word' id='word_1_95' title='bbox 1795 1525 1977 1576; x_wconf 85' lang='lat' dir='ltr'><strong>litteris</strong></span> <span class='ocrx_word' id='word_1_96' title='bbox 2013 1526 2122 1575; x_wconf 84' lang='lat' dir='ltr'><strong>suis</strong></span> <span class='ocrx_word' id='word_1_97' title='bbox 2159 1536 2277 1573; x_wconf 85' lang='lat' dir='ltr'><strong>eon-</strong></span> 
     </span>
     <span class='ocr_line' id='line_1_14' title="bbox 224 1582 2276 1655; baseline 0.005 -26"><span class='ocrx_word' id='word_1_98' title='bbox 224 1582 346 1631; x_wconf 84' lang='lat' dir='ltr'><strong>victi</strong></span> <span class='ocrx_word' id='word_1_99' title='bbox 385 1584 435 1633; x_wconf 88' lang='lat' dir='ltr'><strong>in</strong></span> <span class='ocrx_word' id='word_1_100' title='bbox 468 1588 753 1636; x_wconf 72' lang='lat' dir='ltr'><strong>custodiam</strong></span> <span class='ocrx_word' id='word_1_101' title='bbox 792 1588 899 1637; x_wconf 89' lang='lat' dir='ltr'><strong>dati</strong></span> <span class='ocrx_word' id='word_1_102' title='bbox 938 1594 1081 1647; x_wconf 84' lang='lat' dir='ltr'><strong>sunt,</strong></span> <span class='ocrx_word' id='word_1_103' title='bbox 1122 1588 1353 1641; x_wconf 82' lang='lat' dir='ltr'><strong>Ciceroni</strong></span> <span class='ocrx_word' id='word_1_104' title='bbox 1401 1598 1567 1641; x_wconf 87' lang='lat' dir='ltr'><strong>autem</strong></span> <span class='ocrx_word' id='word_1_105' title='bbox 1604 1595 1798 1655; x_wconf 78' lang='lat' dir='ltr'><strong>gratiae</strong></span> <span class='ocrx_word' id='word_1_106' title='bbox 1839 1608 1870 1643; x_wconf 78' lang='lat' dir='ltr'><strong>a</strong></span> <span class='ocrx_word' id='word_1_107' title='bbox 1911 1600 2093 1644; x_wconf 82' lang='lat' dir='ltr'><strong>senatu</strong></span> <span class='ocrx_word' id='word_1_108' title='bbox 2135 1602 2276 1642; x_wconf 77' lang='lat' dir='ltr'><strong>actae</strong></span> 
     </span>
    </p>
   </div>
   <div class='ocr_carea' id='block_1_8' title="bbox 225 1660 2268 1795">
    <p class='ocr_par' dir='ltr' id='par_1_8' title="bbox 225 1660 2268 1795">
     <span class='ocr_line' id='line_1_15' title="bbox 225 1660 2268 1727; baseline 0.001 -18"><span class='ocrx_word' id='word_1_109' title='bbox 225 1660 631 1727; x_wconf 76' lang='lat' dir='ltr'><strong>supplicatioque</strong></span> <span class='ocrx_word' id='word_1_110' title='bbox 664 1661 867 1711; x_wconf 82' lang='lat' dir='ltr'><strong>decreta</strong></span> <span class='ocrx_word' id='word_1_111' title='bbox 902 1668 995 1714; x_wconf 78' lang='lat' dir='ltr'><strong>eet.</strong></span> <span class='ocrx_word' id='word_1_112' title='bbox 1066 1663 1259 1723; x_wconf 81' lang='lat' dir='ltr'><strong>Quibus</strong></span> <span class='ocrx_word' id='word_1_113' title='bbox 1286 1663 1439 1713; x_wconf 83' lang='lat' dir='ltr'><strong>rebus</strong></span> <span class='ocrx_word' id='word_1_114' title='bbox 1469 1662 1687 1727; x_wconf 83' lang='lat' dir='ltr'><strong>peractis</strong></span> <span class='ocrx_word' id='word_1_115' title='bbox 1713 1660 1884 1711; x_wconf 84' lang='lat' dir='ltr'><strong>Cicero</strong></span> <span class='ocrx_word' id='word_1_116' title='bbox 1911 1661 1964 1709; x_wconf 83' lang='lat' dir='ltr'><strong>in</strong></span> <span class='ocrx_word' id='word_1_117' title='bbox 1986 1662 2268 1711; x_wconf 78' lang='lat' dir='ltr'><strong>contionem</strong></span> 
     </span>
     <span class='ocr_line' id='line_1_16' title="bbox 228 1726 2266 1795; baseline 0.002 -20"><span class='ocrx_word' id='word_1_118' title='bbox 228 1728 413 1791; x_wconf 84' lang='lat' dir='ltr'><strong>prodiit</strong></span> <span class='ocrx_word' id='word_1_119' title='bbox 435 1735 483 1778; x_wconf 87' lang='lat' dir='ltr'><strong>et</strong></span> <span class='ocrx_word' id='word_1_120' title='bbox 499 1728 690 1793; x_wconf 84' lang='lat' dir='ltr'><strong>populo</strong></span> <span class='ocrx_word' id='word_1_121' title='bbox 702 1744 829 1791; x_wconf 84' lang='lat' dir='ltr'><strong>quae</strong></span> <span class='ocrx_word' id='word_1_122' title='bbox 844 1736 955 1779; x_wconf 83' lang='lat' dir='ltr'><strong>acta</strong></span> <span class='ocrx_word' id='word_1_123' title='bbox 980 1741 1145 1780; x_wconf 84' lang='lat' dir='ltr'><strong>esseut</strong></span> <span class='ocrx_word' id='word_1_124' title='bbox 1170 1748 1227 1781; x_wconf 76' lang='lat' dir='ltr'><strong>ex</strong></span> <span class='ocrx_word' id='word_1_125' title='bbox 1239 1730 1527 1795; x_wconf 82' lang='lat' dir='ltr'><strong>posuithac,</strong></span> <span class='ocrx_word' id='word_1_126' title='bbox 1549 1726 2012 1791; x_wconf 71' lang='lat' dir='ltr'><strong>quaeinfralegitur</strong></span> <span class='ocrx_word' id='word_1_127' title='bbox 2024 1728 2266 1780; x_wconf 81' lang='lat' dir='ltr'><strong>oratione.</strong></span> 
     </span>
    </p>
   </div>
   <div class='ocr_carea' id='block_1_9' title="bbox 132 1810 2290 3498">
    <p class='ocr_par' dir='ltr' id='par_1_9' title="bbox 132 1810 2290 3498">
     <span class='ocr_line' id='line_1_17' title="bbox 380 1810 2276 1922; baseline 0 -17"><span class='ocrx_word' id='word_1_128' title='bbox 380 1847 425 1905; x_wconf 94' lang='grc' dir='ltr'><strong>Ι.</strong></span> <span class='ocrx_word' id='word_1_129' title='bbox 469 1850 525 1908; x_wconf 89' lang='lat'><strong>1.</strong></span> <span class='ocrx_word' id='word_1_130' title='bbox 578 1810 747 1907; x_wconf 78' lang='lat' dir='ltr'><strong>Rem</strong></span> <span class='ocrx_word' id='word_1_131' title='bbox 788 1847 1120 1922; x_wconf 83' lang='lat' dir='ltr'><strong>publicam,</strong></span> <span class='ocrx_word' id='word_1_132' title='bbox 1162 1846 1452 1921; x_wconf 78' lang='lat' dir='ltr'><strong>QuiriteS,</strong></span> <span class='ocrx_word' id='word_1_133' title='bbox 1499 1845 1810 1921; x_wconf 86' lang='lat' dir='ltr'><strong>vitamque</strong></span> <span class='ocrx_word' id='word_1_134' title='bbox 1863 1844 2130 1905; x_wconf 90' lang='lat' dir='ltr'><strong>omnium</strong></span> <span class='ocrx_word' id='word_1_135' title='bbox 2175 1862 2276 1905; x_wconf 84' lang='lat' dir='ltr'><strong>ve-</strong></span> 
     </span>
     <span class='ocr_line' id='line_1_18' title="bbox 217 1910 2279 2005; baseline 0 -17"><span class='ocrx_word' id='word_1_136' title='bbox 217 1937 425 2002; x_wconf 87' lang='lat' dir='ltr'><strong>strum,</strong></span> <span class='ocrx_word' id='word_1_137' title='bbox 457 1930 638 2003; x_wconf 86' lang='lat' dir='ltr'><strong>bona,</strong></span> <span class='ocrx_word' id='word_1_138' title='bbox 664 1910 955 2002; x_wconf 76' lang='lat' dir='ltr'><strong>sorlunaS,</strong></span> <span class='ocrx_word' id='word_1_139' title='bbox 987 1929 1282 2005; x_wconf 83' lang='lat' dir='ltr'><strong>coniuges</strong></span> <span class='ocrx_word' id='word_1_140' title='bbox 1307 1929 1662 2005; x_wconf 88' lang='lat' dir='ltr'><strong>liberosque</strong></span> <span class='ocrx_word' id='word_1_141' title='bbox 1683 1934 1926 1989; x_wconf 84' lang='lat' dir='ltr'><strong>vestros</strong></span> <span class='ocrx_word' id='word_1_142' title='bbox 1950 1935 2135 2002; x_wconf 88' lang='lat' dir='ltr'><strong>atque</strong></span> <span class='ocrx_word' id='word_1_143' title='bbox 2160 1926 2279 1988; x_wconf 81' lang='lat' dir='ltr'><strong>hoo</strong></span> 
     </span>
     <span class='ocr_line' id='line_1_19' title="bbox 216 2010 2276 2087; baseline -0 -16"><span class='ocrx_word' id='word_1_144' title='bbox 216 2011 587 2073; x_wconf 84' lang='lat' dir='ltr'><strong>domicilium</strong></span> <span class='ocrx_word' id='word_1_145' title='bbox 606 2010 926 2071; x_wconf 86' lang='lat' dir='ltr'><strong>clarissimi</strong></span> <span class='ocrx_word' id='word_1_146' title='bbox 937 2010 1194 2086; x_wconf 86' lang='lat' dir='ltr'><strong>imperii,</strong></span> <span class='ocrx_word' id='word_1_147' title='bbox 1222 2011 1759 2072; x_wconf 79' lang='lat' dir='ltr'><strong>fortunatissimam</strong></span> <span class='ocrx_word' id='word_1_148' title='bbox 1781 2010 2276 2087; x_wconf 78' lang='lat' dir='ltr'><strong>pulcherrimam·</strong></span> 
     </span>
     <span class='ocr_line' id='line_1_20' title="bbox 218 2093 2278 2169; baseline 0 -15"><span class='ocrx_word' id='word_1_149' title='bbox 218 2111 337 2169; x_wconf 91' lang='lat' dir='ltr'><strong>que</strong></span> <span class='ocrx_word' id='word_1_150' title='bbox 378 2095 591 2155; x_wconf 90' lang='lat' dir='ltr'><strong>urbem</strong></span> <span class='ocrx_word' id='word_1_151' title='bbox 631 2093 929 2155; x_wconf 89' lang='lat' dir='ltr'><strong>hodierno</strong></span> <span class='ocrx_word' id='word_1_152' title='bbox 964 2095 1063 2154; x_wconf 88' lang='lat' dir='ltr'><strong>die</strong></span> <span class='ocrx_word' id='word_1_153' title='bbox 1104 2096 1358 2155; x_wconf 88' lang='lat' dir='ltr'><strong>deorum</strong></span> <span class='ocrx_word' id='word_1_154' title='bbox 1391 2093 1815 2156; x_wconf 84' lang='lat' dir='ltr'><strong>immortalium</strong></span> <span class='ocrx_word' id='word_1_155' title='bbox 1851 2110 2089 2155; x_wconf 87' lang='lat' dir='ltr'><strong>summo</strong></span> <span class='ocrx_word' id='word_1_156' title='bbox 2131 2109 2278 2169; x_wconf 86' lang='lat' dir='ltr'><strong>erga</strong></span> 
     </span>
     <span class='ocr_line' id='line_1_21' title="bbox 215 2176 2276 2253; baseline 0.001 -18"><span class='ocrx_word' id='word_1_157' title='bbox 215 2192 329 2237; x_wconf 89' lang='lat' dir='ltr'><strong>vos</strong></span> <span class='ocrx_word' id='word_1_158' title='bbox 354 2192 585 2251; x_wconf 87' lang='lat' dir='ltr'><strong>amore,</strong></span> <span class='ocrx_word' id='word_1_159' title='bbox 633 2176 977 2253; x_wconf 84' lang='lat' dir='ltr'><strong>laboribus,</strong></span> <span class='ocrx_word' id='word_1_160' title='bbox 1010 2177 1316 2250; x_wconf 87' lang='lat' dir='ltr'><strong>consiliis,</strong></span> <span class='ocrx_word' id='word_1_161' title='bbox 1348 2176 1636 2253; x_wconf 86' lang='lat' dir='ltr'><strong>periculis</strong></span> <span class='ocrx_word' id='word_1_162' title='bbox 1668 2176 1820 2239; x_wconf 85' lang='lat' dir='ltr'><strong>meis</strong></span> <span class='ocrx_word' id='word_1_163' title='bbox 1851 2193 1886 2237; x_wconf 93' lang='lat' dir='ltr'><strong>e</strong></span> <span class='ocrx_word' id='word_1_164' title='bbox 1916 2176 2159 2239; x_wconf 85' lang='lat' dir='ltr'><strong>flamma</strong></span> <span class='ocrx_word' id='word_1_165' title='bbox 2189 2186 2276 2237; x_wconf 90' lang='lat' dir='ltr'><strong>at-</strong></span> 
     </span>
     <span class='ocr_line' id='line_1_22' title="bbox 216 2260 2275 2337; baseline -0.001 -18"><span class='ocrx_word' id='word_1_166' title='bbox 216 2276 337 2334; x_wconf 88' lang='lat' dir='ltr'><strong>que</strong></span> <span class='ocrx_word' id='word_1_167' title='bbox 380 2262 542 2321; x_wconf 79' lang='lat' dir='ltr'><strong>ferro</strong></span> <span class='ocrx_word' id='word_1_168' title='bbox 588 2274 661 2320; x_wconf 88' lang='lat' dir='ltr'><strong>ac</strong></span> <span class='ocrx_word' id='word_1_169' title='bbox 704 2276 900 2335; x_wconf 87' lang='lat' dir='ltr'><strong>paene</strong></span> <span class='ocrx_word' id='word_1_170' title='bbox 948 2276 1026 2320; x_wconf 87' lang='lat' dir='ltr'><strong>ex</strong></span> <span class='ocrx_word' id='word_1_171' title='bbox 1056 2260 1337 2323; x_wconf 79' lang='lat' dir='ltr'><strong>faucibus</strong></span> <span class='ocrx_word' id='word_1_172' title='bbox 1381 2260 1487 2322; x_wconf 77' lang='lat' dir='ltr'><strong>fati</strong></span> <span class='ocrx_word' id='word_1_173' title='bbox 1517 2269 1786 2337; x_wconf 87' lang='lat' dir='ltr'><strong>ereptam</strong></span> <span class='ocrx_word' id='word_1_174' title='bbox 1825 2269 1886 2322; x_wconf 89' lang='lat' dir='ltr'><strong>et</strong></span> <span class='ocrx_word' id='word_1_175' title='bbox 1916 2260 2096 2321; x_wconf 90' lang='lat' dir='ltr'><strong>vobis</strong></span> <span class='ocrx_word' id='word_1_176' title='bbox 2129 2276 2275 2319; x_wconf 83' lang='lat' dir='ltr'><strong>con-</strong></span> 
     </span>
     <span class='ocr_line' id='line_1_23' title="bbox 216 2340 2277 2410; baseline 0 -9"><span class='ocrx_word' id='word_1_177' title='bbox 216 2352 519 2403; x_wconf 82' lang='lat' dir='ltr'><strong>servatam</strong></span> <span class='ocrx_word' id='word_1_178' title='bbox 548 2358 622 2403; x_wconf 83' lang='lat' dir='ltr'><strong>ae</strong></span> <span class='ocrx_word' id='word_1_179' title='bbox 649 2343 985 2405; x_wconf 84' lang='lat' dir='ltr'><strong>restitutam</strong></span> <span class='ocrx_word' id='word_1_180' title='bbox 1012 2342 1258 2405; x_wconf 75' lang='lat' dir='ltr'><strong>videtis·</strong></span> <span class='ocrx_word' id='word_1_181' title='bbox 1299 2343 1360 2402; x_wconf 76' lang='lat'><strong>2.</strong></span> <span class='ocrx_word' id='word_1_182' title='bbox 1405 2344 1478 2405; x_wconf 89' lang='lat' dir='ltr'><strong>Et</strong></span> <span class='ocrx_word' id='word_1_183' title='bbox 1506 2343 1560 2403; x_wconf 90' lang='lat' dir='ltr'><strong>si</strong></span> <span class='ocrx_word' id='word_1_184' title='bbox 1594 2361 1714 2405; x_wconf 91' lang='lat' dir='ltr'><strong>non</strong></span> <span class='ocrx_word' id='word_1_185' title='bbox 1745 2344 1945 2405; x_wconf 87' lang='lat' dir='ltr'><strong>minus</strong></span> <span class='ocrx_word' id='word_1_186' title='bbox 1975 2340 2277 2410; x_wconf 69' lang='lat' dir='ltr'><strong>nobisiu-</strong></span> 
     </span>
     <span class='ocr_line' id='line_1_24' title="bbox 215 2424 2279 2502; baseline 0.001 -19"><span class='ocrx_word' id='word_1_187' title='bbox 215 2424 399 2485; x_wconf 89' lang='lat' dir='ltr'><strong>cundi</strong></span> <span class='ocrx_word' id='word_1_188' title='bbox 424 2434 606 2502; x_wconf 81' lang='lat' dir='ltr'><strong>atque</strong></span> <span class='ocrx_word' id='word_1_189' title='bbox 632 2426 896 2487; x_wconf 85' lang='lat' dir='ltr'><strong>illustres</strong></span> <span class='ocrx_word' id='word_1_190' title='bbox 922 2434 1063 2487; x_wconf 87' lang='lat' dir='ltr'><strong>sunt</strong></span> <span class='ocrx_word' id='word_1_191' title='bbox 1082 2425 1123 2486; x_wconf 90' lang='lat' dir='ltr'><strong>ii</strong></span> <span class='ocrx_word' id='word_1_192' title='bbox 1144 2426 1283 2487; x_wconf 89' lang='lat' dir='ltr'><strong>dies</strong></span> <span class='ocrx_word' id='word_1_193' title='bbox 1301 2474 1315 2499; x_wconf 91' lang='lat'><strong>,</strong></span> <span class='ocrx_word' id='word_1_194' title='bbox 1352 2427 1573 2502; x_wconf 88' lang='lat' dir='ltr'><strong>quibus</strong></span> <span class='ocrx_word' id='word_1_195' title='bbox 1597 2443 2061 2500; x_wconf 87' lang='lat' dir='ltr'><strong>conservamur,</strong></span> <span class='ocrx_word' id='word_1_196' title='bbox 2095 2440 2279 2500; x_wconf 88' lang='lat' dir='ltr'><strong>quam</strong></span> 
     </span>
     <span class='ocr_line' id='line_1_25' title="bbox 216 2505 2278 2584; baseline 0 -19"><span class='ocrx_word' id='word_1_197' title='bbox 216 2505 319 2581; x_wconf 89' lang='lat' dir='ltr'><strong>illi,</strong></span> <span class='ocrx_word' id='word_1_198' title='bbox 356 2506 577 2581; x_wconf 88' lang='lat' dir='ltr'><strong>quibus</strong></span> <span class='ocrx_word' id='word_1_199' title='bbox 606 2507 931 2584; x_wconf 87' lang='lat' dir='ltr'><strong>nascimur,</strong></span> <span class='ocrx_word' id='word_1_200' title='bbox 966 2511 1133 2584; x_wconf 89' lang='lat' dir='ltr'><strong>quod</strong></span> <span class='ocrx_word' id='word_1_201' title='bbox 1164 2508 1378 2571; x_wconf 90' lang='lat' dir='ltr'><strong>salutis</strong></span> <span class='ocrx_word' id='word_1_202' title='bbox 1403 2517 1568 2571; x_wconf 89' lang='lat' dir='ltr'><strong>certa</strong></span> <span class='ocrx_word' id='word_1_203' title='bbox 1593 2510 1816 2571; x_wconf 88' lang='lat' dir='ltr'><strong>laetitia</strong></span> <span class='ocrx_word' id='word_1_204' title='bbox 1837 2517 1951 2583; x_wconf 89' lang='lat' dir='ltr'><strong>est,</strong></span> <span class='ocrx_word' id='word_1_205' title='bbox 1983 2506 2278 2570; x_wconf 87' lang='lat' dir='ltr'><strong>nascendi</strong></span> 
     </span>
     <span class='ocr_line' id='line_1_26' title="bbox 213 2590 2279 2670; baseline 0 -20"><span class='ocrx_word' id='word_1_206' title='bbox 213 2590 441 2670; x_wconf 85' lang='lat' dir='ltr'><strong>ineerta</strong></span> <span class='ocrx_word' id='word_1_207' title='bbox 464 2590 745 2653; x_wconf 89' lang='lat' dir='ltr'><strong>condicio</strong></span> <span class='ocrx_word' id='word_1_208' title='bbox 778 2601 839 2654; x_wconf 92' lang='lat' dir='ltr'><strong>et</strong></span> <span class='ocrx_word' id='word_1_209' title='bbox 860 2593 1029 2669; x_wconf 89' lang='lat' dir='ltr'><strong>quod</strong></span> <span class='ocrx_word' id='word_1_210' title='bbox 1060 2593 1193 2653; x_wconf 87' lang='lat' dir='ltr'><strong>sine</strong></span> <span class='ocrx_word' id='word_1_211' title='bbox 1221 2609 1412 2654; x_wconf 88' lang='lat' dir='ltr'><strong>sensu</strong></span> <span class='ocrx_word' id='word_1_212' title='bbox 1439 2592 1766 2667; x_wconf 89' lang='lat' dir='ltr'><strong>nascimur,</strong></span> <span class='ocrx_word' id='word_1_213' title='bbox 1801 2610 1939 2653; x_wconf 89' lang='lat' dir='ltr'><strong>cum</strong></span> <span class='ocrx_word' id='word_1_214' title='bbox 1965 2593 2279 2667; x_wconf 85' lang='lat' dir='ltr'><strong>voluptate</strong></span> 
     </span>
     <span class='ocr_line' id='line_1_27' title="bbox 162 2672 2277 2752; baseline -0 -20"><span class='ocrx_word' id='word_1_215' title='bbox 162 2682 167 2686; x_wconf 85' lang='grc'><em>“</em></span> <span class='ocrx_word' id='word_1_216' title='bbox 216 2690 563 2749; x_wconf 85' lang='lat' dir='ltr'><strong>servamur,</strong></span> <span class='ocrx_word' id='word_1_217' title='bbox 588 2676 897 2751; x_wconf 82' lang='lat' dir='ltr'><strong>profecto,</strong></span> <span class='ocrx_word' id='word_1_218' title='bbox 932 2674 1219 2752; x_wconf 86' lang='lat' dir='ltr'><strong>quoniam</strong></span> <span class='ocrx_word' id='word_1_219' title='bbox 1249 2676 1444 2747; x_wconf 81' lang='lat' dir='ltr'><strong>illurn,</strong></span> <span class='ocrx_word' id='word_1_220' title='bbox 1489 2674 1595 2751; x_wconf 86' lang='lat' dir='ltr'><strong>qui</strong></span> <span class='ocrx_word' id='word_1_221' title='bbox 1635 2676 1794 2736; x_wconf 87' lang='lat' dir='ltr'><strong>hanc</strong></span> <span class='ocrx_word' id='word_1_222' title='bbox 1819 2676 2035 2736; x_wconf 91' lang='lat' dir='ltr'><strong>urbem</strong></span> <span class='ocrx_word' id='word_1_223' title='bbox 2065 2672 2277 2736; x_wconf 85' lang='lat' dir='ltr'><strong>condi-</strong></span> 
     </span>
     <span class='ocr_line' id='line_1_28' title="bbox 214 2756 2280 2832; baseline -0 -17"><span class='ocrx_word' id='word_1_224' title='bbox 214 2756 317 2828; x_wconf 87' lang='lat' dir='ltr'><strong>dit,</strong></span> <span class='ocrx_word' id='word_1_225' title='bbox 340 2757 419 2816; x_wconf 87' lang='lat' dir='ltr'><strong>ad</strong></span> <span class='ocrx_word' id='word_1_226' title='bbox 436 2758 589 2819; x_wconf 89' lang='lat' dir='ltr'><strong>deos</strong></span> <span class='ocrx_word' id='word_1_227' title='bbox 612 2756 981 2820; x_wconf 84' lang='lat' dir='ltr'><strong>immortales</strong></span> <span class='ocrx_word' id='word_1_228' title='bbox 996 2758 1423 2820; x_wconf 85' lang='lat' dir='ltr'><strong>benevolentia</strong></span> <span class='ocrx_word' id='word_1_229' title='bbox 1438 2758 1718 2832; x_wconf 79' lang='lat' dir='ltr'><strong>famaque</strong></span> <span class='ocrx_word' id='word_1_230' title='bbox 1733 2757 2108 2829; x_wconf 81' lang='lat' dir='ltr'><strong>sustulimuS,</strong></span> <span class='ocrx_word' id='word_1_231' title='bbox 2134 2771 2280 2816; x_wconf 80' lang='lat' dir='ltr'><strong>esse</strong></span> 
     </span>
     <span class='ocr_line' id='line_1_29' title="bbox 214 2839 2277 2920; baseline 0 -23"><span class='ocrx_word' id='word_1_232' title='bbox 214 2840 382 2913; x_wconf 85' lang='lat' dir='ltr'><strong>apud</strong></span> <span class='ocrx_word' id='word_1_233' title='bbox 413 2856 527 2900; x_wconf 87' lang='lat' dir='ltr'><strong>vos</strong></span> <span class='ocrx_word' id='word_1_234' title='bbox 554 2848 965 2915; x_wconf 86' lang='lat' dir='ltr'><strong>posterosque</strong></span> <span class='ocrx_word' id='word_1_235' title='bbox 990 2850 1230 2902; x_wconf 87' lang='lat' dir='ltr'><strong>vestros</strong></span> <span class='ocrx_word' id='word_1_236' title='bbox 1256 2840 1315 2920; x_wconf 82' lang='lat' dir='ltr'><strong>in</strong></span> <span class='ocrx_word' id='word_1_237' title='bbox 1341 2841 1574 2901; x_wconf 90' lang='lat' dir='ltr'><strong>honore</strong></span> <span class='ocrx_word' id='word_1_238' title='bbox 1603 2840 1849 2901; x_wconf 87' lang='lat' dir='ltr'><strong>debebit</strong></span> <span class='ocrx_word' id='word_1_239' title='bbox 1875 2841 1949 2915; x_wconf 89' lang='lat' dir='ltr'><strong>is,</strong></span> <span class='ocrx_word' id='word_1_240' title='bbox 1980 2839 2086 2915; x_wconf 81' lang='lat' dir='ltr'><strong>qui</strong></span> <span class='ocrx_word' id='word_1_241' title='bbox 2113 2854 2277 2900; x_wconf 87' lang='lat' dir='ltr'><strong>eam·</strong></span> 
     </span>
     <span class='ocr_line' id='line_1_30' title="bbox 221 2919 2290 3005; baseline -0.003 -18"><span class='ocrx_word' id='word_1_242' title='bbox 221 2928 361 2987; x_wconf 88' lang='lat' dir='ltr'><strong>dem</strong></span> <span class='ocrx_word' id='word_1_243' title='bbox 376 2927 532 2986; x_wconf 85' lang='lat' dir='ltr'><strong>hanc</strong></span> <span class='ocrx_word' id='word_1_244' title='bbox 544 2929 757 2987; x_wconf 88' lang='lat' dir='ltr'><strong>urbem</strong></span> <span class='ocrx_word' id='word_1_245' title='bbox 772 2928 1078 2988; x_wconf 85' lang='lat' dir='ltr'><strong>conditam</strong></span> <span class='ocrx_word' id='word_1_246' title='bbox 1090 2926 1642 3005; x_wconf 78' lang='lat' dir='ltr'><strong>amplificatamque</strong></span> <span class='ocrx_word' id='word_1_247' title='bbox 1667 2922 1959 2984; x_wconf 77' lang='lat' dir='ltr'><strong>servavit.</strong></span> <span class='ocrx_word' id='word_1_248' title='bbox 2001 2923 2153 2981; x_wconf 84' lang='lat' dir='ltr'><strong>Nam</strong></span> <span class='ocrx_word' id='word_1_249' title='bbox 2176 2919 2290 2981; x_wconf 62' lang='lat' dir='ltr'><strong>tol·</strong></span> 
     </span>
     <span class='ocr_line' id='line_1_31' title="bbox 220 3004 2269 3085; baseline -0.003 -16"><span class='ocrx_word' id='word_1_250' title='bbox 220 3018 323 3069; x_wconf 82' lang='lat' dir='ltr'><strong>tae</strong></span> <span class='ocrx_word' id='word_1_251' title='bbox 342 3009 493 3081; x_wconf 89' lang='lat' dir='ltr'><strong>urbi,</strong></span> <span class='ocrx_word' id='word_1_252' title='bbox 520 3010 760 3085; x_wconf 85' lang='lat' dir='ltr'><strong>templis</strong></span> <span class='ocrx_word' id='word_1_253' title='bbox 784 3004 1072 3080; x_wconf 71' lang='lat' dir='ltr'><strong>delubris»,</strong></span> <span class='ocrx_word' id='word_1_254' title='bbox 1098 3010 1273 3071; x_wconf 90' lang='lat' dir='ltr'><strong>tectis</strong></span> <span class='ocrx_word' id='word_1_255' title='bbox 1298 3024 1370 3067; x_wconf 87' lang='lat' dir='ltr'><strong>ac</strong></span> <span class='ocrx_word' id='word_1_256' title='bbox 1395 3007 1714 3068; x_wconf 83' lang='lat' dir='ltr'><strong>moenibus</strong></span> <span class='ocrx_word' id='word_1_257' title='bbox 1736 3007 2048 3067; x_wconf 88' lang='lat' dir='ltr'><strong>subiectos</strong></span> <span class='ocrx_word' id='word_1_258' title='bbox 2068 3019 2269 3080; x_wconf 87' lang='lat' dir='ltr'><strong>prope</strong></span> 
     </span>
     <span class='ocr_line' id='line_1_32' title="bbox 132 3088 2264 3171; baseline -0.002 -21"><span class='ocrx_word' id='word_1_259' title='bbox 132 3163 141 3171; x_wconf 79' lang='lat'><em>.</em></span> <span class='ocrx_word' id='word_1_260' title='bbox 219 3090 339 3150; x_wconf 86' lang='lat' dir='ltr'><strong>iam</strong></span> <span class='ocrx_word' id='word_1_261' title='bbox 367 3091 543 3166; x_wconf 85' lang='lat' dir='ltr'><strong>ignes</strong></span> <span class='ocrx_word' id='word_1_262' title='bbox 574 3090 1566 3166; x_wconf 83' lang='lat' dir='ltr'><strong>circumdatosque&#39;restinximus,</strong></span> <span class='ocrx_word' id='word_1_263' title='bbox 1598 3088 1904 3163; x_wconf 86' lang='lat' dir='ltr'><strong>iidemque</strong></span> <span class='ocrx_word' id='word_1_264' title='bbox 1937 3088 2176 3163; x_wconf 83' lang='lat' dir='ltr'><strong>gladios</strong></span> <span class='ocrx_word' id='word_1_265' title='bbox 2204 3088 2264 3148; x_wconf 88' lang='lat' dir='ltr'><strong>in</strong></span> 
     </span>
     <span class='ocr_line' id='line_1_33' title="bbox 221 3173 2269 3249; baseline -0.004 -16"><span class='ocrx_word' id='word_1_266' title='bbox 221 3189 349 3233; x_wconf 92' lang='lat' dir='ltr'><strong>rem</strong></span> <span class='ocrx_word' id='word_1_267' title='bbox 383 3175 687 3249; x_wconf 83' lang='lat' dir='ltr'><strong>publicam</strong></span> <span class='ocrx_word' id='word_1_268' title='bbox 729 3174 1059 3235; x_wconf 88' lang='lat' dir='ltr'><strong>destrictos</strong></span> <span class='ocrx_word' id='word_1_269' title='bbox 1094 3173 1457 3235; x_wconf 87' lang='lat' dir='ltr'><strong>rettudimus</strong></span> <span class='ocrx_word' id='word_1_270' title='bbox 1489 3185 1942 3246; x_wconf 78' lang='lat' dir='ltr'><strong>mucronesque</strong></span> <span class='ocrx_word' id='word_1_271' title='bbox 1983 3185 2194 3229; x_wconf 89' lang='lat' dir='ltr'><strong>eorum</strong></span> <span class='ocrx_word' id='word_1_272' title='bbox 2230 3182 2269 3225; x_wconf 93' lang='lat' dir='ltr'><strong>a</strong></span> 
     </span>
     <span class='ocr_line' id='line_1_34' title="bbox 220 3250 2266 3334; baseline -0.003 -20"><span class='ocrx_word' id='word_1_273' title='bbox 220 3255 445 3330; x_wconf 82' lang='lat' dir='ltr'><strong>iugulis</strong></span> <span class='ocrx_word' id='word_1_274' title='bbox 476 3258 701 3317; x_wconf 88' lang='lat' dir='ltr'><strong>vestris</strong></span> <span class='ocrx_word' id='word_1_275' title='bbox 732 3256 1083 3317; x_wconf 73' lang='lat' dir='ltr'><strong>deiecimus,</strong></span> <span class='ocrx_word' id='word_1_276' title='bbox 1172 3258 1231 3317; x_wconf 88' lang='lat'><strong>3.</strong></span> <span class='ocrx_word' id='word_1_277' title='bbox 1279 3256 1446 3329; x_wconf 83' lang='lat' dir='ltr'><strong>Quae</strong></span> <span class='ocrx_word' id='word_1_278' title='bbox 1477 3256 1763 3331; x_wconf 88' lang='lat' dir='ltr'><strong>quoniam</strong></span> <span class='ocrx_word' id='word_1_279' title='bbox 1793 3254 1851 3312; x_wconf 90' lang='lat' dir='ltr'><strong>in</strong></span> <span class='ocrx_word' id='word_1_280' title='bbox 1885 3258 2104 3311; x_wconf 86' lang='lat' dir='ltr'><strong>senatu</strong></span> <span class='ocrx_word' id='word_1_281' title='bbox 2135 3250 2266 3334; x_wconf 86' lang='lat' dir='ltr'><strong>illu·</strong></span> 
     </span>
     <span class='ocr_line' id='line_1_35' title="bbox 222 3334 2268 3415; baseline -0.003 -17"><span class='ocrx_word' id='word_1_282' title='bbox 222 3344 435 3410; x_wconf 87' lang='lat' dir='ltr'><strong>strata,</strong></span> <span class='ocrx_word' id='word_1_283' title='bbox 462 3342 785 3413; x_wconf 79' lang='lat' dir='ltr'><strong>patefacta,</strong></span> <span class='ocrx_word' id='word_1_284' title='bbox 811 3346 1125 3413; x_wconf 86' lang='lat' dir='ltr'><strong>comperta</strong></span> <span class='ocrx_word' id='word_1_285' title='bbox 1156 3345 1300 3399; x_wconf 89' lang='lat' dir='ltr'><strong>sunt</strong></span> <span class='ocrx_word' id='word_1_286' title='bbox 1325 3354 1433 3413; x_wconf 89' lang='lat' dir='ltr'><strong>per</strong></span> <span class='ocrx_word' id='word_1_287' title='bbox 1455 3354 1576 3415; x_wconf 87' lang='lat' dir='ltr'><strong>me,</strong></span> <span class='ocrx_word' id='word_1_288' title='bbox 1607 3336 1788 3397; x_wconf 85' lang='lat' dir='ltr'><strong>vobis</strong></span> <span class='ocrx_word' id='word_1_289' title='bbox 1811 3334 1930 3394; x_wconf 85' lang='lat' dir='ltr'><strong>iam</strong></span> <span class='ocrx_word' id='word_1_290' title='bbox 1961 3348 2268 3409; x_wconf 88' lang='lat' dir='ltr'><strong>exponam</strong></span> 
     </span>
     <span class='ocr_line' id='line_1_36' title="bbox 222 3415 2269 3498; baseline -0.004 -17"><span class='ocrx_word' id='word_1_291' title='bbox 222 3420 523 3491; x_wconf 83' lang='lat' dir='ltr'><strong>breviter,</strong></span> <span class='ocrx_word' id='word_1_292' title='bbox 568 3421 857 3493; x_wconf 78' lang='lat' dir='ltr'><strong>QuiriteS‚</strong></span> <span class='ocrx_word' id='word_1_293' title='bbox 898 3428 988 3498; x_wconf 87' lang='lat' dir='ltr'><strong>ut,</strong></span> <span class='ocrx_word' id='word_1_294' title='bbox 1012 3428 1073 3480; x_wconf 87' lang='lat' dir='ltr'><strong>et</strong></span> <span class='ocrx_word' id='word_1_295' title='bbox 1108 3427 1338 3495; x_wconf 88' lang='lat' dir='ltr'><strong>quanta</strong></span> <span class='ocrx_word' id='word_1_296' title='bbox 1380 3426 1440 3480; x_wconf 90' lang='lat' dir='ltr'><strong>et</strong></span> <span class='ocrx_word' id='word_1_297' title='bbox 1471 3434 1654 3493; x_wconf 85' lang='lat' dir='ltr'><strong>quam</strong></span> <span class='ocrx_word' id='word_1_298' title='bbox 1695 3415 2016 3476; x_wconf 83' lang='lat' dir='ltr'><strong>manifesta</strong></span> <span class='ocrx_word' id='word_1_299' title='bbox 2057 3422 2269 3489; x_wconf 79' lang='lat' dir='ltr'><strong>etqua</strong></span> 
     </span>
    </p>
   </div>
  </div>
 </body>
</html>
