2459 3817
784 126 953 187 CAP.
981 134 1249 189 27-—28-
1283 132 1335 193 S.
1366 132 1621 189 72—7‘1.
2118 122 2234 187 165

167 275 311 335 cula
343 273 606 348 Scantia,
641 273 788 351 quid
816 276 898 335 de
927 274 1325 335 adolescente
1352 275 1417 334 P.
1450 271 1677 349 Apinio
1713 270 1954 333 dieamr
1982 290 2239 349 quorum

163 354 412 433 utrique
439 366 693 423 mortem
722 364 819 418 est
851 354 1178 429 minitatus,
1209 355 1327 416 nisi
1356 354 1473 417 sibi
1499 355 1812 418 hortorum
1831 354 2239 430 possessione

167 437 506 504 cessissent
531 462 644 495 -ε
673 440 785 500 sed
818 455 1038 503 ausum
1069 454 1212 507 esse
1240 438 1525 502 Furfanio
1557 436 1789 511 dicere,
1822 436 1878 497 si
1906 436 2025 498 sibi
2052 453 2237 513 pecu-

168 522 354 597 niam,
381 530 670 599 quantam
699 530 1088 599 poposcerat,
1125 537 1250 585 non
1283 520 1577 595 dedisset,
1608 527 1910 582 mortuum
1933 536 2003 581 se
2035 519 2099 580 in
2128 522 2236 583 do·

167 621 336 667 mum
356 606 492 669 eius
523 604 857 679 illaturum,
900 622 1023 681 qua
1061 603 1293 665 invidia
1330 602 1472 667 huic
1512 610 1681 665 esset
1705 601 1809 664 tali
1842 602 1975 664 viro
2004 601 2237 669 confla-

165 686 494 764 grandum=
545 686 649 764 qui
676 687 944 764 Appium
990 689 1266 763 tratrem,
1305 686 1609 749 hominem
1651 684 1797 747 mihi
1844 684 2239 759 coniunctum

161 768 465 831 fidissima
489 769 714 845 gratia,
747 769 1064 833 absentem
1105 771 1184 831 de
1211 767 1618 846 possessione
1647 767 1816 827 fundi
1846 767 2096 830 deiecitz
2129 768 2237 845 qui

164 850 462 929 parietem
483 852 574 913 sic
603 868 718 928 per
737 852 1100 917 vestibulum
1129 852 1365 917 sororis
1388 850 1648 912 instituit
1667 850 1915 924 ducere,
1938 850 2029 911 sic
2052 866 2241 926 agere

170 935 593 1009 fundamenta,
631 943 700 999 ut
726 952 1003 997 sororem
1037 952 1162 997 non
1191 933 1378 995 modo
1430 931 1731 995 vestibulo
1771 932 2068 1008 privaret,
2122 934 2237 995 sed

167 1015 332 1079 omni
366 1018 534 1078 aditu
562 1025 622 1079 et
649 1016 873 1080 limine.

293 1099 562 1162 XXVIII.
620 1096 720 1163 76.
757 1100 1134 1196 Quamquam
1175 1098 1330 1161 haec
1362 1099 1653 1175 quidem
1636 1116 1755 1161 ram
1785 1095 2119 1161 tolerabilia
2145 1115 2235 1157 vx-

167 1182 501 1255 «icebantur,
549 1182 662 1243 etsi
692 1180 1126 1258 aequabiliter·
1109 1200 1172 1242 m
1199 1198 1329 1243 rem
1356 1182 1691 1257 publicam,
1734 1182 1797 1245 in
1833 1180 2142 1258 privatos,
2172 1179 2228 1245 in

169 1262 620 1339 longinquos,
603 1282 666 1325 m
691 1264 1107 1340 propinquos,
1139 1263 1204 1329 in
1236 1265 1537 1340 alienos,
1518 1284 1583 1327 m
1612 1282 1763 1329 suos
1795 1264 2089 1335 irruebat,
2122 1258 2232 1325 sed

173 1346 382 1409 nescio
417 1363 540 1421 quo
569 1347 753 1409 modo
787 1348 906 1407 iam
931 1364 1052 1409 usu
1074 1347 1445 1411 obduruerat.
1464 1355 1527 1410 et
1550 1348 1951 1424 percalluerat
1974 1344 2233 1408 civitatis

175 1426 548 1489 incredibilis
588 1428 894 1505 patientia.
983 1430 1150 1503 Quae
1186 1446 1336 1491 vero
1382 1432 1637 1492 aderant
1675 1432 1793 1490 iam
1834 1437 1895 1491 et
1920 1428 2231 1504 impendeff

175 1511 350 1586 bant,
393 1527 658 1587 quonam
685 1513 870 1573 modo
913 1528 990 1573 ea
1023 1520 1128 1575 aut
1166 1513 1479 1589 depellere
1504 1511 1865 1589 potuissetis
1894 1518 2001 1571 aut
2032 1513 2231 1573 ferret

169 1592 496 1671 Imperium
527 1593 630 1654 ille
671 1592 726 1655 si
759 1603 977 1657 nactus
1009 1603 1209 1668 esset,
1253 1595 1459 1657 omitto
1488 1597 1729 1669 socioS,
1768 1603 2009 1656 exteras
2038 1592 2229 1653 natio-

172 1693 315 1750 nes,
341 1692 556 1750 reges,
584 1677 948 1737 tetrarcham
999 1686 1144 1739 vota
1170 1676 1331 1738 enim
1362 1679 1662 1749 faceretis,
1693 1685 1760 1737 ut
1789 1676 1851 1735 in
1881 1691 1991 1735 eos
2020 1692 2091 1735 se
2118 1692 2231 1751 po-

177 1756 291 1821 tius
317 1755 660 1820 immitteret
689 1774 869 1832 quam
915 1757 979 1818 in
1017 1766 1259 1819 vestras
1300 1759 1770 1833 possessiones,
1814 1766 2019 1817 vestra
2055 1763 2233 1830 tecta,

173 1847 410 1903 vestras
432 1840 728 1914 pecunias
749 1861 766 1895 ι
795 1838 1092 1915 pecunias
1123 1840 1305 1901 dico?
1344 1856 1382 1899 a
1407 1838 1634 1913 liberiS,
1664 1838 1900 1903 medius
1932 1838 2134 1911 fidius,
2172 1848 2233 1901 et

173 1940 212 1983 a
265 1922 628 1996 coniugibus
682 1920 910 1983 vestris
958 1938 1287 1996 numquam
1338 1920 1439 1981 ille
1480 1920 1809 1982 effrenatas
1848 1936 1996 1981 suas
2036 1918 2233 1982 libidi-

173 2021 284 2065 nes
339 2002 737 2066 cohibuisset.
834 2002 1008 2079 Fingi
1057 2003 1214 2065 haec
1264 2002 1520 2079 putatis,
1577 2019 1736 2078 quae
1787 2010 2027 2078 patent,
2076 2018 2235 2075 quae

172 2094 316 2147 nota
344 2094 486 2149 sunt
513 2085 810 2157 omnibus,
843 2101 1002 2161 quae
1029 2092 1354 2147 tenentur?
1382 2101 1701 2145 servorum
1730 2084 2037 2145 exercitus
2066 2083 2234 2145 illum

175 2168 238 2228 in
265 2168 416 2231 urbe
451 2167 934 2244 conscripturum
967 2167 1184 2251 fuisse,
1217 2184 1331 2243 per
1363 2184 1519 2243 quos
1546 2177 1733 2229 totam
1760 2184 1885 2231 rem
1922 2166 2235 2243 publicam

174 2266 404 2326 resque
444 2249 714 2326 privatas
755 2250 1022 2313 omnium
1067 2250 1458 2326 possiderem
1507 2248 1607 2313 77.
1645 2250 1837 2323 Quam
1878 2250 1959 2311 ob
2002 2266 2131 2311 rem
2177 2248 2233 2310 si

174 2341 492 2394 cruentum
506 2334 770 2407 gladium
787 2342 1002 2395 tenens
1017 2334 1304 2394 clamaret
1316 2332 1380 2391 T.
1401 2333 1642 2394 Annius
1655 2355 1671 2388 ε
1696 2334 1946 2405 Adeste,
1976 2347 2232 2408 quaeso,

174 2423 358 2491 atque
391 2414 614 2489 audite,
647 2415 847 2477 cives=
874 2417 937 2476 P.
967 2415 1240 2477 Clodium
1270 2414 1577 2490 interfeci,
1612 2416 1747 2477 eius
1776 2416 2038 2487 furores,
2074 2431 2231 2490 quos

175 2498 356 2561 nullis
395 2497 512 2559 iam
563 2497 800 2573 legibus
817 2543 834 2571 ,
891 2498 1070 2561 nullis
1110 2496 1352 2559 iudiciis
1395 2498 1633 2559 frenare
1674 2507 2056 2573 poteramus,
2113 2495 2235 2557 hoc

176 2583 335 2643 ferro
366 2589 428 2641 et
457 2581 572 2641 hac
609 2582 858 2643 dextera
886 2597 927 2641 a
953 2580 1296 2642 cervicibus
1338 2580 1559 2641 vestris
1586 2579 1860 2656 reppuli,
1906 2595 2016 2655 per
2046 2595 2141 2639 me
2168 2596 2209 2639 u

174 2681 360 2728 unum
387 2662 485 2724 ius
502 2707 517 2733 ,
549 2662 856 2739 aequitas,
885 2664 1052 2737 leges
1069 2708 1085 2735 ,
1115 2662 1393 2737 libertas,
1421 2663 1639 2737 pudor,
1668 2660 1961 2737 pudicitia
1994 2660 2056 2721 in
2086 2659 2227 2721 civi·

175 2753 297 2807 tate
329 2753 662 2819 manerent,
695 2753 865 2806 esset
891 2762 1036 2807 vero
1063 2744 1412 2816 timendum,
1445 2761 1710 2819 quonam
1738 2745 1923 2805 modo
1953 2743 2019 2804 id
2053 2743 2234 2805 ferret

176 2825 420 2889 civitas!
466 2826 639 2886 Nunc
668 2826 826 2887 enim
859 2826 995 2901 quis
1025 2834 1120 2887 est
1151 2826 1257 2901 qui
1279 2843 1402 2887 non
1435 2826 1687 2901 probet,
1724 2827 1825 2901 qui
1858 2842 1981 2887 non
2009 2826 2231 2900 laudet,

177 2908 282 2987 qui
323 2924 446 2971 non
489 2924 678 2971 unum
719 2916 864 2983 post
899 2907 1209 2969 hominum
1252 2907 1600 2969 memoriam
1639 2909 1705 2972 T.
1734 2906 2003 2972 Annium
2045 2907 2232 2984 pluri·

175 3009 336 3052 mum
377 2989 468 3051 rei
505 2988 788 3065 publicae
831 2989 1171 3066 profuisse,
1212 2990 1475 3051 maxima
1510 2988 1737 3051 laetitia
1775 2992 2074 3067 populum
2113 2992 2234 3051 Ro-

176 3090 448 3147 manum,
477 3082 758 3134 cunctam
785 3073 1046 3147 Italiam,
1080 3072 1358 3135 nationes
1390 3088 1603 3134 omnes
1638 3073 1948 3135 adfecisse
1984 3082 2045 3135 et
2073 3073 2235 3133 dicat

177 3164 238 3217 et
288 3155 548 3217 sentiat?
613 3156 747 3215 Non
793 3172 953 3231 queo
1006 3162 1214 3216 vetera
1277 3155 1379 3215 illa
1433 3156 1645 3230 populi
1697 3155 1957 3218 Romani
2009 3154 2235 3231 gaudia

182 3246 406 3313 quanta
433 3236 655 3300 fuerint
685 3237 986 3299 iudicare:
1016 3238 1231 3299 multas
1264 3247 1464 3299 tamen
1492 3236 1613 3298 iam
1640 3253 2011 3300 summorum
2043 3236 2232 3312 impe-

177 3327 444 3381 ratorum
465 3320 830 3381 clarissimas
854 3318 1138 3381 victorias
1168 3326 1337 3380 aetas
1366 3328 1574 3381 nostra
1594 3319 1761 3394 vidit,
1795 3335 2049 3396 quarum
2072 3318 2229 3381 nulla
