2459 3817
164 119 255 186 28
767 119 917 185 PRO
949 120 1012 182 P.
1046 119 1300 182 SULLA
1333 117 1634 182 ORATIO.

171 279 276 335 aut
313 269 397 334 ita
424 269 577 348 grati
608 287 767 348 quos
801 270 1074 346 servavi,
1119 280 1187 334 ut
1212 287 1328 347 ego
1359 269 1502 331 mihi
1535 269 1677 346 plus
1717 276 2007 346 appetere
2038 283 2226 334 coner

173 372 353 430 quam
385 366 675 430 quantum
703 371 915 416 omnes
943 353 1166 415 inimici
1193 354 1506 429 invidique
1530 351 1847 427 patiantur.
1901 351 2004 415 85.
2028 352 2224 414 Grave

172 453 315 498 esse
352 437 590 499 videtur
618 453 787 509 eum,
825 437 928 512 qui
961 436 1338 512 investigarit
1373 433 1878 508 coniurationem,
1924 434 2028 510 qui
2059 442 2227 510 pate·

174 519 400 591 fecerit,
437 519 541 595 qui
569 521 966 596 oppresserit,
1006 519 1105 580 cui
1135 526 1386 580 senatus
1419 515 1826 592 singularibus
1861 517 2064 578 verbis
2091 523 2224 592 gra·

176 602 288 661 tias
322 601 540 675 egerit,
586 602 685 663 cui
712 602 816 663 uni
848 611 1053 677 togato
1082 600 1589 678 supplicationem
1619 599 1987 672 decreverit,
2022 599 2230 661 dicere

171 684 233 744 in
275 681 533 744 iudicio=
585 686 717 745 Non
758 685 1181 758 defenderem,
1237 684 1290 744 si
1321 683 1718 744 coniurasset.
1786 683 1919 743 Non
1961 681 2100 742 dico
2143 681 2226 755 id,

175 767 345 841 quod
375 781 561 839 grave
590 776 715 829 esta
763 768 901 828 dico
932 768 1105 839 illud,
1142 767 1310 842 quod
1342 764 1402 826 in
1432 764 1527 826 his
1555 763 1761 826 causis
1791 762 2228 826 coniurationis

173 863 295 908 non
325 849 665 912 auctoritati
704 851 1048 922 adsumam,
1098 851 1211 911 sed
1254 848 1471 924 pudori
1499 863 1666 909 menz
1729 847 1856 922 Ego
1892 847 1992 908 ille
2021 845 2226 908 coniu-

172 932 425 993 rationis
466 931 863 1009 investigator
901 942 1086 1009 atque
1124 934 1286 994 ultor
1321 942 1487 992 certe
1515 947 1637 991 non
1671 930 2062 991 defenderem
2091 929 2230 991 Sul·

174 1017 312 1086 lam,
346 1015 398 1074 si
424 1015 784 1078 coniurasse
805 1015 1145 1077 arbitrarer.
1187 1015 1339 1090 Ego,
1367 1013 1623 1086 iudices,
1652 1013 1732 1073 de
1753 1013 1936 1074 tantis
1962 1010 2229 1073 omnium

174 1097 463 1171 periculis
494 1117 677 1174 quum
712 1114 1068 1173 quaererem
1098 1098 1332 1172 omnia,
1361 1098 1546 1158 multa
1573 1095 1874 1170 audirem,
1917 1095 2231 1156 crederem

174 1195 295 1240 non
329 1179 547 1256 omnia,
586 1197 865 1242 caverem
894 1181 1124 1256 omnia,
1155 1182 1295 1242 dico
1325 1181 1470 1252 hoc,
1510 1180 1678 1255 quod
1707 1177 1874 1239 initio
1909 1176 2067 1251 dixi,
2099 1177 2233 1237 nul-

177 1260 299 1322 lius
315 1261 558 1332 indicio,
594 1263 816 1325 nullius
838 1263 1046 1325 nuntio
1064 1309 1079 1334 ,
1113 1263 1335 1324 nullius
1364 1262 1737 1338 suspitione,
1766 1260 1990 1322 nullius
2019 1258 2233 1321 litteris

174 1343 253 1402 de
279 1344 340 1402 P.
372 1343 535 1403 Sulla
566 1361 691 1406 rem
723 1347 901 1405 ullam
932 1347 1011 1406 ad
1040 1361 1137 1406 me
1164 1361 1309 1407 esse
1333 1347 1613 1406 delatam.
1675 1345 1883 1405 XXXI.
1910 1342 2011 1404 86.
2039 1343 2230 1417 Quam

176 1425 255 1485 ob
278 1440 404 1483 rem
432 1442 562 1496 vos,
594 1427 657 1486 di
689 1426 864 1502 patrii
890 1444 965 1499 ac
988 1435 1260 1503 penateS,
1297 1427 1400 1502 qui
1429 1425 1569 1488 huie
1594 1425 1728 1488 urbi
1760 1435 1944 1502 atque
1972 1423 2114 1486 huic
2139 1425 2230 1486 rei

176 1506 458 1584 publicae
486 1507 864 1583 praesidetis,
898 1510 1006 1586 qui
1032 1510 1150 1570 hoc
1178 1509 1514 1585 imperium,
1556 1509 1660 1584 qui
1690 1508 1848 1569 hanc
1875 1508 2228 1582 libertatem,

178 1589 282 1664 qui
313 1591 605 1665 populum
625 1594 981 1664 Romanum,
1016 1594 1118 1666 qui
1145 1592 1300 1654 haec
1325 1599 1478 1653 tecta
1503 1600 1686 1667 atque
1715 1593 1938 1666 templa
1963 1607 2061 1652 me
2083 1605 2228 1652 con·

177 1674 311 1732 sule
343 1683 546 1736 vestro
576 1675 818 1736 numine
856 1675 1207 1751 auxilioque
1259 1673 1582 1749 servastis,
1624 1682 1816 1736 testor
1852 1672 2090 1749 integro
2131 1689 2236 1736 me

176 1757 379 1818 animo
421 1773 497 1818 ae
536 1758 726 1820 libero
757 1759 821 1818 P.
862 1759 1067 1821 Sullae
1104 1775 1354 1820 causam
1394 1757 1753 1819 defendere:
1808 1759 2037 1818 nullum
2069 1773 2108 1816 a
2133 1773 2238 1817 me

178 1839 410 1900 sciente
452 1841 688 1904 facinus
732 1842 1050 1915 occultari,
1101 1843 1332 1903 nullum
1373 1842 1578 1902 scelus
1622 1849 1974 1916 susceptum
2020 1848 2235 1902 contra

180 1924 436 1984 salutem
470 1925 736 1985 omnium
766 1924 1011 1986 delendi
1038 1941 1111 1986 ac
1141 1927 1282 2001 tegi.
1361 1923 1521 1984 Nihil
1561 1926 1640 1985 de
1671 1924 1790 1985 hoc
1823 1924 2038 1985 consul
2068 1939 2236 1984 com·

180 2003 332 2078 peri,
362 2003 505 2063 nihil
534 2007 881 2080 suspicatus
912 2024 1063 2079 sum,
1098 2006 1244 2068 nihil
1267 2007 1490 2068 audivi.
1555 2006 1656 2068 87.
1684 2007 1895 2081 Itaque
1923 2007 2084 2067 idem
2113 2021 2232 2082 ege

177 2086 296 2157 ille,
331 2084 436 2161 qui
468 2088 795 2147 vehemens
826 2087 886 2148 in
916 2089 1102 2164 alios,
1137 2089 1242 2166 qui
1269 2089 1662 2151 inexorabilis
1689 2089 1748 2151 in
1819 2097 2058 2151 ceteros
2087 2105 2234 2152 esse

177 2168 351 2228 visus
384 2185 546 2241 sum,
593 2170 863 2245 persolvi
909 2173 1137 2248 patriae
1187 2174 1354 2248 quod
1393 2171 1606 2234 debuiz
1649 2170 1884 2247 reliqua
1909 2171 2028 2232 iam
2066 2189 2106 2232 a
2135 2187 2232 2234 me

179 2265 354 2311 meae
389 2261 720 2326 perpetuae
742 2253 1165 2316 consuetudini
1189 2263 1562 2331 naturaeque
1583 2255 1910 2317 debentur=
1943 2263 2062 2317 tam
2095 2269 2232 2316 sum

180 2332 559 2406 misericors,
603 2334 870 2412 iudices,
912 2353 1095 2412 quam
1128 2355 1272 2398 vost
1324 2346 1446 2399 tam
1485 2338 1645 2398 mitis
1689 2353 1868 2412 quam
1905 2337 2009 2412 qui
2050 2337 2230 2400 lenis-

181 2415 390 2476 simus.
436 2418 495 2476 ln
528 2434 650 2492 quo
668 2419 993 2480 vehemens
1017 2419 1101 2481 sui
1124 2419 1461 2489 vobiscum,
1491 2419 1636 2479 nihil
1661 2419 1780 2480 reci
1804 2417 1921 2480 nisi
1949 2429 2229 2482 coactusa

178 2497 268 2558 rei
302 2498 581 2572 publicae
605 2500 1020 2575 praecipitanti
1044 2502 1330 2563 subvenis
1361 2503 1615 2579 patriam
1645 2504 1984 2564 demersam
2013 2501 2229 2564 extulit

178 2580 598 2642 misericordia
647 2583 870 2644 civium
919 2585 1162 2646 adducti
1210 2593 1338 2646 tum
1397 2584 1620 2646 ruimus
1673 2591 1794 2646 tam
1841 2585 2230 2647 vehementes

182 2680 365 2738 quam
399 2680 659 2725 necesse
686 2665 814 2728 ruit.
906 2666 1087 2728 Salus
1116 2675 1284 2729 esset
1321 2669 1548 2729 amissa
1577 2669 1838 2729 omnium
1879 2685 2001 2729 una
2033 2677 2228 2738 nocte,

181 2745 301 2805 nisi
343 2755 513 2808 esset
547 2749 843 2810 severitas
883 2749 985 2810 illa
1034 2759 1341 2826 suscepta.
1429 2751 1553 2812 Sed
1586 2759 1652 2812 ut
1688 2751 1768 2811 ad
1801 2753 2230 2813 sceleratorum

182 2844 443 2902 poenam
480 2846 688 2892 amore
726 2831 815 2893 rei
843 2833 1125 2907 publicae
1166 2852 1302 2896 sum
1341 2835 1672 2918 adductus,
1723 2832 1816 2896 sic
1857 2835 1937 2895 ad
1977 2837 2229 2898 salutem

180 2911 591 2973 innocentium
621 2916 929 2978 voluntate
961 2918 1253 2978 deducor.

344 2991 447 3056 88.
491 2994 646 3055 Nihil
677 2997 856 3060 video
886 3015 1028 3060 esse
1067 2999 1129 3060 in
1171 3001 1291 3062 hoc
1328 3000 1392 3060 P.
1423 2999 1619 3074 Sulla,
1659 2998 1922 3073 iudices,
1961 2999 2104 3062 odio
2141 2998 2224 3060 di·

178 3093 392 3152 gnum,
422 3078 839 3142 misericordia
872 3082 1054 3156 digna
1084 3084 1288 3143 multa.
1345 3083 1554 3158 Neque
1589 3083 1746 3144 enim
1781 3100 1942 3146 nunc
1982 3082 2227 3160 propul-

179 3163 410 3223 sandae
441 3163 795 3224 calamitatis
820 3180 968 3224 suae
997 3179 1187 3225 causa
1210 3167 1472 3262 supplex
1501 3167 1582 3226 ad
1609 3183 1754 3238 vos,
1785 3167 2052 3240 iudiceS,
2085 3181 2231 3226 cou-

179 3242 357 3316 fugit,
387 3246 501 3306 sed
534 3261 611 3305 ne
644 3262 765 3320 qua
789 3245 995 3320 generi
1025 3261 1099 3305 ac
1126 3247 1353 3306 nomini
1376 3264 1489 3308 suo
1519 3255 1664 3309 nota
1683 3249 1950 3311 nefariae
1976 3246 2234 3324 turpitu

177 3322 337 3384 dinis
388 3325 675 3390 inuratur.
752 3327 901 3388 Nam
940 3326 1077 3403 ipse
1123 3327 1400 3403 quidem,
1463 3332 1517 3390 si
1567 3331 1682 3391 erit
1735 3340 1941 3392 vestro
2005 3329 2230 3392 iudicio
