2459 3817
93 0 2455 44 ἡ

643 212 806 273 CAP.
835 220 1100 276 33-35.
1144 221 1196 281 s.
1225 222 1487 279 93-99,
2008 210 2091 275 27

16 364 208 435 navi,
262 370 401 423 tuus
432 362 624 422 cliens
663 372 724 423 et
771 362 1096 424 familiaris.
1183 364 1340 438 Quid
1384 364 1621 426 attinuit
1663 380 1805 425 eum
1846 364 2099 439 potissi-

19 464 200 507 mum
231 441 530 512 nuntiare,
574 446 769 519 quod,
803 446 856 505 si
875 448 1106 507 nullum
1127 446 1247 507 iarn
1270 455 1409 508 ante
1433 446 1756 508 consilium
1790 447 1867 507 de
1901 456 2094 509 morte

19 547 98 589 ac
131 531 216 587 de
246 527 428 587 bonis
461 527 596 587 eius
625 528 848 589 inieras
885 530 1233 603 nullamque
1268 529 1620 591 societatem
1665 546 1867 604 neque
1898 532 2093 591 sceie-

16 614 109 672 ris
149 627 358 685 neque
385 610 638 685 praemii
672 626 810 670 cum
846 611 1090 672 homine
1134 614 1260 672 uno
1302 612 1569 685 coieras‚
1624 614 1705 671 ad
1742 622 1805 672 te
1848 612 2094 673 minime

14 693 306 754 omnium
355 692 740 768 pertinebat?
818 694 944 754 Sua
988 702 1208 769 sponte
1256 694 1499 755 Mallius
1552 692 1805 775 nuntiat.
1905 694 2089 768 Quid,

19 790 302 851 quaese,
347 776 482 835 eius
519 776 846 835 intererat?
928 779 1057 849 An,
1101 794 1288 851 quum
1328 776 1635 836 Ameriam
1671 792 1793 836 non
1836 777 2093 837 huiusce

11 859 109 919 rei
145 873 339 917 causa
368 858 675 932 venisset,
706 874 854 918 casu
884 859 1106 919 accidit
1131 869 1200 920 ut
1225 860 1309 934 id,
1340 861 1511 934 quod
1536 861 1769 919 Romae
1796 859 2091 931 audierat,

14 942 268 1016 primus
299 940 660 1001 nuntiaret?
724 941 909 1001 Cuius
938 941 1028 1001 rei
1075 957 1267 1002 causa
1304 950 1555 1003 venerat
1580 941 1930 1001 Ameriam?
1953 942 2089 1000 Non

14 1038 320 1098 possum,
373 1022 598 1097 inquit,
645 1022 936 1083 divinare.
1014 1024 1104 1083 Eo
1144 1038 1273 1084 rem
1302 1024 1421 1084 iam
1450 1024 1783 1095 adducam,
1838 1030 1905 1083 ut
1942 1021 2089 1081 nihil

15 1104 405 1165 divinatione
435 1120 594 1179 opus
623 1104 720 1164 sit.
784 1106 914 1178 Qua
956 1106 1194 1167 ratione
1232 1107 1463 1168 Roscio
1510 1106 1789 1181 Capitoni
1832 1105 2091 1180 primum

11 1186 372 1248 nuntiavit?
457 1187 651 1260 Quum
680 1188 962 1248 Ameriae
990 1189 1134 1248 Sex.
1161 1190 1373 1249 Roscii
1406 1190 1655 1262 domus,
1699 1202 1861 1250 uxor
1888 1186 2090 1247 liberi-

14 1286 144 1345 que
181 1277 430 1341 essent,
461 1284 647 1342 quum
679 1276 766 1329 tot
811 1270 1148 1345 propinqui
1189 1270 1559 1345 cognatique
1602 1270 1829 1345 optime
1862 1284 2089 1330 conve·

11 1355 302 1424 nienteS,
337 1366 460 1425 qua
487 1349 722 1409 ratione
756 1352 980 1412 factum
1009 1358 1104 1412 est
1127 1359 1196 1413 ut
1233 1351 1349 1412 iste
1378 1360 1520 1413 tuus
1566 1352 1788 1425 clienS,
1834 1352 2089 1411 sceleris

14 1436 100 1495 tui
178 1430 461 1504 nuntiuS,
545 1434 610 1492 T.
664 1432 896 1493 Roscio
963 1434 1241 1509 Capitoni
1309 1434 1692 1510 potissimum
1766 1432 2095 1495 nuntiaret.

11 1516 116 1578 97.
199 1514 458 1575 Occisus
487 1524 582 1575 est
610 1532 647 1575 a
696 1528 847 1575 cena
892 1517 1156 1578 rediens.
1249 1518 1529 1579 Nondum
1579 1519 1847 1589 lucebat,
1898 1532 2085 1591 quum

14 1599 314 1659 Ameriae
345 1598 563 1659 scitum
590 1609 704 1659 est.
769 1598 926 1673 Quid
953 1599 1054 1659 hic
1075 1600 1449 1663 incredibilis
1480 1616 1700 1661 cursus
1718 1646 1733 1675 ,
1758 1599 1909 1674 quid
1933 1600 2085 1658 haec

11 1690 187 1742 tanta
244 1682 523 1742 celeritas
575 1682 1004 1756 festinatioque
1055 1683 1401 1757 significat?
1480 1684 1615 1743 Non
1666 1698 1901 1757 quaero
1944 1679 2087 1754 quis

11 1763 420 1839 percusserit.
496 1760 652 1822 Nihil
687 1771 810 1835 est,
857 1764 1137 1838 Glaucia,
1172 1765 1343 1839 quod
1372 1772 1639 1823 metuas=
1684 1779 1809 1823 non
1839 1760 2087 1823 excutio

11 1855 102 1919 te,
139 1846 198 1906 si
233 1845 380 1921 quid
415 1847 569 1907 forte
599 1845 742 1905 ferri
777 1845 1075 1919 habuisti,
1117 1862 1242 1906 non
1272 1854 1540 1917 scrutor,
1572 1844 1722 1903 nihil
1753 1845 1833 1903 ad
1867 1858 1965 1903 me
1992 1858 2085 1901 ar·

14 1929 214 1989 bitror
245 1927 570 2003 pertinere.
637 1926 934 1999 Quoniam
957 1928 1132 1986 euius
1161 1924 1421 1987 consitio
1446 1924 1692 1985 occisus
1716 1924 1795 1985 sit
1819 1925 2083 1997 invenio,

16 2011 200 2071 cuius
257 2026 443 2069 manu
491 2009 570 2067 sit
624 2022 962 2081 percussus
1012 2022 1134 2067 non
1175 2010 1410 2067 laboro.
1472 2007 1671 2068 Unum
1713 2008 1833 2069 hoc
1874 2022 2085 2081 sumo,

16 2095 192 2167 quod
221 2092 370 2150 mihi
399 2098 679 2166 apertum
709 2094 876 2149 tuum
905 2090 1110 2149 scelus
1138 2106 1368 2164 resque
1406 2089 1729 2151 manifesta
1770 2092 1892 2153 dat.
1964 2089 2085 2150 Ubi

16 2185 115 2236 aut
145 2174 326 2235 unde
361 2170 591 2233 audivit
619 2170 911 2231 Glaucia?
977 2172 1088 2246 Qui
1110 2180 1229 2233 tam
1262 2172 1379 2233 cito
1408 2171 1630 2233 scivit?
1678 2173 1801 2233 Fac
1828 2172 2083 2233 audisse

19 2258 251 2319 statim.
329 2254 496 2329 Quae
523 2270 624 2314 res
656 2270 792 2315 eum
828 2263 1008 2315 nocte
1036 2260 1158 2315 una
1186 2263 1415 2316 tantum
1442 2255 1675 2316 itineris
1706 2255 2081 2316 contendere

21 2340 272 2415 coegit?
319 2354 478 2414 quae
528 2336 870 2397 necessitas
922 2352 1060 2396 eum
1106 2345 1273 2399 tanta
1320 2338 1666 2413 premebat,
1713 2346 1810 2410 ut,
1863 2336 1917 2396 si
1969 2350 2084 2394 sua

25 2431 254 2495 sponte
282 2420 394 2481 iter
413 2420 719 2480 Ameriam
752 2422 994 2493 faceret,
1017 2419 1080 2479 id
1107 2420 1405 2495 temporis
1434 2421 1629 2480 Roma
1656 2416 2057 2493 proficiscere

25 2511 145 2578 tur,
186 2506 418 2563 nullam
447 2511 678 2578 partem
717 2502 916 2564 noctis
954 2502 1415 2576 requiesceret?
1492 2502 1733 2561 XXXV.
1806 2499 2083 2562 Etiamne

27 2580 82 2643 in
109 2595 240 2647 tam
268 2584 616 2661 perspicuis
643 2586 830 2645 rebus
857 2585 1296 2659 argumentatio
1337 2585 1689 2659 quaerenda
1728 2591 1834 2645 aut
1875 2582 2082 2644 conie-

33 2668 199 2728 ctura
225 2667 528 2743 capienda
551 2674 694 2727 est?
755 2666 857 2729 98.
927 2668 1142 2727 Nonne
1169 2667 1349 2729 vobis
1385 2668 1567 2739 haec,
1612 2680 1770 2740 quae
1799 2663 2077 2736 audistiS,

35 2764 279 2811 eernere
311 2749 504 2810 oculis
532 2748 853 2824 videmini,
894 2749 1127 2810 iudices
1146 2756 1176 2809 ’θ
1203 2765 1327 2810 non
1352 2750 1518 2808 illum
1554 2748 1873 2821 miserum,
1907 2747 2078 2822 igna-

33 2844 152 2892 rum
184 2849 374 2893 casus
407 2831 532 2905 sui,
563 2833 919 2892 redeuntem
948 2848 985 2890 a
1029 2846 1184 2893 cena
1238 2830 1505 2892 videtis?
1546 2846 1669 2891 non
1712 2830 1949 2905 positas
1989 2830 2077 2888 in-

37 2912 262 2976 sidias?
299 2932 422 2975 non
451 2914 741 2988 impetum
769 2913 1196 2989 repentinum
1230 2930 1352 2974 non
1380 2921 1663 2974 versatur
1688 2920 1831 2973 ante
1861 2915 2077 2973 oculos

39 2998 198 3059 vobis
238 2997 302 3057 in
334 2998 524 3057 caede
552 2996 847 3065 Glaucia?
877 3012 1000 3057 non
1031 2997 1206 3057 adest
1233 2995 1350 3056 iste
1378 2994 1442 3053 T.
1462 2992 1769 3056 Roscius?
1798 3010 1919 3056 non
1946 2994 2077 3056 suis
2102 2995 2111 3000 '

41 3080 303 3141 manibus
334 3080 394 3139 in
429 3095 609 3140 curru
638 3080 901 3139 collocat
925 3079 1438 3139 Automedontem
1470 3076 1669 3151 iilum,
1698 3075 1795 3139 sui
1822 3076 2076 3137 sceleris

44 3161 405 3223 acerbissimi
429 3160 820 3236 nefariaeque
847 3160 1139 3221 victoriae
1173 3160 1481 3223 nuntium?
1528 3174 1652 3220 non
1683 3165 1815 3221 orat
1845 3168 1908 3219 ut
1938 3174 2075 3219 eam

45 3253 266 3305 noctem
294 3242 657 3319 pervigilet?
681 3254 749 3304 ut
777 3242 1030 3304 honoris
1061 3242 1156 3302 sui
1185 3257 1375 3303 causa
1402 3242 1680 3302 laboret?
1708 3248 1774 3302 ut
1796 3238 2076 3314 capitoni

47 3340 207 3395 quam
235 3326 496 3402 primum
527 3325 800 3390 nuntiet?
873 3325 976 3386 99.
1021 3324 1176 3398 Quid
1199 3333 1331 3386 erat
1362 3324 1530 3398 quod
1562 3320 1915 3398 Capitonem
1948 3319 2077 3395 pri-

46 3418 185 3468 mum
219 3409 382 3470 scire
415 3408 717 3469 voluerit?
759 3407 1010 3468 Nescio=
1051 3406 1170 3467 nisi
1211 3406 1331 3467 hoc
1362 3405 1572 3478 video,
1626 3402 1981 3478 Capitonem
2010 3402 2074 3462 in

1731 3637 1738 3645 “
1759 3646 1789 3676 's
