2459 3817
243 107 364 170 114
773 109 922 174 PRO
955 111 1068 173 CN.
1098 109 1420 172 PLANCIO
1456 109 1760 173 ORA'no.

231 264 514 325 volumus
551 279 732 340 quam
765 263 1056 339 plurimos
1091 265 1415 340 gratiosos.
1461 263 1808 326 Decuriatio
1838 262 2163 339 tribulium,
2194 265 2295 326 de-

231 347 482 423 scriptio
501 365 580 424 ρο
587 347 731 423 puli,
756 347 1048 422 suffragia
1071 348 1388 424 largitione
1412 348 1695 410 devincta
1719 349 2101 410 severitatem
2124 365 2295 410 sena·

233 439 330 490 ms
373 439 434 491 et
463 431 768 506 bonorum
816 433 1078 492 omnium
1123 432 1242 492 vim
1288 449 1360 492 ac
1390 431 1662 492 dolorem
1693 432 2046 493 excitarunt.
2135 432 2300 493 Haec

231 513 406 586 doce,
441 517 592 574 haec
624 517 845 588 profer,
882 516 1001 576 huc
1031 515 1330 589 incumbe,
1352 515 1719 587 LaterensiS,
1746 515 2101 576 decuriasse
2129 515 2299 576 Plan-

233 597 422 668 cium,
466 599 933 674 conscripsisse,
962 608 1342 674 sequestrem
1386 599 1607 672 l'uisse,
1647 598 2110 674 pronuntiasse,
2148 599 2300 659 divi·

233 681 420 740 sisse:
446 688 567 740 tum
583 681 846 742 mirabor
864 692 922 743 te
937 681 1012 741 iis
1027 686 1210 744 armis
1225 683 1329 756 uti,
1356 697 1513 758 quae
1537 682 1641 743 tibi
1656 685 1756 742 lex
1778 683 1978 755 dabat,
2006 680 2299 744 noluisse.

229 763 572 826 Tribulibus
603 768 763 826 enim
803 764 1105 826 iudicibus
1135 783 1259 827 non
1292 767 1476 826 modo
1510 766 1892 827 severitatem
1932 767 2201 850 illorum,
2246 767 2300 826 si

229 848 348 908 ista
383 863 528 909 vera
561 859 728 921 sunt,
775 849 886 909 sed
929 867 1006 908 ne
1037 852 1240 912 vultus
1283 851 1527 926 quidem
1564 851 1721 910 serre
1763 865 2108 925 possemus.
2194 847 2297 912 46.

229 932 402 991 Hanc
434 940 496 992 tu
531 931 824 994 rationem
851 949 1036 1007 quum
1063 935 1289 1008 fugeris
1323 949 1633 1008 quumque
1660 948 1771 994 eos
1801 933 2037 994 iudices
2069 933 2297 992 habere

230 1015 532 1088 nolueris,
577 1033 832 1090 quorum
875 1016 933 1075 in
964 1017 1144 1078 huius
1185 1015 1407 1078 deli-cto
1450 1033 1633 1092 quum
1675 1017 1926 1078 scientia
1960 1015 2297 1077 certissima

231 1107 354 1159 tum
385 1099 562 1158 dolor
591 1099 987 1174 gravissimus
1021 1117 1162 1162 esse
1205 1100 1512 1173 debuerit,
1554 1099 1701 1176 quid
1742 1100 1909 1175 apud
1951 1101 2063 1160 hos
2101 1099 2296 1172 dices,

236 1181 340 1257 qui
369 1183 480 1242 abs
515 1191 570 1244 te
604 1183 763 1244 taciti
803 1182 1120 1258 requirunt
1159 1201 1269 1244 cur
1313 1184 1427 1244 sibi
1484 1184 1601 1245 hoc
1660 1184 1863 1244 oneris
1908 1180 2297 1258 imposueriS,

231 1282 340 1326 cur
381 1283 449 1326 se
484 1266 866 1342 potissimum
908 1268 1239 1344 delegeris,
1281 1284 1391 1329 cur
1436 1269 1699 1343 denique
1746 1283 1815 1326 se
1860 1267 2133 1327 divinare
2171 1281 2294 1326 ma-

230 1349 416 1410 lueris
450 1367 628 1424 quam
661 1367 802 1424 eoS,
849 1351 953 1426 qui
985 1353 1235 1424 scirent,
1282 1350 1593 1412 iudicare?
1632 1351 1783 1410 XIX.
1813 1351 1945 1425 Ego
1973 1350 2297 1423 Plancium,

229 1433 595 1506 LaterensiS,
633 1443 692 1494 et
718 1434 918 1508 ipsum
945 1435 1275 1508 gratiosum
1305 1449 1446 1494 esse
1482 1434 1618 1496 dico
1650 1443 1710 1495 et
1738 1433 2029 1494 habuisse
2058 1433 2118 1494 in
2146 1433 2299 1509 peti-

232 1517 396 1577 tione
420 1519 642 1578 multos
667 1518 922 1594 cupidos
946 1519 1040 1578 sui
1064 1519 1401 1594 gratiosos=
1440 1535 1596 1592 quos
1626 1526 1689 1580 tu
1725 1517 1778 1576 si
1801 1519 2050 1578 sodales
2084 1533 2297 1589 vocaS,

232 1601 572 1662 officiosam
615 1603 934 1662 amicitiam
977 1601 1219 1662 nomine
1262 1601 1547 1677 inquinas
1578 1600 1934 1663 criminosm
1980 1601 2108 1672 sin,
2154 1601 2299 1676 quia

229 1684 479 1758 gratiosi
509 1685 658 1760 sint,
689 1687 1074 1747 accusandos
1109 1694 1318 1761 putaS,
1370 1685 1492 1746 noli
1520 1685 1722 1746 mirari
1762 1691 1821 1744 te
1860 1685 1954 1758 id,
1998 1684 2167 1760 quod
2200 1694 2299 1744 tua

230 1767 492 1843 dignitas
518 1771 852 1844 postularit,
878 1770 1273 1845 repudiandis
1296 1771 1699 1844 gratiosorum
1711 1767 1989 1830 amicitiis
2014 1784 2133 1828 non
2154 1783 2299 1828 esse

229 1853 604 1914 adsecutum.
691 1851 791 1916 47.
834 1853 982 1914 Nam
1005 1863 1072 1914 ut
1118 1870 1233 1928 ego
1277 1854 1471 1914 doceo
1514 1855 1845 1930 gratiosum
1886 1867 2027 1912 esse
2073 1849 2135 1910 in
2184 1867 2300 1912 sua

230 1937 387 1997 tribu
415 1937 753 2008 Plancium,
789 1938 952 2012 quod
983 1937 1182 1997 multis
1217 1937 1477 2012 benigne
1507 1937 1741 2008 fecerit,
1777 1951 1887 2010 pro
1917 1934 2119 1995 multis
2149 1950 2298 2009 spo-

231 2019 540 2094 ponderit,
586 2019 645 2080 in
681 2035 904 2095 operas
933 2020 1224 2094 plurimos
1262 2020 1449 2095 patris
1483 2019 1835 2081 auctoritate
1874 2026 1936 2079 et
1962 2017 2155 2094 gratia
2187 2017 2296 2078 mi·

232 2101 395 2174 serit,
431 2102 597 2177 quod
628 2103 894 2176 denique
927 2103 1208 2163 omnibus
1246 2103 1467 2164 officiis
1500 2120 1609 2179 per
1638 2119 1725 2176 se,
1757 2118 1883 2178 per.
1900 2111 2152 2178 patrem,
2186 2117 2298 2176 per

231 2184 493 2246 maiores
515 2199 678 2248 'suos
710 2192 894 2246 totam
927 2185 1230 2247 Atinatem
1260 2189 1697 2262 praefecturam
1744 2184 2295 2261 comprehenderit,

231 2270 320 2328 sic
349 2277 412 2330 tu
441 2270 597 2330 doce
629 2277 1010 2343 sequestrem
1042 2269 1265 2344 fuisse,
1308 2271 1585 2345 largitum
1616 2285 1789 2342 esse,
1825 2267 2297 2343 conscripsisse,

232 2351 480 2414 tribules
510 2352 943 2414 decuriavisse.
1004 2353 1178 2428 Quod
1210 2354 1263 2413 si
1290 2371 1409 2413 non
1442 2361 1649 2429 potes,
1693 2352 1816 2413 noli
1848 2353 2057 2413 tollere
2087 2365 2170 2410 ex
2202 2366 2299 2410 or·

231 2435 372 2496 dine
395 2443 604 2497 nostro
629 2435 1058 2508 liberalitatem,
1091 2436 1215 2497 noli
1240 2436 1596 2498 maleficium
1623 2445 1834 2511 putare
1856 2451 1999 2496 esse
2021 2433 2299 2510 gratiam,

233 2521 354 2579 noli
387 2519 834 2580 observantiam
867 2519 1105 2581 sancire
1138 2537 1358 2594 poena.

353 2603 567 2678 ltaque
602 2603 995 2664 haesitantem
1041 2613 1098 2666 te
1138 2605 1198 2662 in
1242 2603 1359 2664 hoc
1400 2602 1829 2664 sodaliciorum
1862 2601 2148 2664 tribuario
2182 2599 2300 2661 cri-

231 2687 392 2746 mine
422 2688 498 2747 ad
532 2703 910 2748 communem
941 2688 1200 2748 ambitus
1232 2702 1478 2747 causam
1510 2686 1843 2759 contulisti,
1884 2687 1941 2746 in
1982 2701 2103 2760 qua
2132 2683 2302 2744 desi-

233 2786 448 2830 namus
479 2771 842 2846 aliquandO,
875 2768 929 2831 si
963 2771 1231 2843 videtur,
1276 2771 1505 2845 vulgari
1534 2779 1597 2831 et
1632 2779 1963 2846 pervagata
1992 2769 2304 2828 declama-

231 2851 396 2914 tione
429 2857 819 2916 contendere.
881 2853 982 2916 Sic
1011 2855 1170 2916 enim
1206 2863 1404 2914 tecum
1434 2869 1569 2927 ago.
1633 2853 1734 2915 48.
1769 2853 1963 2927 Quam
1993 2851 2098 2913 tibi
2130 2867 2306 2912 com-

229 2939 473 2998 modum
524 2947 646 3008 est,
696 2937 912 2998 tribum
958 2951 1140 2996 unam
1181 2935 1410 3010 delige:
1448 2945 1509 2996 tu
1542 2937 1731 3010 doce,
1782 2937 1845 2996 id
1880 2936 2049 3011 quod
2082 2935 2307 3004 debeS,

232 3036 340 3094 per
374 3037 553 3097 quem
586 3031 994 3096 sequestrem,
1046 3038 1167 3096 quo
1207 3020 1476 3078 divisore
1506 3031 1793 3095 corrupta
1824 3019 1927 3080 sit=
1964 3033 2113 3094 ego,
2152 3018 2207 3078 si
2240 3017 2309 3078 id
2366 3017 2380 3030 ⁸

227 3106 431 3164 facere
473 3121 593 3166 non
643 3105 946 3180 potueris,
977 3105 1172 3180 quod,
1215 3111 1283 3162 ut
1323 3100 1537 3177 opinio
1576 3119 1709 3165 mea
1740 3107 1879 3176 lert,
1922 3119 1999 3162 ne
2039 3101 2313 3176 incipies

232 3187 509 3261 quidem,
541 3203 652 3262 per
687 3205 866 3262 quem
897 3187 1096 3250 tulerit
1118 3185 1383 3265 docebo.
1470 3181 1661 3250 Estne
1691 3187 1841 3247 haec
1873 3202 2018 3246 vera
2048 3194 2313 3245 conten·

227 3269 354 3328 tio?
377 3273 654 3346 placetne
692 3269 782 3329 sic
812 3269 952 3345 agi?
979 3271 1128 3331 Num
1155 3257 1413 3348 possum
1440 3259 1638 3379 plagis
1666 3271 1881 3346 pedem
1906 3270 2211 3339 conl'erre,
2246 3275 2318 3328 ut

1470 3360 1672 3419 taces?
1714 3352 1859 3429 quid
1905 3351 2317 3414 dissimulas?

231 3350 423 3424 alunt,
469 3361 571 3412 aut
601 3353 854 3430 propius
880 3353 1471 3656 accedere&

1441 3692 1446 3697 .
1473 3659 1507 3700 Χ
