<?xml version="1.0" encoding="UTF-8"?>
<!DOCTYPE html PUBLIC "-//W3C//DTD XHTML 1.0 Transitional//EN"
    "http://www.w3.org/TR/xhtml1/DTD/xhtml1-transitional.dtd">
<html xmlns="http://www.w3.org/1999/xhtml" xml:lang="en" lang="en">
 <head>
  <title>
</title>
<meta http-equiv="Content-Type" content="text/html;charset=utf-8" />
  <meta name='ocr-system' content='tesseract 3.04.00' />
  <meta name='ocr-capabilities' content='ocr_page ocr_carea ocr_par ocr_line ocrx_word'/>
</head>
<body>
  <div class='ocr_page' id='page_1' title='image "./mtulliiciceroni00klotgoog_0287.png"; bbox 0 0 2459 3817; ppageno 0'>
   <div class='ocr_carea' id='block_1_1' title="bbox 218 131 1724 200">
    <p class='ocr_par' dir='ltr' id='par_1_1' title="bbox 218 131 1724 200">
     <span class='ocr_line' id='line_1_1' title="bbox 218 131 1724 200; baseline -0.001 -3"><span class='ocrx_word' id='word_1_1' title='bbox 218 133 349 200; x_wconf 81' lang='lat'><strong>280</strong></span> <span class='ocrx_word' id='word_1_2' title='bbox 786 134 935 200; x_wconf 87' lang='lat' dir='ltr'><strong>PRO</strong></span> <span class='ocrx_word' id='word_1_3' title='bbox 964 134 1031 196; x_wconf 90' lang='lat' dir='ltr'><strong>L.</strong></span> <span class='ocrx_word' id='word_1_4' title='bbox 1060 133 1391 196; x_wconf 87' lang='lat' dir='ltr'><strong>MURENA</strong></span> <span class='ocrx_word' id='word_1_5' title='bbox 1423 131 1724 196; x_wconf 82' lang='lat' dir='ltr'><strong>ORATIO.</strong></span> 
     </span>
    </p>
   </div>
   <div class='ocr_carea' id='block_1_2' title="bbox 220 281 2301 3453">
    <p class='ocr_par' dir='ltr' id='par_1_2' title="bbox 220 281 2294 946">
     <span class='ocr_line' id='line_1_2' title="bbox 220 281 2288 364; baseline -0.005 -9"><span class='ocrx_word' id='word_1_6' title='bbox 220 289 395 356; x_wconf 86' lang='lat' dir='ltr'><strong>urbis</strong></span> <span class='ocrx_word' id='word_1_7' title='bbox 423 288 754 364; x_wconf 82' lang='lat' dir='ltr'><strong>delendae,</strong></span> <span class='ocrx_word' id='word_1_8' title='bbox 790 285 1015 348; x_wconf 90' lang='lat' dir='ltr'><strong>civium</strong></span> <span class='ocrx_word' id='word_1_9' title='bbox 1042 286 1568 361; x_wconf 88' lang='lat' dir='ltr'><strong>trucidandorum,</strong></span> <span class='ocrx_word' id='word_1_10' title='bbox 1603 281 1864 346; x_wconf 89' lang='lat' dir='ltr'><strong>nominis</strong></span> <span class='ocrx_word' id='word_1_11' title='bbox 1895 284 2154 346; x_wconf 87' lang='lat' dir='ltr'><strong>Romani</strong></span> <span class='ocrx_word' id='word_1_12' title='bbox 2181 299 2288 346; x_wconf 83' lang='lat' dir='ltr'><strong>ex-</strong></span> 
     </span>
     <span class='ocr_line' id='line_1_3' title="bbox 224 369 2290 450; baseline -0.004 -13"><span class='ocrx_word' id='word_1_13' title='bbox 224 374 588 450; x_wconf 82' lang='lat' dir='ltr'><strong>stinguendi.</strong></span> <span class='ocrx_word' id='word_1_14' title='bbox 648 372 855 446; x_wconf 85' lang='lat' dir='ltr'><strong>Atque</strong></span> <span class='ocrx_word' id='word_1_15' title='bbox 882 371 1035 431; x_wconf 89' lang='lat' dir='ltr'><strong>haec</strong></span> <span class='ocrx_word' id='word_1_16' title='bbox 1064 370 1254 442; x_wconf 89' lang='lat' dir='ltr'><strong>cives,</strong></span> <span class='ocrx_word' id='word_1_17' title='bbox 1288 371 1474 444; x_wconf 89' lang='lat' dir='ltr'><strong>cives,</strong></span> <span class='ocrx_word' id='word_1_18' title='bbox 1504 370 1772 446; x_wconf 87' lang='lat' dir='ltr'><strong>inquam,</strong></span> <span class='ocrx_word' id='word_1_19' title='bbox 1805 371 1856 430; x_wconf 90' lang='lat' dir='ltr'><strong>si</strong></span> <span class='ocrx_word' id='word_1_20' title='bbox 1892 386 2002 430; x_wconf 89' lang='lat' dir='ltr'><strong>eos</strong></span> <span class='ocrx_word' id='word_1_21' title='bbox 2033 369 2151 429; x_wconf 90' lang='lat' dir='ltr'><strong>hoc</strong></span> <span class='ocrx_word' id='word_1_22' title='bbox 2179 383 2290 429; x_wconf 90' lang='lat' dir='ltr'><strong>no·</strong></span> 
     </span>
     <span class='ocr_line' id='line_1_4' title="bbox 224 450 2290 532; baseline -0.003 -13"><span class='ocrx_word' id='word_1_23' title='bbox 224 459 386 520; x_wconf 88' lang='lat' dir='ltr'><strong>mine</strong></span> <span class='ocrx_word' id='word_1_24' title='bbox 427 454 725 532; x_wconf 89' lang='lat' dir='ltr'><strong>appellari</strong></span> <span class='ocrx_word' id='word_1_25' title='bbox 768 455 861 514; x_wconf 79' lang='lat' dir='ltr'><strong>fas</strong></span> <span class='ocrx_word' id='word_1_26' title='bbox 902 461 1029 529; x_wconf 90' lang='lat' dir='ltr'><strong>est,</strong></span> <span class='ocrx_word' id='word_1_27' title='bbox 1069 455 1148 514; x_wconf 93' lang='lat' dir='ltr'><strong>de</strong></span> <span class='ocrx_word' id='word_1_28' title='bbox 1190 453 1383 530; x_wconf 90' lang='lat' dir='ltr'><strong>patria</strong></span> <span class='ocrx_word' id='word_1_29' title='bbox 1423 471 1537 514; x_wconf 91' lang='lat' dir='ltr'><strong>sua</strong></span> <span class='ocrx_word' id='word_1_30' title='bbox 1565 462 1628 514; x_wconf 90' lang='lat' dir='ltr'><strong>et</strong></span> <span class='ocrx_word' id='word_1_31' title='bbox 1657 453 1925 528; x_wconf 82' lang='lat' dir='ltr'><strong>cogitant</strong></span> <span class='ocrx_word' id='word_1_32' title='bbox 1962 459 2025 512; x_wconf 87' lang='lat' dir='ltr'><strong>et</strong></span> <span class='ocrx_word' id='word_1_33' title='bbox 2063 450 2290 527; x_wconf 84' lang='lat' dir='ltr'><strong>cogita-</strong></span> 
     </span>
     <span class='ocr_line' id='line_1_5' title="bbox 224 534 2290 612; baseline -0.003 -10"><span class='ocrx_word' id='word_1_34' title='bbox 224 549 471 602; x_wconf 70' lang='lat' dir='ltr'><strong>verunte</strong></span> <span class='ocrx_word' id='word_1_35' title='bbox 519 541 736 599; x_wconf 85' lang='lat' dir='ltr'><strong>horum</strong></span> <span class='ocrx_word' id='word_1_36' title='bbox 779 553 895 612; x_wconf 81' lang='lat' dir='ltr'><strong>ego</strong></span> <span class='ocrx_word' id='word_1_37' title='bbox 937 536 1161 598; x_wconf 80' lang='lat' dir='ltr'><strong>cotidie</strong></span> <span class='ocrx_word' id='word_1_38' title='bbox 1194 537 1466 598; x_wconf 87' lang='lat' dir='ltr'><strong>consiliis</strong></span> <span class='ocrx_word' id='word_1_39' title='bbox 1505 553 1792 609; x_wconf 89' lang='lat' dir='ltr'><strong>occurr0,</strong></span> <span class='ocrx_word' id='word_1_40' title='bbox 1837 534 2156 597; x_wconf 80' lang='lat' dir='ltr'><strong>audaciam</strong></span> <span class='ocrx_word' id='word_1_41' title='bbox 2185 536 2290 595; x_wconf 88' lang='lat' dir='ltr'><strong>de·</strong></span> 
     </span>
     <span class='ocr_line' id='line_1_6' title="bbox 225 617 2294 696; baseline -0.003 -11"><span class='ocrx_word' id='word_1_42' title='bbox 225 624 427 696; x_wconf 85' lang='lat' dir='ltr'><strong>bilit0,</strong></span> <span class='ocrx_word' id='word_1_43' title='bbox 466 621 685 684; x_wconf 89' lang='lat' dir='ltr'><strong>sceleri</strong></span> <span class='ocrx_word' id='word_1_44' title='bbox 712 618 955 681; x_wconf 88' lang='lat' dir='ltr'><strong>resisto.</strong></span> <span class='ocrx_word' id='word_1_45' title='bbox 1016 620 1141 680; x_wconf 92' lang='lat' dir='ltr'><strong>Sed</strong></span> <span class='ocrx_word' id='word_1_46' title='bbox 1170 637 1284 682; x_wconf 87' lang='lat' dir='ltr'><strong>vos</strong></span> <span class='ocrx_word' id='word_1_47' title='bbox 1315 635 1566 692; x_wconf 88' lang='lat' dir='ltr'><strong>moneo,</strong></span> <span class='ocrx_word' id='word_1_48' title='bbox 1598 618 1863 681; x_wconf 73' lang='lat' dir='ltr'><strong>iudicesz</strong></span> <span class='ocrx_word' id='word_1_49' title='bbox 1905 619 1968 679; x_wconf 91' lang='lat' dir='ltr'><strong>in</strong></span> <span class='ocrx_word' id='word_1_50' title='bbox 1998 617 2165 680; x_wconf 88' lang='lat' dir='ltr'><strong>exitu</strong></span> <span class='ocrx_word' id='word_1_51' title='bbox 2197 625 2294 678; x_wconf 87' lang='lat' dir='ltr'><strong>est</strong></span> 
     </span>
     <span class='ocr_line' id='line_1_7' title="bbox 227 700 2294 769; baseline -0.003 -1"><span class='ocrx_word' id='word_1_52' title='bbox 227 708 346 769; x_wconf 89' lang='lat' dir='ltr'><strong>iam</strong></span> <span class='ocrx_word' id='word_1_53' title='bbox 375 722 549 766; x_wconf 89' lang='lat' dir='ltr'><strong>meus</strong></span> <span class='ocrx_word' id='word_1_54' title='bbox 579 705 965 767; x_wconf 81' lang='lat' dir='ltr'><strong>consulatus:</strong></span> <span class='ocrx_word' id='word_1_55' title='bbox 1012 703 1199 764; x_wconf 86' lang='lat' dir='ltr'><strong>nolite</strong></span> <span class='ocrx_word' id='word_1_56' title='bbox 1229 703 1373 763; x_wconf 86' lang='lat' dir='ltr'><strong>mihi</strong></span> <span class='ocrx_word' id='word_1_57' title='bbox 1411 703 1766 765; x_wconf 81' lang='lat' dir='ltr'><strong>subtrahere</strong></span> <span class='ocrx_word' id='word_1_58' title='bbox 1797 700 2086 763; x_wconf 89' lang='lat' dir='ltr'><strong>vicarium</strong></span> <span class='ocrx_word' id='word_1_59' title='bbox 2117 716 2294 762; x_wconf 88' lang='lat' dir='ltr'><strong>meae</strong></span> 
     </span>
     <span class='ocr_line' id='line_1_8' title="bbox 229 783 2294 865; baseline -0.004 -13"><span class='ocrx_word' id='word_1_60' title='bbox 229 789 606 865; x_wconf 78' lang='lat' dir='ltr'><strong>diligentiae:</strong></span> <span class='ocrx_word' id='word_1_61' title='bbox 639 787 827 850; x_wconf 88' lang='lat' dir='ltr'><strong>nolite</strong></span> <span class='ocrx_word' id='word_1_62' title='bbox 854 785 1123 849; x_wconf 86' lang='lat' dir='ltr'><strong>adimere</strong></span> <span class='ocrx_word' id='word_1_63' title='bbox 1154 803 1312 860; x_wconf 90' lang='lat' dir='ltr'><strong>eum,</strong></span> <span class='ocrx_word' id='word_1_64' title='bbox 1345 787 1444 847; x_wconf 91' lang='lat' dir='ltr'><strong>cui</strong></span> <span class='ocrx_word' id='word_1_65' title='bbox 1469 803 1599 847; x_wconf 88' lang='lat' dir='ltr'><strong>rem</strong></span> <span class='ocrx_word' id='word_1_66' title='bbox 1617 785 1930 861; x_wconf 73' lang='lat' dir='ltr'><strong>publicam</strong></span> <span class='ocrx_word' id='word_1_67' title='bbox 1962 783 2142 861; x_wconf 90' lang='lat' dir='ltr'><strong>cupio</strong></span> <span class='ocrx_word' id='word_1_68' title='bbox 2173 791 2294 844; x_wconf 81' lang='lat' dir='ltr'><strong>tra·</strong></span> 
     </span>
     <span class='ocr_line' id='line_1_9' title="bbox 229 869 2062 946; baseline -0.005 -11"><span class='ocrx_word' id='word_1_69' title='bbox 229 876 373 935; x_wconf 87' lang='lat' dir='ltr'><strong>dere</strong></span> <span class='ocrx_word' id='word_1_70' title='bbox 402 873 797 942; x_wconf 89' lang='lat' dir='ltr'><strong>incolumem,</strong></span> <span class='ocrx_word' id='word_1_71' title='bbox 828 870 905 930; x_wconf 86' lang='lat' dir='ltr'><strong>ab</strong></span> <span class='ocrx_word' id='word_1_72' title='bbox 935 869 1031 931; x_wconf 91' lang='lat' dir='ltr'><strong>his</strong></span> <span class='ocrx_word' id='word_1_73' title='bbox 1062 869 1246 932; x_wconf 87' lang='lat' dir='ltr'><strong>tantis</strong></span> <span class='ocrx_word' id='word_1_74' title='bbox 1279 869 1568 946; x_wconf 86' lang='lat' dir='ltr'><strong>periculis</strong></span> <span class='ocrx_word' id='word_1_75' title='bbox 1596 870 2062 930; x_wconf 79' lang='lat' dir='ltr'><strong>defendendam.</strong></span> 
     </span>
    </p>

    <p class='ocr_par' dir='ltr' id='par_1_3' title="bbox 222 950 2301 3453">
     <span class='ocr_line' id='line_1_10' title="bbox 372 950 2288 1029; baseline -0.004 -13"><span class='ocrx_word' id='word_1_76' title='bbox 372 956 714 1016; x_wconf 81' lang='lat' dir='ltr'><strong>XXXVIII.</strong></span> <span class='ocrx_word' id='word_1_77' title='bbox 744 953 846 1017; x_wconf 87' lang='grc'><strong>81.</strong></span> <span class='ocrx_word' id='word_1_78' title='bbox 890 955 1096 1029; x_wconf 84' lang='lat' dir='ltr'><strong>Atque</strong></span> <span class='ocrx_word' id='word_1_79' title='bbox 1124 954 1204 1014; x_wconf 93' lang='lat' dir='ltr'><strong>ad</strong></span> <span class='ocrx_word' id='word_1_80' title='bbox 1237 954 1390 1015; x_wconf 89' lang='lat' dir='ltr'><strong>haec</strong></span> <span class='ocrx_word' id='word_1_81' title='bbox 1421 955 1608 1026; x_wconf 89' lang='lat' dir='ltr'><strong>mala,</strong></span> <span class='ocrx_word' id='word_1_82' title='bbox 1641 952 1906 1026; x_wconf 78' lang='lat' dir='ltr'><strong>iudiceS,</strong></span> <span class='ocrx_word' id='word_1_83' title='bbox 1939 950 2090 1027; x_wconf 91' lang='lat' dir='ltr'><strong>quid</strong></span> <span class='ocrx_word' id='word_1_84' title='bbox 2118 965 2288 1010; x_wconf 89' lang='lat' dir='ltr'><strong>acce-</strong></span> 
     </span>
     <span class='ocr_line' id='line_1_11' title="bbox 223 1031 2292 1114; baseline -0.005 -11"><span class='ocrx_word' id='word_1_85' title='bbox 223 1041 334 1103; x_wconf 86' lang='lat' dir='ltr'><strong>dat</strong></span> <span class='ocrx_word' id='word_1_86' title='bbox 362 1039 528 1100; x_wconf 85' lang='lat' dir='ltr'><strong>aliud</strong></span> <span class='ocrx_word' id='word_1_87' title='bbox 562 1055 687 1100; x_wconf 91' lang='lat' dir='ltr'><strong>non</strong></span> <span class='ocrx_word' id='word_1_88' title='bbox 715 1036 981 1098; x_wconf 67' lang='lat' dir='ltr'><strong>videtis?</strong></span> <span class='ocrx_word' id='word_1_89' title='bbox 1020 1038 1123 1111; x_wconf 91' lang='lat' dir='ltr'><strong>Te,</strong></span> <span class='ocrx_word' id='word_1_90' title='bbox 1149 1045 1210 1098; x_wconf 91' lang='lat' dir='ltr'><strong>te</strong></span> <span class='ocrx_word' id='word_1_91' title='bbox 1240 1039 1506 1112; x_wconf 90' lang='lat' dir='ltr'><strong>appello,</strong></span> <span class='ocrx_word' id='word_1_92' title='bbox 1546 1037 1721 1098; x_wconf 79' lang='lat' dir='ltr'><strong>Cato:</strong></span> <span class='ocrx_word' id='word_1_93' title='bbox 1752 1051 1956 1114; x_wconf 85' lang='lat' dir='ltr'><strong>nonne</strong></span> <span class='ocrx_word' id='word_1_94' title='bbox 1987 1031 2292 1110; x_wconf 90' lang='lat' dir='ltr'><strong>prospicis</strong></span> 
     </span>
     <span class='ocr_line' id='line_1_12' title="bbox 228 1117 2296 1200; baseline -0.004 -15"><span class='ocrx_word' id='word_1_95' title='bbox 228 1131 653 1200; x_wconf 86' lang='lat' dir='ltr'><strong>tempestatem</strong></span> <span class='ocrx_word' id='word_1_96' title='bbox 692 1121 836 1182; x_wconf 91' lang='lat' dir='ltr'><strong>anni</strong></span> <span class='ocrx_word' id='word_1_97' title='bbox 866 1121 997 1181; x_wconf 65' lang='lat' dir='ltr'><strong>tui?</strong></span> <span class='ocrx_word' id='word_1_98' title='bbox 1056 1122 1183 1180; x_wconf 91' lang='lat' dir='ltr'><strong>Iam</strong></span> <span class='ocrx_word' id='word_1_99' title='bbox 1214 1121 1376 1181; x_wconf 92' lang='lat' dir='ltr'><strong>enim</strong></span> <span class='ocrx_word' id='word_1_100' title='bbox 1409 1121 1697 1182; x_wconf 88' lang='lat' dir='ltr'><strong>hesterna</strong></span> <span class='ocrx_word' id='word_1_101' title='bbox 1725 1119 2009 1181; x_wconf 88' lang='lat' dir='ltr'><strong>contione</strong></span> <span class='ocrx_word' id='word_1_102' title='bbox 2037 1117 2296 1178; x_wconf 82' lang='lat' dir='ltr'><strong>intonuit</strong></span> 
     </span>
     <span class='ocr_line' id='line_1_13' title="bbox 226 1201 2294 1282; baseline -0.004 -14"><span class='ocrx_word' id='word_1_103' title='bbox 226 1225 355 1268; x_wconf 79' lang='lat' dir='ltr'><strong>vox</strong></span> <span class='ocrx_word' id='word_1_104' title='bbox 388 1205 735 1282; x_wconf 88' lang='lat' dir='ltr'><strong>perniciosa</strong></span> <span class='ocrx_word' id='word_1_105' title='bbox 762 1203 1065 1280; x_wconf 82' lang='lat' dir='ltr'><strong>designati</strong></span> <span class='ocrx_word' id='word_1_106' title='bbox 1093 1203 1346 1277; x_wconf 89' lang='lat' dir='ltr'><strong>tribuni,</strong></span> <span class='ocrx_word' id='word_1_107' title='bbox 1391 1205 1664 1278; x_wconf 80' lang='lat' dir='ltr'><strong>collegae</strong></span> <span class='ocrx_word' id='word_1_108' title='bbox 1708 1201 1824 1264; x_wconf 89' lang='lat' dir='ltr'><strong>tui=</strong></span> <span class='ocrx_word' id='word_1_109' title='bbox 1872 1210 2084 1263; x_wconf 87' lang='lat' dir='ltr'><strong>contra</strong></span> <span class='ocrx_word' id='word_1_110' title='bbox 2113 1215 2294 1276; x_wconf 90' lang='lat' dir='ltr'><strong>quem</strong></span> 
     </span>
     <span class='ocr_line' id='line_1_14' title="bbox 232 1283 2293 1360; baseline -0.004 -9"><span class='ocrx_word' id='word_1_111' title='bbox 232 1293 481 1352; x_wconf 87' lang='lat' dir='ltr'><strong>multum</strong></span> <span class='ocrx_word' id='word_1_112' title='bbox 522 1297 627 1350; x_wconf 91' lang='lat' dir='ltr'><strong>tua</strong></span> <span class='ocrx_word' id='word_1_113' title='bbox 658 1305 861 1359; x_wconf 85' lang='lat' dir='ltr'><strong>mens,</strong></span> <span class='ocrx_word' id='word_1_114' title='bbox 912 1289 1163 1349; x_wconf 87' lang='lat' dir='ltr'><strong>multum</strong></span> <span class='ocrx_word' id='word_1_115' title='bbox 1192 1304 1407 1348; x_wconf 87' lang='lat' dir='ltr'><strong>omnes</strong></span> <span class='ocrx_word' id='word_1_116' title='bbox 1435 1285 1584 1348; x_wconf 89' lang='lat' dir='ltr'><strong>boni</strong></span> <span class='ocrx_word' id='word_1_117' title='bbox 1612 1285 2037 1360; x_wconf 89' lang='lat' dir='ltr'><strong>providerunt,</strong></span> <span class='ocrx_word' id='word_1_118' title='bbox 2084 1283 2191 1360; x_wconf 87' lang='lat' dir='ltr'><strong>qui</strong></span> <span class='ocrx_word' id='word_1_119' title='bbox 2233 1292 2293 1344; x_wconf 90' lang='lat' dir='ltr'><strong>te</strong></span> 
     </span>
     <span class='ocr_line' id='line_1_15' title="bbox 222 1369 2296 1446; baseline -0.004 -13"><span class='ocrx_word' id='word_1_120' title='bbox 222 1376 307 1434; x_wconf 80' lang='lat' dir='ltr'><strong>ad</strong></span> <span class='ocrx_word' id='word_1_121' title='bbox 338 1373 677 1433; x_wconf 85' lang='lat' dir='ltr'><strong>tribunatus</strong></span> <span class='ocrx_word' id='word_1_122' title='bbox 707 1369 1061 1446; x_wconf 86' lang='lat' dir='ltr'><strong>petitionem</strong></span> <span class='ocrx_word' id='word_1_123' title='bbox 1091 1380 1484 1432; x_wconf 89' lang='lat' dir='ltr'><strong>vocaverunt.</strong></span> <span class='ocrx_word' id='word_1_124' title='bbox 1558 1369 1658 1432; x_wconf 77' lang='lat'><strong>82.</strong></span> <span class='ocrx_word' id='word_1_125' title='bbox 1707 1369 1949 1441; x_wconf 89' lang='lat' dir='ltr'><strong>Omnia,</strong></span> <span class='ocrx_word' id='word_1_126' title='bbox 1997 1384 2156 1444; x_wconf 90' lang='lat' dir='ltr'><strong>quae</strong></span> <span class='ocrx_word' id='word_1_127' title='bbox 2185 1383 2296 1443; x_wconf 87' lang='lat' dir='ltr'><strong>per</strong></span> 
     </span>
     <span class='ocr_line' id='line_1_16' title="bbox 225 1451 2294 1529; baseline -0.003 -14"><span class='ocrx_word' id='word_1_128' title='bbox 225 1457 349 1517; x_wconf 57' lang='lat' dir='ltr'><strong>:hoc</strong></span> <span class='ocrx_word' id='word_1_129' title='bbox 378 1453 697 1517; x_wconf 87' lang='lat' dir='ltr'><strong>triennium</strong></span> <span class='ocrx_word' id='word_1_130' title='bbox 728 1452 951 1528; x_wconf 84' lang='lat' dir='ltr'><strong>agitata</strong></span> <span class='ocrx_word' id='word_1_131' title='bbox 979 1460 1138 1524; x_wconf 89' lang='lat' dir='ltr'><strong>sunt,</strong></span> <span class='ocrx_word' id='word_1_132' title='bbox 1174 1451 1292 1512; x_wconf 90' lang='lat' dir='ltr'><strong>iam</strong></span> <span class='ocrx_word' id='word_1_133' title='bbox 1323 1455 1400 1513; x_wconf 92' lang='lat' dir='ltr'><strong>ab</strong></span> <span class='ocrx_word' id='word_1_134' title='bbox 1435 1470 1510 1514; x_wconf 92' lang='lat' dir='ltr'><strong>eo</strong></span> <span class='ocrx_word' id='word_1_135' title='bbox 1541 1461 1834 1529; x_wconf 87' lang='lat' dir='ltr'><strong>tempore,</strong></span> <span class='ocrx_word' id='word_1_136' title='bbox 1865 1468 1987 1528; x_wconf 92' lang='lat' dir='ltr'><strong>quo</strong></span> <span class='ocrx_word' id='word_1_137' title='bbox 2017 1468 2056 1510; x_wconf 87' lang='lat' dir='ltr'><strong>a</strong></span> <span class='ocrx_word' id='word_1_138' title='bbox 2084 1451 2150 1511; x_wconf 91' lang='lat' dir='ltr'><strong>L.</strong></span> <span class='ocrx_word' id='word_1_139' title='bbox 2186 1452 2294 1510; x_wconf 88' lang='lat' dir='ltr'><strong>Ca-</strong></span> 
     </span>
     <span class='ocr_line' id='line_1_17' title="bbox 228 1533 2295 1599; baseline -0.003 0"><span class='ocrx_word' id='word_1_140' title='bbox 228 1539 401 1599; x_wconf 78' lang='lat' dir='ltr'><strong>tilina</strong></span> <span class='ocrx_word' id='word_1_141' title='bbox 422 1548 483 1598; x_wconf 90' lang='lat' dir='ltr'><strong>et</strong></span> <span class='ocrx_word' id='word_1_142' title='bbox 505 1537 609 1596; x_wconf 91' lang='lat' dir='ltr'><strong>Cn.</strong></span> <span class='ocrx_word' id='word_1_143' title='bbox 633 1535 856 1597; x_wconf 88' lang='lat' dir='ltr'><strong>Pisone</strong></span> <span class='ocrx_word' id='word_1_144' title='bbox 878 1535 1091 1596; x_wconf 86' lang='lat' dir='ltr'><strong>initum</strong></span> <span class='ocrx_word' id='word_1_145' title='bbox 1114 1537 1433 1596; x_wconf 88' lang='lat' dir='ltr'><strong>consilium</strong></span> <span class='ocrx_word' id='word_1_146' title='bbox 1465 1546 1716 1598; x_wconf 88' lang='lat' dir='ltr'><strong>senatus</strong></span> <span class='ocrx_word' id='word_1_147' title='bbox 1745 1533 2148 1597; x_wconf 88' lang='lat' dir='ltr'><strong>interficiendi</strong></span> <span class='ocrx_word' id='word_1_148' title='bbox 2177 1533 2295 1594; x_wconf 90' lang='lat' dir='ltr'><strong>sci·</strong></span> 
     </span>
     <span class='ocr_line' id='line_1_18' title="bbox 240 1617 2295 1696; baseline -0.002 -15"><span class='ocrx_word' id='word_1_149' title='bbox 240 1622 311 1682; x_wconf 86' lang='lat' dir='ltr'><strong>tis</strong></span> <span class='ocrx_word' id='word_1_150' title='bbox 334 1638 496 1694; x_wconf 84' lang='lat' dir='ltr'><strong>esse,</strong></span> <span class='ocrx_word' id='word_1_151' title='bbox 524 1619 584 1680; x_wconf 92' lang='lat' dir='ltr'><strong>in</strong></span> <span class='ocrx_word' id='word_1_152' title='bbox 615 1621 731 1680; x_wconf 88' lang='lat' dir='ltr'><strong>hos</strong></span> <span class='ocrx_word' id='word_1_153' title='bbox 756 1619 907 1692; x_wconf 79' lang='lat' dir='ltr'><strong>dieS,</strong></span> <span class='ocrx_word' id='word_1_154' title='bbox 942 1617 1005 1679; x_wconf 89' lang='lat' dir='ltr'><strong>in</strong></span> <span class='ocrx_word' id='word_1_155' title='bbox 1025 1620 1143 1680; x_wconf 90' lang='lat' dir='ltr'><strong>hos</strong></span> <span class='ocrx_word' id='word_1_156' title='bbox 1164 1636 1430 1691; x_wconf 89' lang='lat' dir='ltr'><strong>menses,</strong></span> <span class='ocrx_word' id='word_1_157' title='bbox 1457 1619 1519 1680; x_wconf 89' lang='lat' dir='ltr'><strong>in</strong></span> <span class='ocrx_word' id='word_1_158' title='bbox 1543 1620 1662 1681; x_wconf 89' lang='lat' dir='ltr'><strong>hoc</strong></span> <span class='ocrx_word' id='word_1_159' title='bbox 1685 1628 1926 1696; x_wconf 86' lang='lat' dir='ltr'><strong>tempus</strong></span> <span class='ocrx_word' id='word_1_160' title='bbox 1953 1626 2295 1693; x_wconf 90' lang='lat' dir='ltr'><strong>erumpunt.</strong></span> 
     </span>
     <span class='ocr_line' id='line_1_19' title="bbox 230 1701 2294 1779; baseline -0.003 -13"><span class='ocrx_word' id='word_1_161' title='bbox 230 1705 343 1779; x_wconf 80' lang='lat' dir='ltr'><strong>Qui</strong></span> <span class='ocrx_word' id='word_1_162' title='bbox 381 1706 555 1766; x_wconf 91' lang='lat' dir='ltr'><strong>locus</strong></span> <span class='ocrx_word' id='word_1_163' title='bbox 583 1713 707 1779; x_wconf 87' lang='lat' dir='ltr'><strong>est,</strong></span> <span class='ocrx_word' id='word_1_164' title='bbox 756 1701 1023 1777; x_wconf 78' lang='lat' dir='ltr'><strong>iudiceS,</strong></span> <span class='ocrx_word' id='word_1_165' title='bbox 1071 1704 1239 1778; x_wconf 87' lang='lat' dir='ltr'><strong>quod</strong></span> <span class='ocrx_word' id='word_1_166' title='bbox 1282 1711 1554 1779; x_wconf 79' lang='lat' dir='ltr'><strong>tempuS,</strong></span> <span class='ocrx_word' id='word_1_167' title='bbox 1600 1702 1704 1779; x_wconf 89' lang='lat' dir='ltr'><strong>qui</strong></span> <span class='ocrx_word' id='word_1_168' title='bbox 1735 1704 1901 1778; x_wconf 79' lang='lat' dir='ltr'><strong>dieS,</strong></span> <span class='ocrx_word' id='word_1_169' title='bbox 1953 1717 2111 1777; x_wconf 89' lang='lat' dir='ltr'><strong>quae</strong></span> <span class='ocrx_word' id='word_1_170' title='bbox 2151 1717 2294 1773; x_wconf 74' lang='lat' dir='ltr'><strong>nox,</strong></span> 
     </span>
     <span class='ocr_line' id='line_1_20' title="bbox 229 1785 2298 1864; baseline -0.003 -15"><span class='ocrx_word' id='word_1_171' title='bbox 229 1807 419 1864; x_wconf 88' lang='lat' dir='ltr'><strong>quum</strong></span> <span class='ocrx_word' id='word_1_172' title='bbox 446 1803 563 1864; x_wconf 88' lang='lat' dir='ltr'><strong>ego</strong></span> <span class='ocrx_word' id='word_1_173' title='bbox 598 1804 721 1848; x_wconf 91' lang='lat' dir='ltr'><strong>non</strong></span> <span class='ocrx_word' id='word_1_174' title='bbox 753 1803 832 1848; x_wconf 88' lang='lat' dir='ltr'><strong>ex</strong></span> <span class='ocrx_word' id='word_1_175' title='bbox 859 1786 1115 1848; x_wconf 85' lang='lat' dir='ltr'><strong>istorum</strong></span> <span class='ocrx_word' id='word_1_176' title='bbox 1144 1785 1382 1848; x_wconf 90' lang='lat' dir='ltr'><strong>insidiis</strong></span> <span class='ocrx_word' id='word_1_177' title='bbox 1415 1803 1489 1847; x_wconf 91' lang='lat' dir='ltr'><strong>ac</strong></span> <span class='ocrx_word' id='word_1_178' title='bbox 1518 1786 1911 1848; x_wconf 86' lang='lat' dir='ltr'><strong>mucronibus</strong></span> <span class='ocrx_word' id='word_1_179' title='bbox 1942 1802 2063 1847; x_wconf 90' lang='lat' dir='ltr'><strong>non</strong></span> <span class='ocrx_word' id='word_1_180' title='bbox 2098 1785 2298 1845; x_wconf 91' lang='lat' dir='ltr'><strong>solum</strong></span> 
     </span>
     <span class='ocr_line' id='line_1_21' title="bbox 230 1867 2298 1946; baseline -0.002 -14"><span class='ocrx_word' id='word_1_181' title='bbox 230 1889 401 1946; x_wconf 88' lang='lat' dir='ltr'><strong>meo,</strong></span> <span class='ocrx_word' id='word_1_182' title='bbox 453 1873 567 1933; x_wconf 90' lang='lat' dir='ltr'><strong>sed</strong></span> <span class='ocrx_word' id='word_1_183' title='bbox 615 1872 801 1933; x_wconf 89' lang='lat' dir='ltr'><strong>multo</strong></span> <span class='ocrx_word' id='word_1_184' title='bbox 847 1870 1027 1932; x_wconf 87' lang='lat' dir='ltr'><strong>etiam</strong></span> <span class='ocrx_word' id='word_1_185' title='bbox 1070 1869 1266 1945; x_wconf 82' lang='lat' dir='ltr'><strong>magis</strong></span> <span class='ocrx_word' id='word_1_186' title='bbox 1308 1869 1513 1932; x_wconf 89' lang='lat' dir='ltr'><strong>divino</strong></span> <span class='ocrx_word' id='word_1_187' title='bbox 1557 1869 1811 1931; x_wconf 90' lang='lat' dir='ltr'><strong>consilio</strong></span> <span class='ocrx_word' id='word_1_188' title='bbox 1848 1867 2072 1944; x_wconf 89' lang='lat' dir='ltr'><strong>eripiar</strong></span> <span class='ocrx_word' id='word_1_189' title='bbox 2112 1875 2298 1942; x_wconf 90' lang='lat' dir='ltr'><strong>atque</strong></span> 
     </span>
     <span class='ocr_line' id='line_1_22' title="bbox 233 1950 2296 2030; baseline -0.002 -14"><span class='ocrx_word' id='word_1_190' title='bbox 233 1958 513 2016; x_wconf 66' lang='lat' dir='ltr'><strong>evolem?</strong></span> <span class='ocrx_word' id='word_1_191' title='bbox 564 1955 776 2030; x_wconf 89' lang='lat' dir='ltr'><strong>Neque</strong></span> <span class='ocrx_word' id='word_1_192' title='bbox 806 1953 907 2014; x_wconf 91' lang='lat' dir='ltr'><strong>isti</strong></span> <span class='ocrx_word' id='word_1_193' title='bbox 933 1971 1031 2014; x_wconf 91' lang='lat' dir='ltr'><strong>me</strong></span> <span class='ocrx_word' id='word_1_194' title='bbox 1062 1969 1198 2014; x_wconf 90' lang='lat' dir='ltr'><strong>meo</strong></span> <span class='ocrx_word' id='word_1_195' title='bbox 1230 1953 1474 2014; x_wconf 90' lang='lat' dir='ltr'><strong>nomine</strong></span> <span class='ocrx_word' id='word_1_196' title='bbox 1500 1952 1777 2027; x_wconf 88' lang='lat' dir='ltr'><strong>interfici,</strong></span> <span class='ocrx_word' id='word_1_197' title='bbox 1811 1953 1927 2014; x_wconf 88' lang='lat' dir='ltr'><strong>sed</strong></span> <span class='ocrx_word' id='word_1_198' title='bbox 1948 1950 2296 2026; x_wconf 83' lang='lat' dir='ltr'><strong>vigilantem</strong></span> 
     </span>
     <span class='ocr_line' id='line_1_23' title="bbox 234 2035 2298 2112; baseline -0.002 -13"><span class='ocrx_word' id='word_1_199' title='bbox 234 2040 549 2099; x_wconf 91' lang='lat' dir='ltr'><strong>consulem</strong></span> <span class='ocrx_word' id='word_1_200' title='bbox 594 2038 673 2097; x_wconf 93' lang='lat' dir='ltr'><strong>de</strong></span> <span class='ocrx_word' id='word_1_201' title='bbox 718 2036 808 2097; x_wconf 91' lang='lat' dir='ltr'><strong>rei</strong></span> <span class='ocrx_word' id='word_1_202' title='bbox 849 2035 1131 2112; x_wconf 91' lang='lat' dir='ltr'><strong>publicae</strong></span> <span class='ocrx_word' id='word_1_203' title='bbox 1173 2036 1481 2112; x_wconf 90' lang='lat' dir='ltr'><strong>praesidio</strong></span> <span class='ocrx_word' id='word_1_204' title='bbox 1522 2039 1850 2098; x_wconf 88' lang='lat' dir='ltr'><strong>demovere</strong></span> <span class='ocrx_word' id='word_1_205' title='bbox 1889 2038 2130 2097; x_wconf 63' lang='lat' dir='ltr'><strong>volunta</strong></span> <span class='ocrx_word' id='word_1_206' title='bbox 2185 2049 2298 2094; x_wconf 90' lang='lat' dir='ltr'><strong>nec</strong></span> 
     </span>
     <span class='ocr_line' id='line_1_24' title="bbox 233 2119 2296 2197; baseline -0.002 -16"><span class='ocrx_word' id='word_1_207' title='bbox 233 2119 434 2182; x_wconf 88' lang='lat' dir='ltr'><strong>minus</strong></span> <span class='ocrx_word' id='word_1_208' title='bbox 474 2121 728 2192; x_wconf 90' lang='lat' dir='ltr'><strong>vellent,</strong></span> <span class='ocrx_word' id='word_1_209' title='bbox 782 2120 956 2190; x_wconf 83' lang='lat' dir='ltr'><strong>cate,</strong></span> <span class='ocrx_word' id='word_1_210' title='bbox 1007 2127 1067 2180; x_wconf 90' lang='lat' dir='ltr'><strong>te</strong></span> <span class='ocrx_word' id='word_1_211' title='bbox 1098 2137 1347 2196; x_wconf 87' lang='lat' dir='ltr'><strong>quoque</strong></span> <span class='ocrx_word' id='word_1_212' title='bbox 1379 2119 1584 2197; x_wconf 88' lang='lat' dir='ltr'><strong>aliqua</strong></span> <span class='ocrx_word' id='word_1_213' title='bbox 1609 2120 1875 2193; x_wconf 89' lang='lat' dir='ltr'><strong>ratione,</strong></span> <span class='ocrx_word' id='word_1_214' title='bbox 1925 2119 1978 2179; x_wconf 90' lang='lat' dir='ltr'><strong>si</strong></span> <span class='ocrx_word' id='word_1_215' title='bbox 2022 2126 2296 2194; x_wconf 84' lang='lat' dir='ltr'><strong>possent,</strong></span> 
     </span>
     <span class='ocr_line' id='line_1_25' title="bbox 234 2201 2301 2278; baseline -0.002 -13"><span class='ocrx_word' id='word_1_216' title='bbox 234 2206 476 2266; x_wconf 71' lang='lat' dir='ltr'><strong>tolleree</strong></span> <span class='ocrx_word' id='word_1_217' title='bbox 519 2201 583 2262; x_wconf 92' lang='lat' dir='ltr'><strong>id</strong></span> <span class='ocrx_word' id='word_1_218' title='bbox 612 2202 809 2277; x_wconf 90' lang='lat' dir='ltr'><strong>quod,</strong></span> <span class='ocrx_word' id='word_1_219' title='bbox 852 2201 997 2262; x_wconf 91' lang='lat' dir='ltr'><strong>mihi</strong></span> <span class='ocrx_word' id='word_1_220' title='bbox 1032 2204 1246 2277; x_wconf 87' lang='lat' dir='ltr'><strong>crede,</strong></span> <span class='ocrx_word' id='word_1_221' title='bbox 1280 2212 1342 2265; x_wconf 90' lang='lat' dir='ltr'><strong>et</strong></span> <span class='ocrx_word' id='word_1_222' title='bbox 1367 2213 1555 2278; x_wconf 81' lang='lat' dir='ltr'><strong>agunt</strong></span> <span class='ocrx_word' id='word_1_223' title='bbox 1581 2213 1643 2265; x_wconf 86' lang='lat' dir='ltr'><strong>et</strong></span> <span class='ocrx_word' id='word_1_224' title='bbox 1673 2204 2016 2265; x_wconf 87' lang='lat' dir='ltr'><strong>moliuntur.</strong></span> <span class='ocrx_word' id='word_1_225' title='bbox 2073 2201 2301 2261; x_wconf 89' lang='lat' dir='ltr'><strong>Vident</strong></span> 
     </span>
     <span class='ocr_line' id='line_1_26' title="bbox 232 2283 2294 2364; baseline -0.003 -15"><span class='ocrx_word' id='word_1_226' title='bbox 232 2297 527 2364; x_wconf 89' lang='lat' dir='ltr'><strong>quantum</strong></span> <span class='ocrx_word' id='word_1_227' title='bbox 554 2284 617 2346; x_wconf 91' lang='lat' dir='ltr'><strong>in</strong></span> <span class='ocrx_word' id='word_1_228' title='bbox 648 2294 706 2347; x_wconf 87' lang='lat' dir='ltr'><strong>te</strong></span> <span class='ocrx_word' id='word_1_229' title='bbox 736 2284 816 2346; x_wconf 88' lang='lat' dir='ltr'><strong>sit</strong></span> <span class='ocrx_word' id='word_1_230' title='bbox 845 2285 1057 2359; x_wconf 90' lang='lat' dir='ltr'><strong>animi,</strong></span> <span class='ocrx_word' id='word_1_231' title='bbox 1093 2295 1384 2360; x_wconf 84' lang='lat' dir='ltr'><strong>quantum</strong></span> <span class='ocrx_word' id='word_1_232' title='bbox 1418 2286 1672 2363; x_wconf 84' lang='lat' dir='ltr'><strong>ingenii,</strong></span> <span class='ocrx_word' id='word_1_233' title='bbox 1712 2295 2004 2363; x_wconf 83' lang='lat' dir='ltr'><strong>quantum</strong></span> <span class='ocrx_word' id='word_1_234' title='bbox 2038 2283 2294 2346; x_wconf 90' lang='lat' dir='ltr'><strong>auctori-</strong></span> 
     </span>
     <span class='ocr_line' id='line_1_27' title="bbox 231 2365 2299 2446; baseline -0.003 -14"><span class='ocrx_word' id='word_1_235' title='bbox 231 2371 404 2446; x_wconf 76' lang='lat' dir='ltr'><strong>tatiS,</strong></span> <span class='ocrx_word' id='word_1_236' title='bbox 448 2374 741 2444; x_wconf 84' lang='lat' dir='ltr'><strong>quantum</strong></span> <span class='ocrx_word' id='word_1_237' title='bbox 778 2367 867 2429; x_wconf 91' lang='lat' dir='ltr'><strong>rei</strong></span> <span class='ocrx_word' id='word_1_238' title='bbox 909 2368 1192 2444; x_wconf 89' lang='lat' dir='ltr'><strong>publicae</strong></span> <span class='ocrx_word' id='word_1_239' title='bbox 1231 2369 1554 2446; x_wconf 86' lang='lat' dir='ltr'><strong>praesidii=</strong></span> <span class='ocrx_word' id='word_1_240' title='bbox 1605 2371 1719 2432; x_wconf 88' lang='lat' dir='ltr'><strong>sed</strong></span> <span class='ocrx_word' id='word_1_241' title='bbox 1758 2386 1945 2446; x_wconf 89' lang='lat' dir='ltr'><strong>quum</strong></span> <span class='ocrx_word' id='word_1_242' title='bbox 1989 2365 2299 2430; x_wconf 90' lang='lat' dir='ltr'><strong>consulari</strong></span> 
     </span>
     <span class='ocr_line' id='line_1_28' title="bbox 236 2451 2300 2528; baseline -0.002 -12"><span class='ocrx_word' id='word_1_243' title='bbox 236 2453 592 2516; x_wconf 84' lang='lat' dir='ltr'><strong>auctoritate</strong></span> <span class='ocrx_word' id='word_1_244' title='bbox 620 2460 683 2513; x_wconf 87' lang='lat' dir='ltr'><strong>et</strong></span> <span class='ocrx_word' id='word_1_245' title='bbox 708 2451 934 2513; x_wconf 89' lang='lat' dir='ltr'><strong>auxilio</strong></span> <span class='ocrx_word' id='word_1_246' title='bbox 965 2451 1286 2528; x_wconf 85' lang='lat' dir='ltr'><strong>spoliatam</strong></span> <span class='ocrx_word' id='word_1_247' title='bbox 1307 2451 1430 2514; x_wconf 90' lang='lat' dir='ltr'><strong>vim</strong></span> <span class='ocrx_word' id='word_1_248' title='bbox 1454 2453 1834 2516; x_wconf 86' lang='lat' dir='ltr'><strong>tribuniciam</strong></span> <span class='ocrx_word' id='word_1_249' title='bbox 1863 2451 2144 2528; x_wconf 88' lang='lat' dir='ltr'><strong>viderint,</strong></span> <span class='ocrx_word' id='word_1_250' title='bbox 2176 2459 2300 2513; x_wconf 88' lang='lat' dir='ltr'><strong>tum</strong></span> 
     </span>
     <span class='ocr_line' id='line_1_29' title="bbox 232 2535 2298 2615; baseline -0.003 -15"><span class='ocrx_word' id='word_1_251' title='bbox 232 2555 307 2600; x_wconf 82' lang='lat' dir='ltr'><strong>se</strong></span> <span class='ocrx_word' id='word_1_252' title='bbox 338 2535 575 2600; x_wconf 75' lang='lat' dir='ltr'><strong>facilius</strong></span> <span class='ocrx_word' id='word_1_253' title='bbox 600 2535 891 2598; x_wconf 80' lang='lat' dir='ltr'><strong>inermem</strong></span> <span class='ocrx_word' id='word_1_254' title='bbox 912 2544 971 2598; x_wconf 82' lang='lat' dir='ltr'><strong>et</strong></span> <span class='ocrx_word' id='word_1_255' title='bbox 994 2536 1366 2599; x_wconf 85' lang='lat' dir='ltr'><strong>debilitatum</strong></span> <span class='ocrx_word' id='word_1_256' title='bbox 1389 2546 1450 2598; x_wconf 89' lang='lat' dir='ltr'><strong>te</strong></span> <span class='ocrx_word' id='word_1_257' title='bbox 1475 2553 1888 2615; x_wconf 89' lang='lat' dir='ltr'><strong>oppressuros</strong></span> <span class='ocrx_word' id='word_1_258' title='bbox 1919 2535 2298 2600; x_wconf 83' lang='lat' dir='ltr'><strong>arbitrantur.</strong></span> 
     </span>
     <span class='ocr_line' id='line_1_30' title="bbox 232 2621 2300 2698; baseline 0 -12"><span class='ocrx_word' id='word_1_259' title='bbox 232 2624 386 2686; x_wconf 83' lang='lat' dir='ltr'><strong>Nam</strong></span> <span class='ocrx_word' id='word_1_260' title='bbox 414 2641 490 2686; x_wconf 91' lang='lat' dir='ltr'><strong>ne</strong></span> <span class='ocrx_word' id='word_1_261' title='bbox 522 2621 859 2686; x_wconf 83' lang='lat' dir='ltr'><strong>sufficiatur</strong></span> <span class='ocrx_word' id='word_1_262' title='bbox 887 2623 1105 2684; x_wconf 89' lang='lat' dir='ltr'><strong>consul</strong></span> <span class='ocrx_word' id='word_1_263' title='bbox 1134 2637 1257 2683; x_wconf 90' lang='lat' dir='ltr'><strong>non</strong></span> <span class='ocrx_word' id='word_1_264' title='bbox 1288 2621 1512 2694; x_wconf 74' lang='lat' dir='ltr'><strong>timent.</strong></span> <span class='ocrx_word' id='word_1_265' title='bbox 1573 2621 1800 2688; x_wconf 89' lang='lat' dir='ltr'><strong>Vident</strong></span> <span class='ocrx_word' id='word_1_266' title='bbox 1825 2623 1887 2687; x_wconf 91' lang='lat' dir='ltr'><strong>in</strong></span> <span class='ocrx_word' id='word_1_267' title='bbox 1917 2630 2156 2685; x_wconf 88' lang='lat' dir='ltr'><strong>tuorum</strong></span> <span class='ocrx_word' id='word_1_268' title='bbox 2185 2635 2300 2698; x_wconf 72' lang='lat' dir='ltr'><strong>po-</strong></span> 
     </span>
     <span class='ocr_line' id='line_1_31' title="bbox 237 2707 2300 2788; baseline 0 -18"><span class='ocrx_word' id='word_1_269' title='bbox 237 2717 453 2771; x_wconf 89' lang='lat' dir='ltr'><strong>testate</strong></span> <span class='ocrx_word' id='word_1_270' title='bbox 482 2708 853 2788; x_wconf 81' lang='lat' dir='ltr'><strong>collegarum</strong></span> <span class='ocrx_word' id='word_1_271' title='bbox 878 2712 1040 2772; x_wconf 69' lang='lat' dir='ltr'><strong>forez</strong></span> <span class='ocrx_word' id='word_1_272' title='bbox 1073 2719 1324 2787; x_wconf 86' lang='lat' dir='ltr'><strong>sperant</strong></span> <span class='ocrx_word' id='word_1_273' title='bbox 1353 2709 1471 2774; x_wconf 90' lang='lat' dir='ltr'><strong>sibi</strong></span> <span class='ocrx_word' id='word_1_274' title='bbox 1501 2710 1787 2785; x_wconf 84' lang='lat' dir='ltr'><strong>Silanum,</strong></span> <span class='ocrx_word' id='word_1_275' title='bbox 1827 2713 2056 2772; x_wconf 89' lang='lat' dir='ltr'><strong>clarum</strong></span> <span class='ocrx_word' id='word_1_276' title='bbox 2083 2707 2300 2783; x_wconf 88' lang='lat' dir='ltr'><strong>virum,</strong></span> 
     </span>
     <span class='ocr_line' id='line_1_32' title="bbox 238 2791 2298 2872; baseline -0.001 -18"><span class='ocrx_word' id='word_1_277' title='bbox 238 2791 371 2854; x_wconf 88' lang='lat' dir='ltr'><strong>sine</strong></span> <span class='ocrx_word' id='word_1_278' title='bbox 414 2793 678 2870; x_wconf 82' lang='lat' dir='ltr'><strong>collega,</strong></span> <span class='ocrx_word' id='word_1_279' title='bbox 726 2803 785 2855; x_wconf 88' lang='lat' dir='ltr'><strong>te</strong></span> <span class='ocrx_word' id='word_1_280' title='bbox 828 2793 961 2856; x_wconf 90' lang='lat' dir='ltr'><strong>sine</strong></span> <span class='ocrx_word' id='word_1_281' title='bbox 996 2796 1285 2868; x_wconf 87' lang='lat' dir='ltr'><strong>consule,</strong></span> <span class='ocrx_word' id='word_1_282' title='bbox 1325 2812 1454 2856; x_wconf 88' lang='lat' dir='ltr'><strong>rem</strong></span> <span class='ocrx_word' id='word_1_283' title='bbox 1489 2796 1792 2872; x_wconf 86' lang='lat' dir='ltr'><strong>publicam</strong></span> <span class='ocrx_word' id='word_1_284' title='bbox 1823 2794 1957 2857; x_wconf 87' lang='lat' dir='ltr'><strong>sine</strong></span> <span class='ocrx_word' id='word_1_285' title='bbox 1986 2791 2298 2870; x_wconf 86' lang='lat' dir='ltr'><strong>praesidio</strong></span> 
     </span>
     <span class='ocr_line' id='line_1_33' title="bbox 237 2873 2299 2956; baseline 0.001 -20"><span class='ocrx_word' id='word_1_286' title='bbox 237 2873 419 2936; x_wconf 87' lang='lat' dir='ltr'><strong>obiici</strong></span> <span class='ocrx_word' id='word_1_287' title='bbox 458 2891 666 2950; x_wconf 89' lang='lat' dir='ltr'><strong>posse.</strong></span> <span class='ocrx_word' id='word_1_288' title='bbox 747 2876 850 2938; x_wconf 87' lang='grc'><strong>83.</strong></span> <span class='ocrx_word' id='word_1_289' title='bbox 892 2877 1001 2938; x_wconf 90' lang='lat' dir='ltr'><strong>His</strong></span> <span class='ocrx_word' id='word_1_290' title='bbox 1032 2878 1213 2940; x_wconf 89' lang='lat' dir='ltr'><strong>tantis</strong></span> <span class='ocrx_word' id='word_1_291' title='bbox 1249 2879 1312 2939; x_wconf 91' lang='lat' dir='ltr'><strong>in</strong></span> <span class='ocrx_word' id='word_1_292' title='bbox 1344 2880 1530 2941; x_wconf 88' lang='lat' dir='ltr'><strong>rebus</strong></span> <span class='ocrx_word' id='word_1_293' title='bbox 1569 2881 1877 2956; x_wconf 86' lang='lat' dir='ltr'><strong>tantisque</strong></span> <span class='ocrx_word' id='word_1_294' title='bbox 1917 2878 1976 2940; x_wconf 91' lang='lat' dir='ltr'><strong>in</strong></span> <span class='ocrx_word' id='word_1_295' title='bbox 2007 2874 2299 2953; x_wconf 86' lang='lat' dir='ltr'><strong>periculis</strong></span> 
     </span>
     <span class='ocr_line' id='line_1_34' title="bbox 236 2960 2300 3046; baseline 0 -28"><span class='ocrx_word' id='word_1_296' title='bbox 236 2967 333 3019; x_wconf 86' lang='lat' dir='ltr'><strong>est</strong></span> <span class='ocrx_word' id='word_1_297' title='bbox 364 2966 550 3046; x_wconf 89' lang='lat' dir='ltr'><strong>tuum,</strong></span> <span class='ocrx_word' id='word_1_298' title='bbox 584 2960 665 3020; x_wconf 92' lang='grc' dir='ltr'><strong>Μ.</strong></span> <span class='ocrx_word' id='word_1_299' title='bbox 695 2961 859 3035; x_wconf 88' lang='lat' dir='ltr'><strong>Cato,</strong></span> <span class='ocrx_word' id='word_1_300' title='bbox 896 2961 1001 3038; x_wconf 89' lang='lat' dir='ltr'><strong>qui</strong></span> <span class='ocrx_word' id='word_1_301' title='bbox 1028 2961 1174 3022; x_wconf 84' lang='lat' dir='ltr'><strong>mihi</strong></span> <span class='ocrx_word' id='word_1_302' title='bbox 1208 2979 1333 3024; x_wconf 87' lang='lat' dir='ltr'><strong>non</strong></span> <span class='ocrx_word' id='word_1_303' title='bbox 1365 2962 1492 3036; x_wconf 92' lang='lat' dir='ltr'><strong>tibi,</strong></span> <span class='ocrx_word' id='word_1_304' title='bbox 1528 2964 1642 3024; x_wconf 87' lang='lat' dir='ltr'><strong>sed</strong></span> <span class='ocrx_word' id='word_1_305' title='bbox 1676 2963 1908 3040; x_wconf 86' lang='lat' dir='ltr'><strong>patriae</strong></span> <span class='ocrx_word' id='word_1_306' title='bbox 1941 2970 2118 3022; x_wconf 86' lang='lat' dir='ltr'><strong>natus</strong></span> <span class='ocrx_word' id='word_1_307' title='bbox 2153 2975 2300 3020; x_wconf 89' lang='lat' dir='ltr'><strong>esse</strong></span> 
     </span>
     <span class='ocr_line' id='line_1_35' title="bbox 234 3027 2300 3119; baseline 0 -17"><span class='ocrx_word' id='word_1_308' title='bbox 234 3027 501 3117; x_wconf 78' lang='lat' dir='ltr'><strong>videriS,</strong></span> <span class='ocrx_word' id='word_1_309' title='bbox 523 3040 735 3104; x_wconf 87' lang='lat' dir='ltr'><strong>videre</strong></span> <span class='ocrx_word' id='word_1_310' title='bbox 768 3045 913 3118; x_wconf 90' lang='lat' dir='ltr'><strong>quid</strong></span> <span class='ocrx_word' id='word_1_311' title='bbox 942 3053 1172 3119; x_wconf 79' lang='lat' dir='ltr'><strong>agatur,</strong></span> <span class='ocrx_word' id='word_1_312' title='bbox 1208 3047 1468 3108; x_wconf 86' lang='lat' dir='ltr'><strong>retinere</strong></span> <span class='ocrx_word' id='word_1_313' title='bbox 1495 3047 1854 3118; x_wconf 85' lang='lat' dir='ltr'><strong>adiutorem,</strong></span> <span class='ocrx_word' id='word_1_314' title='bbox 1888 3047 2300 3116; x_wconf 82' lang='lat' dir='ltr'><strong>defensorem,</strong></span> 
     </span>
     <span class='ocr_line' id='line_1_36' title="bbox 236 3123 2299 3206; baseline -0.001 -20"><span class='ocrx_word' id='word_1_315' title='bbox 236 3123 471 3186; x_wconf 82' lang='lat' dir='ltr'><strong>socium</strong></span> <span class='ocrx_word' id='word_1_316' title='bbox 510 3124 573 3186; x_wconf 92' lang='lat' dir='ltr'><strong>in</strong></span> <span class='ocrx_word' id='word_1_317' title='bbox 615 3140 684 3185; x_wconf 90' lang='lat' dir='ltr'><strong>re</strong></span> <span class='ocrx_word' id='word_1_318' title='bbox 733 3127 1006 3203; x_wconf 90' lang='lat' dir='ltr'><strong>publica,</strong></span> <span class='ocrx_word' id='word_1_319' title='bbox 1062 3132 1378 3190; x_wconf 89' lang='lat' dir='ltr'><strong>consulem</strong></span> <span class='ocrx_word' id='word_1_320' title='bbox 1419 3147 1562 3191; x_wconf 91' lang='lat' dir='ltr'><strong>non·</strong></span> <span class='ocrx_word' id='word_1_321' title='bbox 1585 3130 1902 3206; x_wconf 88' lang='lat' dir='ltr'><strong>cupidum,</strong></span> <span class='ocrx_word' id='word_1_322' title='bbox 1961 3127 2299 3202; x_wconf 87' lang='lat' dir='ltr'><strong>consulem,</strong></span> 
     </span>
     <span class='ocr_line' id='line_1_37' title="bbox 236 3206 2299 3288; baseline 0 -19"><span class='ocrx_word' id='word_1_323' title='bbox 236 3210 403 3281; x_wconf 86' lang='lat' dir='ltr'><strong>quod</strong></span> <span class='ocrx_word' id='word_1_324' title='bbox 446 3206 707 3268; x_wconf 85' lang='lat' dir='ltr'><strong>maxime</strong></span> <span class='ocrx_word' id='word_1_325' title='bbox 745 3216 986 3284; x_wconf 88' lang='lat' dir='ltr'><strong>tempus</strong></span> <span class='ocrx_word' id='word_1_326' title='bbox 1024 3210 1144 3272; x_wconf 91' lang='lat' dir='ltr'><strong>hoc</strong></span> <span class='ocrx_word' id='word_1_327' title='bbox 1184 3213 1482 3288; x_wconf 87' lang='lat' dir='ltr'><strong>postulat,</strong></span> <span class='ocrx_word' id='word_1_328' title='bbox 1525 3215 1764 3275; x_wconf 80' lang='lat' dir='ltr'><strong>fortuna</strong></span> <span class='ocrx_word' id='word_1_329' title='bbox 1798 3210 2186 3274; x_wconf 86' lang='lat' dir='ltr'><strong>constitutum</strong></span> <span class='ocrx_word' id='word_1_330' title='bbox 2215 3209 2299 3270; x_wconf 89' lang='lat' dir='ltr'><strong>ad</strong></span> 
     </span>
     <span class='ocr_line' id='line_1_38' title="bbox 234 3291 2298 3372; baseline 0.001 -23"><span class='ocrx_word' id='word_1_331' title='bbox 234 3291 707 3366; x_wconf 86' lang='lat' dir='ltr'><strong>amplexandum</strong></span> <span class='ocrx_word' id='word_1_332' title='bbox 758 3291 978 3366; x_wconf 89' lang='lat' dir='ltr'><strong>otium,</strong></span> <span class='ocrx_word' id='word_1_333' title='bbox 1024 3292 1282 3356; x_wconf 78' lang='lat' dir='ltr'><strong>scientia</strong></span> <span class='ocrx_word' id='word_1_334' title='bbox 1308 3296 1390 3356; x_wconf 89' lang='lat' dir='ltr'><strong>ad</strong></span> <span class='ocrx_word' id='word_1_335' title='bbox 1428 3297 1652 3358; x_wconf 89' lang='lat' dir='ltr'><strong>bellum</strong></span> <span class='ocrx_word' id='word_1_336' title='bbox 1689 3296 2050 3372; x_wconf 80' lang='lat' dir='ltr'><strong>gerendum,</strong></span> <span class='ocrx_word' id='word_1_337' title='bbox 2091 3293 2298 3354; x_wconf 88' lang='lat' dir='ltr'><strong>animo</strong></span> 
     </span>
     <span class='ocr_line' id='line_1_39' title="bbox 234 3374 1791 3453; baseline 0.008 -22"><span class='ocrx_word' id='word_1_338' title='bbox 234 3381 297 3432; x_wconf 80' lang='lat' dir='ltr'><strong>et</strong></span> <span class='ocrx_word' id='word_1_339' title='bbox 324 3390 443 3434; x_wconf 90' lang='lat' dir='ltr'><strong>usu</strong></span> <span class='ocrx_word' id='word_1_340' title='bbox 471 3375 549 3434; x_wconf 90' lang='lat' dir='ltr'><strong>ad</strong></span> <span class='ocrx_word' id='word_1_341' title='bbox 581 3374 749 3450; x_wconf 89' lang='lat' dir='ltr'><strong>quod</strong></span> <span class='ocrx_word' id='word_1_342' title='bbox 776 3375 931 3437; x_wconf 84' lang='lat' dir='ltr'><strong>velis</strong></span> <span class='ocrx_word' id='word_1_343' title='bbox 962 3378 1289 3453; x_wconf 76' lang='lat' dir='ltr'><strong>negotium.</strong></span> <span class='ocrx_word' id='word_1_344' title='bbox 1777 3406 1791 3423; x_wconf 91' lang='lat'><strong>·</strong></span> 
     </span>
    </p>
   </div>
  </div>
 </body>
</html>
