2459 3817
765 163 913 224 cAP
969 173 1231 226 10-12.
1277 168 1329 230 s.
1358 141 1612 228 ιε’-29.
1929 257 1953 274 Ι
2106 160 2231 226 239

173 320 530 392 perpetuum
559 322 974 390 comparatum
1015 322 1141 387 est,
1203 331 1425 390 magna
1464 313 1526 374 in
1572 331 1641 376 re
1670 315 1913 391 publica
1946 316 2229 395 dignitas,

175 415 331 474 quae
373 414 470 458 me
509 415 753 474 semper
793 398 974 460 tacita
1029 398 1345 472 defendet,
1399 415 1619 474 magna
1658 401 1753 460 vis
1798 403 2233 477 conscientiae,

173 498 351 558 quam
384 479 491 557 qui
520 481 844 558 negligunt,
876 497 1060 558 quum
1091 497 1188 544 me
1219 480 1457 543 violare
1486 483 1721 556 volent,
1751 499 1821 544 se
1848 483 1969 560 ipsi
1998 484 2230 546 indica-

169 567 332 626 bunt.
375 565 478 626 28.
506 565 616 626 Est
639 565 818 626 etiam
841 565 900 625 in
925 563 1104 628 nobis
1127 563 1181 625 is
1209 564 1469 640 animuS,
1501 564 1781 642 Quirites,
1804 575 1869 628 ut
1892 584 2014 629 non
2044 570 2229 630 modo

168 647 388 708 nullius
423 649 717 708 audaciae
745 649 1035 710 cedamus
1055 694 1070 721 ,
1112 648 1225 709 sed
1258 647 1437 710 etiam
1476 665 1689 709 omnes
1724 647 2041 726 improbos
2069 653 2228 713 ultro

170 747 410 806 semper
435 731 837 792 lacessamus.
927 731 1105 806 Quod
1145 731 1195 792 si
1228 733 1429 791 onmis
1458 730 1724 808 impetus
1754 734 2229 797 domesticorum

168 813 450 886 hostium,
483 815 784 890 depulsus
814 830 852 875 a
876 814 1080 888 vobis,
1114 830 1184 874 se
1211 813 1273 874 in
1297 831 1394 874 me
1418 830 1599 874 unum
1626 816 2013 891 converterit,
2047 819 2228 879 vobis

169 896 276 958 erit
309 895 774 973 providendum,
807 897 1086 971 QuiriteS,
1117 913 1241 972 qua
1270 896 1633 957 condicione
1664 899 1924 972 posthac
1948 914 2058 960 eos
2084 917 2229 961 esse

167 979 383 1053 velitis,
414 979 518 1056 qui
549 997 620 1042 se
649 997 764 1056 pro
801 983 997 1042 salute
1026 989 1232 1041 vestra
1261 978 1587 1041 obtulerint
1614 978 1883 1042 invidiae
1913 981 2225 1058 periculis‹

169 1079 288 1138 que
317 1063 628 1125 omnibusz
657 1062 804 1123 mihi
841 1062 1086 1138 quidem
1117 1061 1240 1138 ipsi
1276 1061 1423 1138 quid
1459 1071 1555 1123 est
1587 1064 1755 1138 quod
1796 1065 1915 1124 iam
1958 1066 2040 1126 ad
2068 1067 2229 1126 vitae

171 1147 426 1206 fructum
457 1144 657 1221 possit
689 1143 960 1220 adquiri,
1015 1162 1201 1220 quum
1247 1144 1605 1220 praesertim
1650 1161 1853 1220 neque
1893 1149 1954 1207 in
1994 1147 2229 1210 honore

169 1236 374 1288 vestro
408 1244 610 1302 neque
645 1227 704 1286 in
735 1227 929 1302 gloria
957 1227 1192 1288 virtutis
1223 1227 1556 1303 quidquam
1586 1228 1829 1289 videam
1862 1229 2072 1304 altiuS,
2105 1247 2230 1306 quo

168 1309 310 1370 mihi
343 1311 528 1371 libeat
559 1310 944 1371 ascendere?
1025 1310 1129 1372 29.
1170 1311 1325 1372 Illud
1353 1313 1633 1388 profecto
1662 1313 1998 1389 perficiam,
2033 1313 2228 1390 Quiri-

166 1403 276 1466 teS,
309 1401 377 1455 ut
404 1411 496 1470 ea,
526 1410 686 1468 quae
713 1392 884 1470 gessi
913 1393 974 1455 in
1007 1395 1357 1466 consulatu,
1394 1393 1667 1471 privatus
1709 1404 1885 1458 tuear
1915 1407 2101 1475 atque
2132 1415 2229 1460 or-

165 1493 320 1548 nem,
351 1485 434 1552 ut,
467 1475 522 1538 si
555 1494 676 1553 qua
709 1485 805 1538 est
835 1477 1064 1538 invidia
1089 1479 1515 1540 conservanda
1541 1495 1609 1539 re
1637 1480 1887 1554 publica
1916 1490 2228 1559 suscepta,

167 1561 368 1622 laedat
393 1559 662 1634 invidoS,
691 1559 836 1621 mihi
860 1562 1058 1624 valeat
1089 1562 1170 1622 ad
1195 1561 1467 1638 gloriam.
1524 1563 1806 1638 Denique
1834 1564 1918 1625 ita
1944 1582 2043 1625 me
2070 1565 2130 1625 in
2162 1581 2230 1624 re

167 1642 408 1719 publica
428 1645 720 1719 tractabO,
743 1651 809 1706 ut
829 1645 1202 1706 meminerim
1225 1661 1473 1721 semper
1494 1661 1655 1720 quae
1678 1647 1976 1721 gesserim
1994 1663 2230 1707 curem·

168 1742 290 1802 que
315 1735 382 1788 ut
409 1743 484 1788 ea
514 1725 755 1801 virtute,
784 1744 906 1788 non
927 1744 1079 1790 casu
1106 1737 1281 1804 gesta
1300 1744 1443 1788 esse
1467 1727 1811 1788 videantur.
1846 1731 2000 1802 voe,
2034 1728 2226 1803 Quiri.

165 1817 288 1883 ωε,
335 1808 625 1885 quoniam
653 1808 773 1870 iam
804 1827 931 1871 nox
959 1819 1082 1884 est,
1122 1808 1397 1871 venerati
1424 1810 1664 1883 Iovem,
1698 1809 1865 1870 illum
1910 1812 2229 1872 custodem

165 1892 346 1954 huius
367 1891 538 1952 urbis
567 1907 639 1953 ac
667 1900 956 1964 vestrum,
987 1893 1050 1952 in
1076 1902 1279 1953 vestra
1300 1899 1459 1952 tecta
1483 1890 1781 1953 discedite
1804 1900 1867 1954 et
1892 1908 1985 1966 ea,
2018 1909 2229 1970 quam-

165 1991 350 2052 quam
379 1974 498 2035 iam
540 1981 636 2034 est
672 1973 1009 2048 periculum
1040 1975 1397 2049 depulsum,
1452 1981 1652 2035 tamen
1688 1991 1888 2050 aeque
1920 1991 1994 2037 ac
2023 1976 2231 2053 priore

163 2065 345 2119 nocte
361 2054 658 2118 custodiis
675 2055 1022 2133 vigiliisque
1037 2056 1364 2120 defendite.
1381 2057 1446 2116 Id
1463 2073 1540 2117 ne
1566 2057 1744 2118 vobis
1759 2057 1986 2121 diutius
2002 2059 2229 2120 facien-

165 2141 310 2204 dum
353 2139 432 2202 sit
465 2147 650 2217 atque
690 2149 758 2202 ut
787 2138 849 2201 in
879 2150 1178 2218 perpetua
1219 2156 1375 2218 pace
1404 2155 1547 2200 esse
1578 2141 1835 2216 possitis
1865 2142 2228 2220 providebo.

1330 2352 1392 2364 —·

555 2511 642 2593 M.
727 2509 1138 2593 TULLII
1225 2507 1859 2592 CICERONIS

453 2635 774 2734 ORATIO
825 2635 1072 2746 QUAM
1111 2634 1437 2728 HABUss'
1489 2634 1576 2726 IN
1616 2633 1937 2728 SENATU

785 2783 1012 2869 nolus
1051 2779 1640 2867 numillimus,

865 3049 1535 3112 ARGUMENTUM.

313 3163 480 3225 Quum
517 3163 589 3217 M.
625 3163 798 3217 Cicero
842 3163 1017 3216 consul
1035 3165 1191 3216 Nonis
1219 3167 1583 3218 Decembribus
1618 3173 1845 3218 senatum
1880 3169 1932 3218 in
1964 3171 2091 3218 aede
2110 3163 2243 3215 Iovis

169 3230 388 3284 Statoris
441 3237 752 3296 consuleret,
811 3237 934 3298 quid
983 3237 1050 3287 de
1104 3235 1168 3284 iis
1219 3237 1580 3287 coniurationis
1628 3237 1867 3287 Catilinae
1920 3237 2073 3285 melis
2136 3233 2244 3284 fieri

167 3301 397 3368 placeret
415 3338 432 3364 ,
474 3314 562 3366 qul
601 3308 656 3353 in
686 3308 970 3354 custodiam
1000 3304 1174 3354 traditi
1221 3318 1418 3371 essent,
1468 3305 1660 3355 factum
1691 3319 1797 3364 est,
1833 3314 1891 3352 ut
1930 3305 2059 3354 duae
2083 3301 2241 3367 potis·

168 3371 358 3422 sinum
409 3373 690 3422 sententiae
733 3380 1164 3436 proponerentur,
1205 3391 1308 3426 una
1364 3375 1430 3427 D.
1482 3373 1642 3422 Silani
1695 3371 1919 3421 consulis
1968 3369 2241 3436 designati.
