2459 3817
554 124 560 129 ’
592 151 761 213 CAP.
793 157 1030 210 31—33.
1061 158 1113 219 §-
1145 156 1384 211 64-69,
1914 139 2040 227 275

140 318 381 378 XXXII.
418 317 519 379 67.
564 317 692 390 Qua
714 335 783 379 re
806 326 873 379 ut
894 318 973 378 ad
997 316 1075 389 id,
1103 317 1272 391 quod
1295 314 1540 387 institui,
1568 326 1859 389 revertar,
1887 318 2030 378 tolle

0 400 120 461 nihi
139 418 176 461 e
198 418 389 462 causa
411 418 635 462 nomen
652 402 929 463 Catonis:
955 418 1210 463 remove
1327 402 1745 478 praetermitte
1767 400 2029 462 auctori-

0 498 183 562 atem,
228 505 387 564 quae
414 488 476 549 in
511 487 752 549 iudiciis
784 498 889 549 aut
915 487 1062 547 nihil
1098 489 1302 549 valere
1330 496 1434 549 aut
1460 489 1540 547 ad
1572 490 1828 548 salutem
1858 488 2039 548 debet

0 574 206 632 *alet-ez
253 573 633 647 congredere
664 587 901 631 mecum
938 570 1290 632 criminibus
1319 570 1494 647 ipsis.
1569 570 1726 645 Quid
1753 586 2036 643 accusaS,

0 658 162 715 zato?
206 654 354 730 quid
393 656 599 715 adfers
642 655 724 714 ad
754 654 1087 715 iudicium?
1128 654 1276 730 quid
1309 652 1561 729 arguis?
1601 654 1908 715 Ambitum
1937 670 2037 714 ac-

0 754 185 800 :usase
218 752 342 797 non
367 739 653 799 defendo.
716 738 817 799 Me
844 736 1266 815 reprehendiS‚
1306 738 1473 813 quod
1501 735 1663 797 idem
1691 738 2037 811 defendam,

0 822 140 897 {uod
178 820 316 895 lege
356 821 721 897 poenierim:
788 820 1038 897 poenivi
1078 820 1398 895 ambitum,
1454 836 1578 880 non
1612 819 2038 882 innocentiam.

0 904 272 965 imbitum
311 920 457 966 vero
488 907 691 981 ipsum
722 906 820 965 vel
858 913 1059 965 tecum
1088 906 1428 975 accumbe,
1471 904 1524 962 si
1563 905 1758 964 voles.
1822 903 2040 964 Dixisti

4 993 217 1048 enatus
265 992 611 1049 consultum
664 1004 761 1048 me
802 989 1107 1049 referente
1157 1004 1301 1049 esse
1349 989 1601 1046 factum=
1666 1002 1722 1046 Sl
1768 1002 2040 1045 nutriemur

0 1086 255 1129 xomium-1
286 1085 524 1130 OBVIAH
552 1088 910 1131 camimum
944 1087 1165 1144 1ssnm,
1201 1089 1259 1131 si
1295 1087 1577 1131 connuc'ri
1606 1084 2041 1141 sncunnmnn,

0 1171 29 1211 ¹1
69 1169 548 1213 cunni-omnus
590 1169 782 1213 vomo
828 1170 1011 1212 Locus
1051 1170 1335 1213 'mmmm
1381 1170 1454 1212 Er
1501 1168 1641 1212 iri-:u
1686 1168 1952 1212 pannum
1984 1168 2040 1211 s1

0 1251 167 1294 runco
194 1252 413 1295 Essem·
438 1253 619 1307 nA‘rA,
652 1251 886 1295 com-M
915 1252 1109 1296 LEGEM
1134 1238 1523 1297 capuanum
1552 1252 1785 1296 merum
1816 1251 2040 1295 vmmu.

0 1320 132 1394 Ergo
173 1317 255 1379 ita
295 1328 545 1380 senatus
589 1321 640 1379 si
682 1318 937 1391 iudicat,
985 1328 1197 1380 contra
1229 1322 1425 1394 legem
1456 1322 1616 1381 facta
1645 1321 1798 1380 haec
1827 1319 2040 1391 videri,

0 1402 26 1462 ¹i
55 1404 213 1461 sacta
241 1401 389 1473 sint,
438 1403 734 1475 decernit,
786 1404 952 1477 quod
984 1404 1131 1463 nihil
1162 1420 1322 1479 opus
1353 1414 1478 1477 est,
1525 1406 1669 1464 dum
1701 1402 2040 1464 candidatis

0 1502 198 1547 norem
241 1485 411 1559 gerit.
486 1487 635 1547 Nam
670 1488 892 1549 factum
934 1486 1013 1548 sit
1052 1504 1246 1548 necne
1286 1488 1676 1549 vehementer
1711 1486 2045 1563 quaeritur:

0 1566 27 1626 Ji
70 1570 287 1630 sactu-m
324 1578 445 1642 est,
495 1569 642 1645 quin
688 1579 900 1632 contra
933 1574 1129 1646 legem
1170 1574 1249 1632 sit
1292 1572 1567 1634 dubitare
1599 1589 1778 1632 nemo
1818 1578 2038 1646 potest.

0 1652 72 1714 ¹³8.
115 1653 222 1713 Est
249 1653 427 1727 igitur
461 1653 812 1726 ridiculum,
846 1656 1013 1730 quod
1042 1665 1137 1716 est
1165 1654 1446 1725 dubium,
1481 1654 1543 1714 id
1577 1655 1922 1728 relinquere
1948 1653 2037 1712 in-

0 1743 229 1797 :ertumz
270 1737 436 1811 quod
458 1736 682 1797 nemini
711 1737 959 1798 dubium
986 1746 1189 1812 potest
1216 1754 1379 1808 esse,
1412 1737 1475 1796 id
1506 1736 1795 1796 iudicare.
1837 1738 2038 1809 Atque

0 1820 31 1878 d
65 1819 414 1879 decernitur
443 1817 727 1880 omnibus
757 1821 1208 1894 postulantibus
1241 1818 1609 1892 candidatiS‚
1657 1825 1724 1878 ut
1753 1835 1831 1877 ex
1864 1834 2038 1877 sena-

0 1920 68 1963 us
111 1904 392 1963 consulto
436 1918 641 1976 neque
681 1902 857 1962 cuius
889 1902 1127 1963 intersit
1154 1918 1359 1975 neque
1393 1911 1604 1961 contra
1633 1915 1817 1975 quem
1846 1900 1925 1961 sit
1952 1900 2039 1958 in·

0 1984 158 2060 elligi
186 1984 405 2058 possit.
484 1983 614 2058 Qua
641 2001 711 2044 re
740 1986 897 2045 doce
924 2002 961 2044 a
989 1986 1055 2045 L.
1085 1986 1341 2045 Murena
1371 1984 1473 2043 illa
1508 2001 1652 2046 esse
1683 1983 2036 2045 commissu

0 2086 95 2131 um
130 2073 373 2141 egomet
405 2065 512 2128 tibi
548 2076 759 2128 contra
788 2069 981 2142 legem
1012 2068 1344 2128 commissa
1372 2083 1516 2129 esse
1547 2068 1901 2129 concedam.

137 2150 400 2209 XXXIII.
456 2150 626 2211 Multi
677 2152 918 2211 obviam
966 2152 1324 2227 prodierunt
1372 2152 1449 2212 de
1499 2151 1816 2227 provincia
1862 2152 2039 2211 dece·

0 2232 155 2306 lenti,
194 2234 575 2294 consulatum
592 2234 843 2309 petenti.
902 2235 1073 2297 Solet
1099 2236 1252 2296 fieri.
1301 2235 1488 2295 Eccui
1519 2244 1718 2296 autem
1749 2251 1870 2294 non
1901 2250 2040 2308 pro—

0 2318 133 2378 litur
162 2316 531 2378 revertenti?
588 2318 757 2390 Quae
788 2317 901 2379 fuit
929 2318 1049 2380 ista
1078 2318 1444 2380 multitudo?
1497 2318 1791 2390 Primum,
1841 2318 1893 2377 si
1935 2314 2040 2377 tibi

0 2410 151 2461 stam
178 2400 473 2461 rationem
507 2418 627 2461 non
661 2400 894 2476 possim
929 2403 1208 2476 reddere,
1243 2404 1389 2477 quid
1421 2403 1605 2463 habet
1624 2399 2039 2462 admirationis

0 2482 75 2543 ali
110 2484 238 2544 viro
282 2483 662 2556 advenienti,
708 2485 1033 2546 candidato
1082 2486 1420 2558 consulari,
1472 2485 1712 2547 obviam
1755 2483 2042 2560 prodisse

0 2568 239 2627 nultos?
273 2568 441 2642 quod
473 2568 589 2628 nisi
624 2578 793 2629 esset
821 2571 1074 2642 factum,
1109 2573 1304 2645 magis
1338 2570 1677 2630 mirandum
1711 2567 2040 2629 videretur.

0 2649 73 2710 59.
118 2649 303 2724 Quid,
355 2650 408 2711 si
450 2652 631 2711 etiam
671 2651 820 2713 illud
853 2654 1104 2725 addam,
1151 2655 1321 2728 quod
1362 2671 1400 2713 a
1434 2650 1876 2713 consuetudine
1919 2667 2039 2711 non

0 2734 287 2803 ibhorret‚
325 2744 576 2808 rogatos
610 2750 753 2795 esse
784 2738 1039 2809 multos,
1091 2755 1238 2798 num
1271 2746 1376 2796 aut
1409 2735 1802 2796 criminosum
1835 2735 1913 2795 sit
1940 2742 2041 2795 aut

0 2816 342 2888 nirandum‚
393 2833 516 2890 qua
554 2816 615 2876 in
658 2818 900 2879 civitate
938 2822 1134 2894 rogati
1164 2820 1510 2879 infimorum
1542 2818 1852 2880 hominum
1882 2816 2042 2877 filios

0 2916 171 2975 »rope
211 2899 289 2960 de
329 2911 511 2961 nocte
552 2915 631 2960 ex
672 2900 877 2961 ultima
920 2919 1113 2976 saepe
1149 2904 1299 2963 urbe
1344 2902 1672 2963 deductum
1702 2900 1912 2963 venire
1942 2918 2041 2961 so·

0 2998 227 3055 eanuS‚
260 2984 321 3042 in
352 3000 427 3043 ea
456 3001 573 3044 non
606 3000 751 3044 esse
778 2992 1067 3059 gravatos
1095 2986 1375 3046 homines
1406 2985 1656 3060 prodire
1690 2984 1842 3045 hora
1869 2983 2043 3045 tertia

0 3082 34 3124 n
80 3082 361 3141 campum
393 3065 704 3139 Martium,
752 3067 1107 3142 praesertim
1146 3068 1284 3129 talis
1323 3067 1436 3128 viri
1467 3068 1709 3130 nomine
1750 3074 2046 3141 rogatos?

0 3147 151 3221 Quid,
184 3152 236 3210 si
260 3166 474 3211 omnes
506 3150 833 3212 societates
861 3161 1170 3220 venerunt,
1208 3169 1464 3229 quarum
1487 3169 1564 3213 ex
1594 3168 1847 3213 numero
1877 3149 2043 3209 multi

0 3231 195 3293 sedent
234 3232 514 3294 iudices?
570 3235 747 3309 quid,
801 3234 854 3295 si
897 3236 1064 3296 multi
1102 3235 1382 3297 homines
1422 3236 1617 3298 nostri
1663 3232 1892 3295 ordinis
1934 3232 2043 3291 ho-

0 3313 351 3376 nestissimi?
391 3316 558 3392 quid,
588 3317 643 3377 si
670 3318 771 3377 illa
800 3318 1272 3389 officiosissima,
1307 3335 1467 3393 quae
1493 3318 1796 3379 neminem
1822 3313 2045 3389 patitur

0 3412 98 3457 ion
130 3398 389 3462 honeste
416 3400 477 3461 in
506 3400 719 3461 urbem
748 3399 1025 3473 introire,
1071 3411 1196 3462 tota
1239 3401 1400 3462 natio
1445 3400 1949 3528 candiiigtprum?
1992 3405 2043 3460 si
