2459 3817
258 153 379 219 144
686 161 760 221 ΙΝ
809 164 869 221 C.
911 164 1242 228 VERREM
1282 166 1454 227 ACT.
1500 168 1572 226 11.
1617 166 1761 227 LIB.
1805 167 1884 225 V.
2211 175 2306 228 314

258 340 443 399 quum
468 328 845 389 mercaturas
869 329 1142 389 facerent
1164 337 1268 391 aut
1281 330 1544 405 aliquam
1568 333 1646 393 ob
1664 346 1911 391 causam
1934 330 2305 405 navigarent,

257 422 370 467 sua
407 408 727 469 voluntate
767 426 903 471 cum
942 412 1154 486 piratis
1197 412 1392 473 ruisse
1427 416 1744 487 arguebat.
1816 414 2032 474 ltaoue
2061 420 2187 473 tum
2214 413 2300 475 atii

268 492 436 555 cives
464 492 861 567 Romani‚‘ne
890 502 1436 569 cognoscerentur,
1479 494 1765 555 involutis
1795 510 1831 553 e
1861 508 2107 573 carcere
2143 492 2301 569 capi·

268 575 427 637 tibus
458 576 537 636 ad
567 576 771 651 palum
814 583 997 653 atque
1031 576 1110 635 ad
1143 592 1355 636 necem
1397 576 1818 651 rapiebantur:
1866 575 1996 647 alii,
2049 594 2230 651 quum
2267 594 2302 636 a

264 659 465 719 mulus
498 656 732 719 civibus
764 658 1053 720 Romanis
1084 668 1626 733 cognoscerentur,
1683 658 1758 717 ab
1789 658 2067 720 omnibus
2099 660 2300 719 desen-

267 743 579 813 derentur‚
622 740 823 802 securi
870 740 1254 801 feriebantur.
1333 742 1596 815 Quorum
1644 756 1758 817 ego
1801 741 1880 801 de
1909 739 2300 801 acerbissima

266 831 459 884 morte
502 822 1051 899 crudelissimoque
1090 822 1360 884 cruciatu
1401 824 1628 895 dicam,
1683 838 1865 897 quum
1919 840 2055 883 eum
2107 825 2300 883 locum

267 913 523 966 tractare
556 922 849 981 coepero,
900 914 959 967 et
992 906 1074 966 ita
1103 906 1332 980 dicam,
1361 913 1454 977 ut,
1501 905 1678 966 sime
1710 904 1769 963 in
1805 921 1878 965 ea
1910 904 2297 983 querimonia,

270 1002 451 1064 quam
493 1004 625 1048 sum
651 988 963 1049 habiturus
994 989 1071 1049 de
1100 986 1276 1049 istius
1309 988 1658 1049 crudelitate
1714 994 1772 1046 et
1821 988 1897 1047 de
1937 986 2158 1047 civium
2186 988 2300 1049 Ro—

265 1086 578 1131 manorum
607 1068 1025 1147 indignissima
1058 1079 1281 1145 morte,
1314 1087 1436 1131 non
1465 1072 1646 1131 modo
1677 1070 1858 1142 vireS,
1889 1086 2100 1131 verum
2129 1070 2298 1131 etiam

266 1154 388 1213 vita
403 1153 661 1227 deficiat,
685 1153 747 1213 id
770 1152 913 1213 mihi
936 1154 1314 1229 praeclarum
1335 1162 1394 1215 et
1415 1152 1742 1213 iucundum
1765 1158 1990 1229 putem.
2015 1148 2112 1214 73.
2138 1152 2300 1212 Haec

266 1234 445 1311 igitur
474 1244 568 1297 est
596 1244 769 1311 gesta
797 1251 927 1317 reS,
958 1236 1112 1295 haec
1140 1235 1392 1298 victoria
1421 1236 1761 1311 praeclara:
1807 1232 2182 1313 myoparone
2215 1233 2305 1311 pi-

265 1318 453 1379 ratico
488 1326 698 1393 capto,
727 1318 851 1379 dux
880 1317 1185 1389 liberatuS‚
1219 1316 1644 1397 symphoniaci
1671 1320 1923 1378 Romam
1953 1316 2154 1377 missi:
2187 1318 2296 1377 sor-

266 1400 423 1461 mosi
451 1398 725 1462 homines
756 1408 816 1461 et
845 1400 1270 1461 adolescentes
1300 1410 1358 1461 et
1385 1400 1646 1462 artifices
1667 1402 1910 1461 domum
1937 1399 2210 1459 abducti:
2242 1399 2299 1458 in

268 1500 478 1545 eorum
512 1484 713 1543 locum
742 1489 802 1543 et
828 1483 906 1542 ad
933 1498 1142 1543 eorum
1184 1498 1494 1543 numerum
1536 1482 1704 1543 cives
1731 1482 1986 1544 Romani
2025 1481 2302 1542 hostilem

267 1566 326 1626 in
356 1566 602 1626 modum
634 1563 879 1626 cruciati
911 1572 971 1627 et
1002 1566 1226 1626 necati:
1275 1564 1469 1627 omnis
1498 1564 1689 1626 vestis
1719 1566 1945 1641 ablata,
1990 1580 2167 1626 omne
2198 1581 2298 1625 au·

267 1664 397 1709 rum
428 1655 488 1708 et
516 1655 827 1722 argentum
856 1648 1117 1709 ablatum
1148 1656 1207 1709 et
1235 1665 1534 1710 aversum.

431 1728 635 1791 XXIX.
667 1732 749 1791 At
770 1746 949 1806 quem
972 1732 1051 1791 ad
1073 1731 1322 1793 modum
1342 1731 1478 1806 ipse
1501 1748 1568 1793 se
1590 1729 1783 1792 induit
1803 1728 2004 1805 priore
2027 1728 2304 1789 actione?

270 1812 380 1889 Qui
412 1822 497 1875 tot
525 1812 659 1874 dies
688 1814 992 1887 tacuisset,
1020 1822 1272 1889 repente
1300 1813 1360 1873 in
1392 1814 1472 1874 M.
1503 1812 1716 1885 Annii,
1748 1812 2008 1873 hominis
2039 1812 2302 1887 splendi-

268 1896 519 1969 dissimi,
552 1896 912 1969 testimonio,
948 1914 1129 1971 quum
1153 1896 1206 1957 is
1232 1895 1426 1957 civem
1446 1898 1782 1958 Romanum
1807 1894 2080 1971 dixisset,
2109 1893 2304 1955 archi-

266 1980 518 2057 piratam
548 1988 837 2053 negasset
872 1978 1071 2041 securi
1105 1996 1248 2041 esse
1275 1996 1654 2055 percussum,
1683 1977 1954 2039 exsiluit:
1987 1976 2302 2037 conscien—

267 2061 348 2121 tia
379 2059 628 2121 sceleris
672 2070 731 2121 et
768 2062 972 2121 furore
1005 2078 1083 2124 ex
1118 2061 1431 2123 maleficiis
1474 2070 1772 2138 concepto
1823 2060 2121 2121 excitatus
2155 2058 2304 2119 dixit

268 2158 367 2217 se,
409 2144 575 2217 quod
618 2144 799 2203 sciret
839 2142 954 2203 sibi
997 2142 1229 2203 crimini
1270 2145 1475 2206 datum
1516 2144 1588 2204 iri
1638 2143 1956 2219 pecuniam
1987 2141 2306 2217 accepisse

267 2243 466 2301 neque
488 2225 564 2285 de
600 2240 743 2285 vero
775 2225 1137 2301 archipirata
1168 2226 1510 2301 sumpsisse
1535 2226 1915 2302 supplicium,
1944 2226 2082 2286 ideo
2115 2241 2185 2286 se
2207 2242 2303 2285 se·

267 2308 395 2371 curi
417 2326 535 2370 non
563 2306 977 2383 percussisse:
1007 2307 1169 2370 domi
1204 2323 1346 2370 esse
1375 2310 1537 2384 apud
1565 2326 1706 2372 sese
1735 2308 2124 2385 archipiratas
2155 2306 2308 2367 dixit

266 2394 442 2453 duos.
508 2390 609 2454 74.
654 2388 703 2449 Ο
734 2390 1109 2451 clementiam
1138 2391 1352 2467 populi
1384 2393 1638 2453 Rotnani
1681 2410 1792 2453 seu
1837 2390 2038 2467 potius
2072 2390 2299 2465 patien-

265 2474 407 2535 tiam
447 2473 658 2533 miram
701 2488 773 2532 ae
816 2471 1213 2548 singularem!
1293 2473 1498 2535 Civem
1525 2477 1861 2536 Romanum
1913 2472 2111 2535 securi
2161 2488 2305 2532 esse

268 2571 625 2633 percussum
675 2556 753 2614 Μ.
799 2556 1065 2631 AnniuS‚
1120 2572 1313 2632 eques
1343 2558 1680 2631 Romanus,
1728 2558 1899 2620 dicit:
1940 2566 2124 2618 taces.
2187 2555 2306 2614 Ar-

266 2637 617 2715 chipiratam
658 2646 869 2713 negat:
914 2637 1137 2700 fateris.
1212 2638 1306 2701 Fit
1353 2641 1608 2715 gemitus
1651 2642 1912 2702 omnium
1954 2647 2014 2699 et
2059 2640 2308 2713 clamor,

266 2738 451 2797 quum
483 2729 680 2782 tamen
710 2737 747 2779 a
776 2721 1084 2796 praesenti
1112 2722 1414 2797 supplicio
1451 2731 1554 2784 tuo
1587 2723 1879 2785 continuit
1899 2722 2164 2799 populus
2180 2721 2307 2780 Ro·

262 2820 479 2865 manus
520 2820 589 2864 se
634 2811 694 2864 et
728 2804 1024 2879 repressit
1060 2812 1120 2865 et
1167 2804 1379 2866 salutis
1407 2822 1558 2867 suae
1583 2806 1878 2869 rationem
1909 2804 2177 2866 iudicum
2205 2820 2308 2863 se-

266 2886 497 2948 veritati
538 2886 895 2948 reservavit.
960 2886 1161 2962 Quid:
1228 2887 1470 2949 sciebas
1512 2888 1619 2951 tibi
1661 2888 1892 2949 crimini
1945 2887 2147 2947 datum
2191 2884 2312 2945 iri-2

266 2970 453 3043 Quam
500 2968 578 3031 ob
622 2985 750 3029 rem
798 2970 1083 3031 sciebas?
1138 2988 1317 3045 quam
1360 2972 1438 3031 ob
1479 2988 1607 3032 rem
1645 2971 1827 3033 etiam
1869 2968 2314 3046 suspicabare?

264 3050 573 3114 Inimicum
602 3052 872 3115 habebas
900 3052 1217 3114 neminem.
1283 3053 1348 3115 Si
1377 3054 1664 3127 habereS,
1706 3063 1902 3115 tamen
1946 3068 2066 3112 non
2104 3051 2184 3113 ita
2219 3050 2309 3109 vi-

262 3151 475 3210 xeraS,
516 3144 581 3196 ut
610 3142 836 3195 metum
864 3135 1069 3197 iudicii
1098 3136 1478 3212 propositum
1507 3136 1731 3197 habere
1761 3138 2038 3197 deberes.
2098 3138 2196 3193 An
2229 3141 2309 3206 te,

261 3217 323 3278 id
356 3218 520 3293 quod
550 3215 681 3279 fieri
711 3218 893 3291 solet,
933 3218 1306 3281 conscientia
1339 3218 1609 3280 timidum
1651 3218 2188 3295 suspiciosumque
2223 3216 2308 3274 sa-

256 3298 495 3363 ciebat?
529 3304 640 3379 Qui
659 3303 862 3382 igitur,
891 3324 1077 3384 quum
1108 3325 1283 3371 esses
1316 3325 1453 3370 cum
1483 3308 1756 3386 imperio,
1787 3312 1905 3371 iam
1931 3318 2059 3372 tum
2085 3308 2320 3372 crimen

258 3388 318 3441 et
351 3380 633 3447 iudicium
668 3388 998 3465 horrueris,
1040 3391 1137 3453 hic
1177 3410 1367 3470 quum
1397 3400 1488 3454 tot
1519 3394 1778 3453 testibus
1817 3408 2172 3468 coarguare.
2205 3408 2319 3469 po-
