2459 3817
827 188 994 253 οΑΡ.
1024 182 1221 257 3—5.
1265 198 1318 260 s.
1347 190 1580 257 5—11.
2114 176 2248 255 225

146 362 313 424 gem
341 358 441 407 me
466 355 757 419 umquam
780 344 863 405 ad
893 350 957 406 te
986 341 1139 405 istas
1168 342 1407 406 litteras
1433 340 1724 405 misisse?
1786 356 1912 419 quo
1953 354 2053 405 me
2093 348 2254 406 teste

149 430 559 493 convincas?
618 429 717 487 An
762 426 1214 502 chirographo?
1251 428 1312 487 in
1346 441 1468 501 quo
1494 426 1687 487 habes
1715 424 2031 487 scientiam
2064 442 2250 502 quae-

158 522 469 575 stuosam.
509 509 624 585 Qui
660 508 911 585 possiet
956 504 1112 570 Sunt
1138 508 1298 570 enim
1327 508 1554 571 librarii
1583 524 1786 571 manu.
1839 511 1968 571 Iam
2001 508 2250 572 invideo

151 594 465 671 magistro
495 603 633 665 tuo,
678 590 783 669 qui
814 600 872 653 te
900 594 1066 653 tanta
1096 594 1412 668 mercede,
1456 600 1746 669 quantam
1771 591 1891 655 iam
1923 595 2247 670 proteram,

160 680 321 739 nihil
353 688 575 753 sapere
605 676 842 737 doceat.
922 674 987 735 9.
1020 675 1176 749 Quid
1210 678 1374 737 enim
1403 683 1502 737 est
1547 675 1746 738 minus
1790 687 1914 739 non
1941 676 2082 737 dico
2112 692 2247 738 ora-

156 762 355 835 toris,
384 761 499 821 sed
533 758 795 820 hominis
824 772 1008 834 quam
1037 759 1102 818 id
1134 759 1404 821 obiicere
1431 758 1820 831 adversario,
1865 761 2034 836 quod
2062 759 2164 821 ille
2193 758 2248 821 si

161 844 363 907 verbo
395 843 644 919 negarit,
680 839 922 919 longius
954 841 1241 917 progredi
1269 856 1392 903 non
1420 840 1621 917 possit
1649 841 1754 918 qui
1789 840 2126 904 obiecerit?
2168 845 2249 903 At

159 944 288 1005 ego
322 940 447 990 non
477 940 666 1001 nego,
709 932 893 1001 teque
920 922 980 984 in
1010 924 1129 985 isto
1160 925 1300 1000 ipso
1332 922 1634 985 convinco
1680 938 1804 986 non
1849 923 2247 1000 inhumanita-

159 1012 247 1072 tis
280 1013 513 1083 solum,
557 1008 671 1069 sed
712 1006 891 1067 etiam
922 1005 1244 1068 amentiae.
1319 1008 1499 1081 Quod
1539 1006 1702 1068 enim
1729 1008 1982 1069 verbum
2013 1006 2075 1067 in
2111 1006 2244 1069 istis

160 1093 387 1155 litteris
428 1099 525 1154 est
568 1103 692 1152 non
736 1092 982 1165 plenum
1017 1088 1434 1165 humanitati8‚
1477 1089 1696 1165 oflicii,
1739 1090 2250 1153 benevolentiae?

156 1177 365 1238 Omne
406 1182 607 1236 autem
642 1172 869 1234 crimen
898 1180 1067 1243 tuum
1094 1180 1219 1246 est,
1265 1174 1434 1249 quod
1461 1174 1542 1234 do
1574 1182 1634 1236 te
1662 1174 1722 1234 in
1752 1173 1848 1235 his
1879 1173 2093 1235 litteris
2122 1187 2246 1235 non

162 1260 329 1320 male
356 1255 723 1329 existimem,
756 1256 929 1331 quod
958 1254 1219 1317 scribam
1247 1264 1554 1333 tamquam
1582 1257 1662 1319 ad
1691 1256 1905 1332 civem,
1939 1266 2248 1333 tamquam

162 1344 249 1404 ad
281 1344 511 1404 bonum
536 1340 765 1414 virum,
809 1353 933 1401 non
974 1347 1279 1415 tamquam
1321 1342 1402 1401 ad
1447 1342 1811 1402 sceleratum
1846 1348 1907 1401 et
1932 1342 2246 1402 latronem.

160 1428 251 1487 At
278 1440 397 1501 ego
429 1433 565 1488 tuas
598 1423 861 1496 litteras,
908 1422 1028 1485 etsi
1070 1422 1203 1484 iure
1244 1432 1519 1500 poteram
1561 1440 1601 1485 a
1639 1432 1702 1485 te
1750 1423 2112 1499 lacessitus,
2153 1432 2242 1485 ta-

167 1526 311 1571 men
342 1524 466 1571 non
502 1510 835 1584 proferamz
866 1506 1091 1583 quibus
1120 1508 1281 1583 petis
1314 1515 1379 1570 ut
1407 1508 1516 1570 tibi
1548 1520 1658 1584 per
1688 1522 1787 1569 me
1817 1508 1999 1569 liceat
2029 1522 2240 1584 quem-

160 1595 312 1654 dam
354 1594 433 1653 de
478 1591 697 1653 exsilio
737 1591 1066 1665 reducere,
1110 1590 1484 1669 adiurasque
1532 1592 1592 1651 id
1632 1600 1694 1653 te
1741 1591 1930 1652 invito
1972 1606 2070 1653 me
2119 1606 2243 1653 non

163 1690 315 1736 esse
344 1675 671 1746 facturum,
706 1673 894 1749 idque
920 1690 958 1733 a
986 1688 1081 1735 me
1110 1673 1419 1750 impetras.
1471 1672 1626 1747 Quid
1655 1674 1816 1733 enim
1843 1688 1944 1735 me
1972 1673 2243 1751 interpo-

170 1770 379 1818 nerem
407 1756 701 1818 audaciae
729 1764 897 1827 tuae,
948 1768 1129 1831 quam
1172 1772 1376 1831 neque
1419 1757 1750 1817 auctoritas
1790 1756 1971 1817 huius
2015 1756 2244 1819 ordinis

172 1856 374 1916 neque
403 1838 767 1902 existimatio
816 1838 1031 1914 populi
1058 1838 1317 1900 Romani
1356 1854 1558 1914 neque
1602 1838 1771 1913 leges
1797 1841 1959 1902 ullae
1985 1849 2246 1915 possent

170 1927 504 1985 coercere?
586 1922 687 1985 10.
716 1925 944 1983 Verum
974 1930 1173 1983 tamen
1207 1921 1357 1999 quid
1389 1930 1519 1984 erat
1551 1922 1720 1998 quod
1751 1938 1848 1983 me
1877 1936 2130 1999 rogares
2145 1970 2160 1995 ‚
2189 1922 2245 1984 si

168 2014 305 2068 erat
334 2008 420 2082 is,
457 2008 535 2067 de
566 2022 689 2082 quo
720 2005 1018 2083 rogabas,
1049 2005 1328 2066 caesaris
1358 2006 1492 2081 lege
1520 2005 1812 2067 reductus
1830 2013 1860 2065 τ
1914 2004 2040 2067 Sed
2076 2006 2243 2067 vide-

171 2089 314 2152 licet
343 2104 537 2151 meam
572 2088 823 2165 gratiam
858 2087 1049 2151 voluit
1070 2104 1233 2164 esse,
1262 2089 1324 2149 in
1355 2099 1479 2167 quo
1512 2104 1588 2149 ne
1616 2088 1813 2165 ipsius
1846 2090 2092 2165 quidem
2122 2090 2243 2151 ulla

168 2189 316 2235 esse
356 2180 593 2247 poterat
618 2174 757 2249 lege
787 2172 928 2235 lata.
1150 2207 1159 2212 »

334 2256 412 2316 V.
455 2256 581 2317 Sed
614 2272 801 2333 quum
823 2255 985 2329 mihi,
1019 2266 1225 2334 patres
1257 2256 1620 2333 conscripti,
1651 2264 1714 2319 et
1741 2272 1853 2334 pro
1882 2271 1980 2317 me
2012 2255 2242 2331 aliquid

162 2338 320 2401 etin
354 2339 435 2400 Μ.
467 2338 798 2401 Antonium
827 2342 1013 2401 multa
1041 2340 1304 2402 dicenda
1335 2342 1483 2416 sint,
1512 2342 1765 2402 alterum
1797 2349 1939 2417 pcto
1970 2358 2008 2401 a
2045 2340 2239 2412 vobis,

174 2430 239 2483 ut
280 2438 376 2483 me
416 2438 531 2498 pro
570 2439 668 2485 me
709 2423 1007 2485 dicentem
1045 2424 1340 2499 benigne,
1383 2424 1636 2487 alterum
1676 2423 1813 2500 ipse
1853 2424 2116 2485 ciliciam
2157 2432 2242 2495 ut,

168 2514 383 2569 contra
409 2505 575 2569 illum
604 2520 791 2583 quum
819 2507 1049 2582 dicam,
1094 2515 1320 2569 attente
1343 2505 1635 2571 audiatis.
1702 2508 1893 2570 Simul
1919 2507 2070 2567 illud
2094 2519 2206 2568 oro
2223 2528 2239 2561 ε

171 2588 229 2649 >si
259 2604 456 2652 meam
504 2606 690 2666 quum
728 2592 789 2651 in
832 2590 998 2653 omni
1036 2592 1161 2653 vita
1200 2598 1328 2653 tum
1371 2590 1432 2651 in
1463 2590 1724 2653 dicendo
1755 2589 2240 2652 moderationem

175 2674 652 2750 modestiamque
682 2674 1027 2752 cognostis,
1060 2691 1138 2736 ne
1166 2688 1266 2735 me
1295 2675 1507 2747 hodie,
1541 2689 1728 2750 quum
1755 2672 1887 2746 isti,
1915 2680 1983 2734 ut
2010 2688 2236 2746 provo-

170 2755 359 2826 cavit,
391 2758 810 2831 respondero,
856 2757 1110 2820 oblitum
1150 2772 1294 2820 esse
1335 2756 1558 2833 putetis
1591 2754 1728 2817 mei.
1792 2755 1927 2816 Non
1959 2754 2233 2816 tractabo

174 2845 241 2899 ut
264 2839 608 2898 consulente
668 2854 749 2900 ne
790 2841 891 2901 ille
946 2840 1192 2916 quidem
1232 2856 1330 2900 me
1378 2848 1445 2901 ut
1483 2840 1886 2900 consularem.
1954 2836 2085 2900 Etsi
2135 2837 2238 2900 illc

177 2922 332 2983 nullo
361 2921 547 2982 modo
579 2922 823 2997 consul,
870 2923 967 2983 vel
1014 2924 1182 2999 quod
1228 2922 1313 2983 ita
1352 2921 1500 2983 vivit
1526 2923 1624 2983 vel
1659 2923 1827 2997 quod
1857 2922 1937 2983 ita
1963 2934 2093 2983 rem
2122 2940 2234 2998 pu·

177 3003 387 3065 blicam
424 3004 579 3080 gerit
616 3004 716 3065 vel
760 3006 926 3081 quod
969 3004 1052 3068 ita
1092 3007 1290 3067 factus
1334 3013 1459 3067 est=
1504 3021 1620 3082 ego
1661 3005 1796 3068 sine
1835 3009 1959 3066 ulla
1993 3015 2235 3067 contro·

181 3089 369 3149 versia
396 3088 757 3150 consularis.
848 3086 947 3151 11.
978 3090 1058 3151 Ut
1084 3089 1264 3164 igitur
1285 3088 1696 3165 intelligeretis
1725 3092 1968 3166 qualem
1995 3088 2136 3164 ipse
2165 3104 2238 3149 se

173 3172 483 3233 consulem
523 3170 943 3248 profiteretur,
988 3170 1210 3234 obiecit
1249 3171 1394 3233 mihi
1425 3177 1806 3242 consulatum
1835 3188 2056 3234 meum.
2120 3169 2234 3246 Qui

178 3254 521 3317 consulatus
536 3254 725 3316 verbo
756 3271 950 3331 meuS,
980 3264 1185 3331 patres
1212 3255 1562 3332 conscripti,
1588 3272 1658 3318 re
1687 3264 1892 3317 vester
1914 3254 2040 3315 luit.
2071 3252 2236 3329 Quid

170 3333 327 3395 enim
374 3352 491 3413 ego
533 3336 850 3414 constitui,
894 3337 1043 3415 quid
1079 3339 1281 3415 gessi,
1326 3340 1474 3416 quid
1519 3339 1618 3417 egi
1657 3338 1776 3399 nisi
1804 3354 1884 3398 ex
1913 3335 2098 3399 huius
2133 3353 2236 3398 or-

171 3410 327 3479 dinis
363 3420 619 3483 consilio
670 3421 1046 3498 auctoritate,
1080 3422 1423 3486 sententiat
1455 3422 1622 3484 Haec
1652 3429 1720 3483 tu
1745 3421 1930 3483 homo
1959 3420 2234 3499 sapiens,

326 3511 814 3574 010.013A'1·.II.
1743 3506 1824 3575 15
