2459 3817
710 185 1557 253 cAP.1s—-15.s.3⁷--44
2042 173 2165 242 19⁷

104 333 223 395 illis
252 333 535 410 gentibus
563 337 762 399 lucem
789 338 1030 405 adferre
1056 336 1290 414 coepit·
1321 354 1483 401 nunc
1511 339 1853 417 intelligunt
1879 358 2002 401 non
2035 341 2169 403 sine

106 434 297 478 causa
327 416 592 479 maiores
635 436 785 482 suos
828 430 983 494 tum,
1031 437 1217 497 quum
1249 438 1324 482 ea
1351 423 1751 499 temperantia
1779 422 2167 499 magistratus

102 500 511 574 habebamus,
566 502 801 563 servire
843 505 1079 601 populo
1118 506 1398 565 Romano
1449 524 1632 581 quam
1683 508 1984 583 imperare
2031 506 2168 569 aliis

101 582 413 645 maluisse.
486 586 613 645 Iam
655 602 803 647 vero
846 586 931 649 ita
970 586 1184 649 faciles
1224 586 1426 649 aditus
1453 590 1550 651 ad
1589 606 1728 652 eum
1769 590 2163 667 privatorum,

100 667 184 728 ita
226 666 455 729 liberae
505 670 925 743 querimoniae
965 671 1045 731 de
1088 670 1349 731 aliorum
1391 670 1626 733 iniuriis
1672 690 1816 735 esse
1862 674 2162 747 dicuntur,

100 757 167 811 ut
193 749 269 825 is,
300 751 405 827 qui
436 751 725 827 dignitate
754 751 1136 829 principibus
1172 754 1432 828 excellit,
1481 755 1767 818 facilitate
1795 756 2022 818 infimis
2052 774 2166 832 par

100 849 243 896 esse
271 836 565 905 videatur.
640 834 743 899 42.
778 836 905 897 Iam
936 844 1227 911 quantum
1255 836 1548 912 consilio,
1597 848 1887 914 quantum
1920 839 2165 899 dicendi

98 914 391 993 gravitate
422 923 484 980 et
506 917 692 993 copia
722 920 938 994 valeat,
964 920 1027 980 in
1055 936 1179 995 quo
1206 917 1348 994 ipso
1377 918 1540 981 inest
1569 923 1873 995 quaedam
1901 921 2162 996 dignitas

97 998 509 1076 imperatoria,
545 1017 681 1074 vos,
717 1000 999 1076 Quirites,
1039 1002 1159 1064 hoc
1192 1002 1334 1077 ipso
1383 1017 1463 1063 ex
1503 1004 1648 1063 Ioco
1695 1016 1889 1076 saepe
1932 1015 2164 1075 cogno-

97 1084 231 1144 stis·
271 1084 482 1145 Fidem
508 1101 659 1145 vero
686 1085 819 1146 eius
840 1090 1127 1159 quantam
1153 1083 1315 1145 inter
1335 1083 1545 1145 socios
1569 1082 1901 1143 existimari
1924 1084 2169 1158 putatis,

98 1182 281 1239 quam
294 1167 509 1227 hostes
524 1182 739 1227 omnes
757 1166 1029 1227 omnium
1044 1182 1340 1241 generum
1353 1164 1804 1229 sanctissimam
1817 1164 2178 1226 iudicarint?

103 1246 493 1310 Humanitate
520 1248 641 1309 iam
673 1257 839 1311 tanta
867 1256 989 1322 est,
1026 1255 1094 1309 ut
1132 1246 1384 1308 difficile
1421 1248 1588 1307 dictu
1623 1246 1702 1309 sit
1727 1255 1926 1308 utrum
1954 1246 2170 1308 hostes

102 1332 301 1406 magis
328 1331 611 1393 virtutem
648 1331 785 1393 eius
811 1339 1155 1407 pugnantes
1193 1328 1500 1391 timuerint
1525 1347 1604 1390 au
1641 1328 2169 1391 mansuetudinem

102 1413 249 1475 victi
281 1412 618 1475 dilexerint.
672 1414 749 1476 Et
772 1414 1103 1490 ,quisquam
1130 1412 1427 1475 dubitabit
1455 1412 1603 1489 quin
1626 1412 1767 1475 huic
1788 1412 1908 1475 hoc
1937 1420 2167 1473 tantum

100 1496 329 1559 bellum
354 1496 879 1560 transmittendum
922 1496 1031 1571 sit,
1074 1496 1179 1572 qui
1218 1497 1300 1557 ad
1331 1496 1532 1557 omnia
1557 1506 1806 1558 nostrae
1839 1494 2169 1557 memoriae

103 1580 262 1641 bella
286 1578 669 1641 conficienda
690 1580 900 1643 divino
925 1580 1191 1655 quodam
1214 1578 1470 1640 consilio
1495 1588 1674 1641 natus
1688 1596 1832 1641 esse
1847 1578 2170 1639 videatur?

266 1663 399 1723 XV.
426 1660 529 1727 43.
556 1664 649 1725 Et
690 1662 977 1739 quoniam
1018 1662 1349 1725 auctoritas
1396 1679 1646 1738 quoque
1679 1661 1740 1721 in
1771 1661 1946 1722 bellis
1975 1660 2167 1720 admi-

100 1745 433 1807 nistrandis
461 1748 713 1808 multum
746 1755 934 1821 atque
962 1746 1023 1805 in
1051 1743 1309 1820 imperio
1357 1744 1596 1805 militari
1632 1745 1819 1817 valet,
1870 1750 2035 1804 certe
2061 1758 2164 1801 ne-

100 1828 247 1889 mini
291 1827 544 1889 dubium
582 1837 679 1888 est
715 1830 861 1903 quin
900 1844 975 1888 ea
1016 1844 1086 1887 re
1126 1826 1291 1886 idem
1325 1825 1429 1885 ille
1468 1824 1798 1900 imperator
1843 1824 2166 1900 plurimum

100 1912 322 1986 possit.
377 1911 790 1972 Vehementer
818 1919 1019 1970 autem
1056 1907 1360 1982 pertinere
1389 1908 1472 1967 ad
1497 1909 1659 1970 bella
1687 1906 2168 1967 administranda

105 1994 253 2068 quid
282 1992 538 2065 hastae,
586 1991 735 2067 quid
762 1991 916 2055 socii
934 2048 939 2053 ,
958 1992 1035 2051 de
1064 1989 1534 2066 imperatoribus
1563 1991 1790 2051 nostris
1819 1989 2167 2051 existiment

104 2074 245 2151 quis
279 2074 546 2150 ignorat,
594 2088 781 2149 quum
824 2074 1091 2136 sciamus
1121 2072 1400 2135 homiues
1431 2072 1494 2133 in
1527 2073 1712 2135 tantis
1741 2076 1928 2135 rebus
1963 2082 2030 2135 ut
2061 2081 2166 2134 aut

102 2165 493 2219 contemnant
512 2166 618 2219 aut
638 2166 905 2219 metuant
924 2166 1043 2221 aut·
1058 2156 1300 2219 oderint
1325 2165 1431 2219 aut
1456 2165 1685 2228 ament,
1719 2156 2010 2233 opinione
2040 2174 2162 2217 non

99 2240 301 2302 minus
331 2242 581 2304 etfama
614 2257 808 2317 quam.
824 2239 1032 2316 aliqua
1057 2239 1294 2303 ratione
1325 2244 1488 2302 certa
1517 2240 1932 2303 commoveri?
1986 2240 2164 2314 Quod

100 2322 280 2400 igitur
308 2340 530 2386 nomen
560 2341 851 2400 umquam
889 2322 949 2386 in
995 2324 1143 2386 orbe
1181 2331 1478 2386 terrarum
1521 2323 1744 2385 clarius
1784 2323 1938 2384 fuit?
1987 2322 2164 2383 cuius

100 2423 201 2469 res
228 2416 441 2483 gestae
467 2415 697 2485 pares?
728 2408 808 2468 de
839 2422 963 2483 quo
996 2407 1242 2469 homine
1269 2424 1407 2482 voe,
1438 2405 1505 2468 id
1533 2408 1698 2483 quod
1727 2406 1993 2467 maxime
2021 2405 2164 2465 facit

102 2490 533 2566 auctoritatem,
561 2500 727 2553 tanta
754 2499 815 2553 et
842 2501 961 2553 tam
992 2492 1311 2567 praeclara
1339 2490 1568 2552 iudicia
1596 2488 1872 2563 fecistis?
1927 2487 2030 2551 44.
2059 2491 2159 2549 An

99 2590 245 2635 vero
280 2576 462 2636 ullam
491 2592 753 2651 usquam
783 2590 927 2635 esse
956 2590 1124 2635 oram
1156 2582 1276 2635 tam
1299 2575 1604 2637 desertam
1626 2574 1854 2649 putatis
1885 2590 2007 2649 quo
2037 2586 2163 2631 non

97 2656 260 2719 illius
281 2656 405 2719 diei
426 2659 587 2719 fama
606 2656 968 2734 pervaserit,
998 2666 1185 2733 quum
1204 2656 1532 2719 universus
1556 2658 1826 2733 populus
1847 2659 2161 2718 Romanus

96 2742 321 2803 referto
364 2742 497 2803 l'oro
540 2740 985 2816 completisque
1026 2741 1309 2802 omnibus
1353 2740 1624 2815 templis,
1674 2756 1754 2800 ex
1798 2740 2022 2815 quibus
2063 2736 2162 2797 hic

98 2826 277 2886 locus
306 2822 585 2901 conspici
611 2832 847 2901 potest,
890 2841 1077 2885 unum
1106 2823 1229 2885 sibi
1257 2824 1337 2883 ad
1367 2839 1686 2885 commune
1717 2822 1984 2884 omnium
2015 2837 2160 2897 gen-

97 2906 244 2968 tium
274 2908 497 2969 bellum
525 2908 627 2969 Cn.
650 2906 1002 2983 Pompeium
1030 2906 1462 2983 imperatorem
1485 2905 1894 2982 depoposcit?
1949 2908 2161 2980 ltaque

96 2998 166 3051 ut
194 2992 369 3066 plura
389 3008 513 3053 non
536 2990 737 3053 dicam
764 3007 969 3065 neque
988 2990 1244 3051 aliorum
1267 2989 1565 3065 exemplis
1591 2990 1946 3051 confirmem
1969 3006 2160 3065 quan-

96 3083 222 3135 tum
240 3069 465 3143 ssmius
489 3070 825 3137 auctoritas
846 3075 1055 3134 valeat
1075 3073 1137 3133 in
1160 3074 1346 3149 bello,
1375 3074 1452 3134 ab
1482 3074 1702 3134 >eodem
1735 3073 1838 3135 Cn.
1868 3071 2159 3147 Pompeio

96 3156 365 3217 omnium
394 3172 597 3219 rerum
640 3155 1021 3231 egregiarum
1054 3159 1340 3231 exempla
1375 3164 1717 3217 sumantur·
1767 3155 1873 3233 qui
1905 3171 2028 3230 quo
2059 3153 2160 3213 die

92 3257 134 3299 a
159 3238 339 3300 vobis
380 3238 675 3301 maritimo
720 3239 881 3300 bello
912 3240 1300 3315 praepositus
1341 3248 1435 3300 est
1461 3242 1818 3314 imperator,
1859 3245 2026 3298 tanta
2063 3252 2159 3296 re

95 3332 282 3397 pente
326 3322 525 3385 vilitas
567 3337 847 3383 annonae
886 3338 967 3383 ex
1008 3339 1244 3383 summa
1286 3322 1496 3398 inopia
1540 3330 1601 3382 et
1629 3320 1877 3381 caritate
1915 3317 2007 3380 rei
2037 3320 2158 3379 rru

84 3404 424 3467 mental-iae
454 3414 785 3469 consecuta
813 3414 911 3467 est
936 3404 1118 3470 unius
1140 3404 1402 3465 hominis
1429 3420 1540 3479 spe
1573 3420 1646 3463 ac
1673 3399 1940 3479 nomine,
1969 3418 2152 3478 quan—
