2459 3817
682 179 853 241 cAP.
892 187 1136 243 ‹io—63.
1178 186 1236 247 s.
1282 186 1589 243 157-163.
2055 184 2175 250 173

98 347 207 406 bat
235 343 423 405 miser
444 343 587 405 nihil
612 344 935 417 interesse,
950 351 1152 404 utrum
1176 342 1332 403 haec
1344 342 1673 403 Messanae
1697 356 1774 401 an
1803 342 1971 416 apud
1986 340 2170 403 istum

97 428 159 487 in
194 430 503 505 praetorio
536 432 915 503 loqueretur.
966 430 1135 497 Nam,
1167 432 1237 486 ut
1262 433 1444 486 antea
1471 442 1590 487 vos
1623 425 1829 496 docui,
1860 425 2017 485 hanc
2054 425 2171 485 sibi

102 514 218 571 iste
262 513 476 572 urbem
518 513 863 587 delegerat,
903 527 1084 587 quam
1123 510 1382 569 haberet
1429 508 1788 570 adiutricem
1842 510 2168 579 scelerum,

102 589 398 649 furtorum
430 593 848 663 receptricem,
880 588 1248 665 flagitiorum
1281 593 1548 652 omnium
1580 592 1908 651 consciam.
1953 591 2167 665 Itaque

92 672 182 731 ad
210 671 622 747 magistratum
642 671 1061 733 Mamertinum
1097 674 1298 733 statim
1327 673 1648 735 deducitur
1675 674 1935 736 Gavius=
1963 688 2167 748 eoque

104 754 243 829 ipso
277 754 376 815 die
405 771 556 816 casu
582 754 931 815 Messanam
960 757 1189 817 Verres
1232 756 1417 818 venit.
1479 759 1604 818 Res
1647 759 1728 817 ad
1773 774 1913 818 eum
1968 758 2167 817 defer·

104 846 231 897 tur=
278 853 423 898 esse
484 837 681 898 civem
714 839 1086 911 Romanum,
1140 839 1246 914 qui
1287 842 1364 901 se‘
1401 838 1730 917 Syracusis
1769 838 1830 899 in
1862 838 2167 901 lautumiis

106 920 300 981 fuisse
330 928 717 996 quereretur,
748 937 929 996 quem
952 922 1071 980 iam
1093 922 1534 997 ingredientem
1563 923 1623 981 in
1659 938 1879 983 navem
1909 931 1969 983 et
1988 921 2170 983 Verri

98 1003 283 1063 nimis
330 1004 617 1065 atrociter
654 1003 1026 1066 minitantem
1050 1009 1129 1067 ab
1155 1021 1226 1065 se
1259 1014 1582 1067 retractum
1613 1022 1757 1065 esse
1793 1012 1852 1065 et
1881 1005 2168 1065 adserva-

101 1096 267 1159 tum,
316 1095 384 1148 ut
421 1086 561 1162 ipse
595 1086 656 1146 in
702 1103 840 1146 eum
882 1096 1175 1148 statueret
1216 1089 1386 1163 quod
1424 1088 1749 1149 videretur.
1818 1085 1956 1149 161.
2027 1086 2172 1163 Agit

104 1166 453 1230 hominibus
483 1168 709 1243 gratias
738 1178 799 1229 et
844 1185 1057 1230 eorum
1084 1171 1574 1231 benevolentiam
1615 1188 1763 1245 erga
1803 1187 1873 1231 se
1918 1169 2169 1245 diligen-

102 1254 376 1326 tiamque
404 1251 728 1312 collaudat.
794 1252 939 1327 Ipse
961 1251 1370 1314 inflammatus
1399 1256 1635 1314 scelere
1663 1263 1724 1315 et
1759 1255 1962 1314 surore
1987 1254 2052 1313 in
2081 1256 2170 1313 fo·

100 1352 239 1396 rum
274 1333 458 1394 venit.
517 1334 833 1395 Ardebant
855 1334 1047 1396 oculi:
1092 1344 1216 1397 toto
1247 1353 1329 1397 ex
1357 1350 1464 1397 ore
1493 1336 1820 1397 crudelitas
1850 1334 2172 1397 eminebat.

103 1418 563 1493 Exspectabam
598 1434 810 1478 omnes
842 1434 967 1492 quo
1001 1420 1246 1479 tandem
1276 1436 1719 1495 progressurus
1748 1428 1852 1481 aut
1882 1419 2172 1495 quidnam

100 1512 353 1563 acturus
381 1508 584 1572 esset,
626 1518 810 1575 quum
845 1511 1097 1576 repente
1125 1503 1429 1564 hominem
1463 1502 1698 1578 proripi
1733 1512 1915 1579 atque
1944 1504 2005 1563 in
2036 1505 2170 1564 roro

108 1584 310 1644 medio
339 1582 557 1645 nudari
584 1598 659 1645 ac
693 1583 946 1658 deligari
987 1595 1046 1647 et
1076 1587 1277 1661 virgas
1305 1585 1582 1662 expediri
1617 1586 1800 1647 iubet.
1865 1587 2176 1646 Clamabat

104 1667 209 1726 ille
236 1665 422 1727 miser
462 1682 533 1728 se
582 1668 775 1727 civem
805 1683 949 1727 esse
974 1670 1343 1741 Romanum,
1397 1670 1763 1743 municipem
1796 1670 2172 1729 Oonsanumz

104 1751 405 1811 meruisse
434 1766 573 1810 cum
602 1750 668 1809 L.
688 1746 945 1825 Raecio,
975 1751 1475 1826 splendidissimo
1505 1753 1710 1825 equite
1738 1754 2032 1822 Romano,
2069 1748 2175 1824 qui

110 1832 433 1893 Panhormi
466 1832 917 1908 negotiaretur,
968 1851 1049 1894 ex
1108 1852 1231 1910 quo
1282 1836 1436 1893 haec
1465 1836 1696 1893 Verres
1747 1831 1907 1893 scire
1938 1842 2172 1907 posset.

104 1916 259 1975 Tum
306 1915 455 1991 iste,
500 1932 571 1977 se
611 1914 991 1992 comperisse
1034 1933 1172 1978 eum
1203 1915 1564 1991 speculandi
1594 1932 1785 1976 causa
1811 1914 1873 1975 in
1908 1914 2176 1976 Siciliam

106 2016 151 2058 a
178 1999 438 2060 ducibus
470 1999 862 2074 fugitivorum
894 2014 1037 2059 esse
1066 1999 1352 2059 missurus
1395 2000 1573 2061 cuius
1611 1998 1700 2059 rei
1743 2014 1945 2075 neque
1989 1997 2176 2059 index

108 2099 319 2157 neque
341 2081 661 2157 vestigium
683 2080 935 2157 aliquod
964 2098 1167 2157 neque
1203 2082 1479 2157 suspicio
1513 2081 1798 2158 cuiquam
1827 2091 1996 2144 esset
2021 2084 2175 2142 unm

108 2165 337 2226 deinde
385 2164 556 2227 iubet
602 2163 876 2240 undique
924 2165 1231 2226 hominem
1275 2164 1806 2227 vehementissime
1847 2164 2177 2227 verberari.

112 2247 258 2311 162.
317 2248 697 2310 (laedebatur
717 2247 907 2324 virgis
934 2248 996 2309 in
1026 2248 1228 2311 medio
1255 2250 1390 2310 roro
1421 2250 1747 2315 Messanae
1775 2247 1929 2309 civis
1955 2249 2178 2308 Roma-

110 2348 267 2405 nae,
309 2330 580 2406 iudices.,
645 2348 832 2408 quum
870 2332 1102 2394 interea
1141 2333 1344 2393 nullus
1375 2331 1666 2408 gemitus,
1717 2333 1883 2391 nulla
1909 2347 2034 2392 vox
2062 2329 2182 2389 alia

109 2413 277 2475 illius
306 2414 512 2476 miseri
538 2414 696 2477 inter
722 2416 999 2477 dolorem
1022 2416 1443 2491 crepitumque
1465 2417 1778 2492 plagarum
1800 2411 2179 2486 audiebatur,

112 2497 234 2559 nisi
260 2498 442 2559 haec:
500 2499 653 2559 Cive-’s
678 2500 983 2560 Romanus
1004 2516 1151 2559 sum.
1194 2500 1324 2559 Hac
1366 2515 1435 2559 se
1476 2496 2052 2560 commemoratione
2098 2494 2181 2555 ci-

117 2580 322 2642 vitatis
370 2582 573 2643 omnia
612 2583 870 2644 verbera
911 2583 1312 2658 depulsurum
1354 2582 1812 2657 cruciatumque
1852 2598 1892 2641 a
1921 2594 2182 2657 corpore

112 2663 497 2726 deiecturum
531 2665 953 2726 arbitrabatur.
1017 2667 1078 2725 Is
1109 2683 1230 2726 non
1268 2666 1453 2725 modo
1485 2664 1606 2727 hoc
1635 2681 1760 2726 non
1791 2664 2074 2738 perfecit,
2119 2672 2182 2723 ut

110 2747 423 2822 virgarum
454 2747 581 2808 vim
611 2747 1073 2825 deprecaretur,
1124 2750 1268 2820 sed,
1321 2764 1507 2823 quum
1548 2746 1901 2823 imploraret
1930 2744 2185 2821 saepius

113 2840 569 2906 usurparetque
598 2847 821 2892 nomen
850 2831 1135 2906 civitatis,
1165 2846 1538 2904 crux‚·crux,
1567 2828 1626 2890 in
1637 2846 1838 2905 quam,
1865 2829 2095 2890 infelici
2125 2838 2186 2890 et

114 2930 517 3057 aerumnoso,
559 2913 664 2991 qui
707 2931 1035 2988 numquam
1072 2914 1252 2975 istam
1294 2923 1531 2989 pestem
1561 2914 1824 2987 viderat,
1867 2928 2184 2989 compara-

156 3007 311 3060 atur.
380 3022 385 3027 ·
793 3025 797 3030 ·

244 3078 452 3139 LXIII.
492 3076 631 3138 163.
665 3079 712 3140 Ο
744 3090 970 3137 nomen
1003 3075 1185 3136 dulce
1212 3070 1536 3133 libertatis!
1569 3088 1606 3133 o
1635 3070 1734 3133 ius
1763 3070 2050 3132 eximium
2081 3084 2188 3127 no-

118 3169 287 3221 strae
312 3160 609 3222 civitatis!
637 3176 676 3221 o
708 3163 810 3220 lex
824 3157 1043 3220 Porcia
1068 3161 1371 3232 legesque
1397 3155 1828 3231 Semproniae!
1861 3171 1896 3214 o
1921 3151 2192 3229 graviter

118 3244 475 3305 desiderata
496 3251 559 3304 et
578 3244 909 3320 aliquando
941 3241 1179 3302 reddita
1207 3239 1376 3315 plebi
1389 3241 1704 3300 Romanae
1731 3234 2053 3298 tribunicia
2081 3247 2190 3307 po·

122 3330 351 3389 testas!
412 3327 649 3389 Hucine
678 3328 927 3389 tandem
957 3326 1113 3385 haec
1147 3323 1352 3384 omnia
1381 3322 1758 3390 reciderunt,
1788 3326 1858 3377 ut
1886 3316 2038 3376 civis
2070 3317 2190 3376 Ro-

120 3428 339 3474 manus
374 3411 435 3471 in
466 3411 785 3488 provincia
814 3408 1029 3486 populi
1063 3406 1341 3477 Romani,
1375 3405 1434 3465 in
1468 3404 1697 3480 oppido
1729 3400 2190 3461 foederatorum
