2459 3817
224 182 353 248 210
724 192 800 249 ΙΝ
842 192 907 250 L.
952 189 1375 251 CATILINAM
1421 187 1704 249 ORATIO
1732 186 1783 251 Ι.

232 355 431 432 magis
463 361 559 415 est
593 353 1045 427 admirandum,
1076 354 1252 415 dies?
1291 352 1429 413 Dixi
1462 369 1578 428 ego
1611 354 1771 415 idem
1800 354 1858 413 in
1892 360 2111 417 senatu
2141 371 2278 418 cae·

234 441 373 499 dem
407 445 469 497 te
498 436 879 511 optimatium
912 435 1248 498 contulisse
1276 436 1337 495 in
1366 441 1508 496 ante
1538 435 1699 496 diem
1735 454 1793 497 v.
1821 436 2135 499 Kalendas
2159 441 2278 500 No-

234 520 539 591 vembreS,
573 526 703 579 tum
739 536 927 594 quum
953 517 1123 580 multi
1146 514 1456 595 principes
1487 517 1747 581 civitatis
1775 520 1972 585 Roma
2000 536 2128 581 non
2154 528 2276 581 tam

234 602 332 664 sui
360 602 772 663 conservandi
814 618 995 677 quam
1035 609 1280 664 tuorum
1321 601 1712 662 consiliorum
1747 602 2278 679 reprimendorum

234 700 423 745 causa
445 686 866 760 profugerunt.
928 685 1083 745 Num
1114 684 1358 744 infitiari
1384 691 1568 760 potes
1597 691 1660 745 te
1687 684 1790 745 illo
1821 686 1960 761 ipso
1993 686 2094 747 die
2124 686 2277 747 meis

234 766 577 846 praesidiiS,
596 783 732 829 mea
754 766 1067 845 diligentia
1086 768 1554 829 circumclusum
1571 782 1962 828 commovere
1987 777 2044 829 te
2064 778 2276 830 contra

234 867 364 913 rem
387 850 695 927 publicam
716 868 841 911 non
868 849 1164 927 potuisse,
1201 866 1387 925 quum
1411 856 1472 911 te
1495 850 1778 912 discessu
1801 859 2148 912 ceterorum
2171 868 2278 911 no-

234 942 365 997 stra
399 943 621 1013 tamen,
656 934 761 1009 qui
783 934 1317 1012 remansissemus,
1352 933 1542 993 caede
1567 941 1917 1001 contentum
1951 949 2096 994 esse
2116 934 2278 995 dice-

232 1019 389 1079 bas?
433 1016 490 1077 8.
526 1017 721 1092 Quid?
754 1035 943 1093 quum
972 1025 1037 1079 te
1062 1018 1395 1078 Praeneste
1421 1015 1715 1078 Kalendis
1745 1016 1896 1091 ipsis
1925 1016 2273 1078 Novembri-

231 1101 351 1161 bus
370 1109 809 1175 occupaturum
826 1107 1125 1161 nocturno
1150 1100 1382 1175 impetu
1405 1114 1548 1159 csse
1563 1099 1930 1172 confidereS‚
1949 1098 2275 1161 sensistine

232 1184 395 1243 illam
420 1183 723 1244 coloniam
745 1199 882 1245 mco
917 1184 1093 1245 iussu
1126 1184 1278 1244 meis
1310 1181 1665 1259 praesidiis,
1707 1182 2002 1245 custodiis
2033 1180 2276 1257 vigiliis-

237 1282 359 1341 que
390 1282 533 1327 esse
572 1266 903 1328 munitam?
954 1267 1115 1327 Nihil
1149 1266 1312 1342 agiS,
1356 1264 1502 1325 nihil
1535 1264 1792 1338 moliris,
1839 1264 1989 1327 nihil
2023 1264 2274 1340 cogitas,

237 1348 381 1423 quin
429 1364 545 1423 ego
584 1366 711 1409 non
750 1349 935 1410 modo
982 1346 1256 1425 audiam,
1308 1349 1421 1408 scd
1465 1348 1646 1408 etiam
1687 1348 1929 1409 videam
1965 1350 2278 1424 planeque

234 1428 512 1490 sentiam.
581 1431 683 1489 lv.
724 1432 1131 1506 Recognosce
1158 1446 1392 1491 mecum
1425 1432 1672 1490 tandem
1710 1439 1954 1493 noctem
1983 1431 2148 1491 illam
2174 1447 2277 1491 su-

233 1511 570 1589 periorem:
601 1512 720 1571 iam
748 1511 1049 1587 intelliges
1077 1516 1266 1573 multo
1291 1529 1389 1572 mc
1413 1512 1671 1588 vigilare
1691 1514 1893 1575 acrius
1917 1514 1996 1574 ad
2017 1516 2278 1576 salutem

237 1612 419 1671 quam
449 1602 513 1656 te
541 1597 622 1658 ad
650 1595 985 1671 perniciem
1012 1596 1105 1658 rei
1129 1595 1432 1673 publicae.
1475 1596 1626 1657 Dico
1655 1603 1720 1657 te
1738 1598 1948 1673 priore
1970 1604 2151 1660 nocte
2173 1614 2278 1658 ve-

234 1679 404 1743 nisse
442 1680 602 1741 inter
630 1678 915 1741 falcarios
942 1714 1028 1727 —-
1055 1696 1181 1741 non
1213 1695 1392 1755 agam
1425 1678 1692 1739 obscure
1719 1713 1805 1724 —
1836 1680 1899 1741 in
1926 1682 2008 1741 M.
2041 1682 2281 1740 Laecae

234 1764 513 1832 domum:
568 1763 939 1825 convenisse
987 1766 1205 1825 codem
1251 1765 1600 1839 complures
1650 1762 1928 1825 ciusdem
1977 1762 2280 1823 amentiae
2390 1768 2398 1774 '

234 1847 616 1921 scelerisque
644 1846 872 1908 socios.
920 1848 1075 1909 Num
1096 1862 1326 1923 negare
1349 1846 1587 1907 audes?
1615 1845 1764 1920 quid
1787 1848 1997 1907 taces‘l
2027 1846 2278 1908 convin-

236 1945 389 2001 cam,
421 1929 475 1990 si
497 1946 709 2005 negas.
762 1930 961 1991 Video
986 1930 1143 1991 enim
1173 1946 1317 1991 csse
1337 1930 1436 1989 hie
1470 1929 1531 1989 in
1559 1934 1780 1990 senatu
1805 1931 2138 2005 quosdam,
2175 1928 2281 2004 qui

234 2020 440 2072 tecum
460 2028 583 2071 una
609 2014 873 2073 fuerunt.
919 2012 977 2072 9.
1013 2014 1059 2075 O
1084 2014 1148 2073 di
1168 2012 1572 2074 immortales!
1618 2010 1865 2072 ubinam
1885 2012 2154 2089 gentium
2180 2028 2277 2073 su-

235 2096 413 2155 mus?
455 2110 637 2169 quam
673 2110 803 2154 rem
839 2094 1145 2169 publicam
1172 2095 1508 2155 habemus?
1549 2095 1611 2155 in
1644 2111 1767 2170 qua
1797 2097 1951 2157 urbe
1977 2095 2282 2157 vivimus?

232 2177 367 2248 Hic,
393 2176 492 2238 hic
522 2183 695 2252 sunt,
736 2175 799 2236 in
832 2185 1047 2239 nostro
1076 2193 1366 2249 numero,
1407 2185 1616 2253 patres
1659 2177 2021 2255 conscripti,
2062 2178 2124 2240 in
2160 2178 2280 2239 hoc

238 2261 404 2322 orbis
435 2267 636 2322 terrac
664 2259 1051 2322 sanctissimo
1082 2261 1572 2337 gravissimoque
1605 2261 1889 2334 consilio,
1929 2262 2033 2338 qui
2064 2263 2144 2321 de
2171 2277 2280 2322 no-

235 2351 365 2404 stro
396 2343 663 2405 omnium
692 2342 955 2415 interitu,
988 2344 1194 2419 quide
1217 2344 1394 2405 huius
1416 2343 1585 2405 urbis
1615 2350 1802 2419 atque
1823 2346 1980 2405 adeo
2004 2345 2083 2406 de
2113 2344 2278 2406 orbis

234 2435 534 2487 terrarum
564 2425 748 2487 exitio
780 2426 1067 2502 cogitent.
1138 2430 1342 2488 Hosce
1377 2444 1493 2503 ego
1537 2427 1720 2489 video
1761 2430 1978 2489 consul
2011 2434 2072 2488 et
2104 2429 2182 2487 de
2211 2443 2280 2487 re

235 2508 481 2585 publica
512 2508 881 2571 sententiam
903 2526 1089 2585 rogo,
1134 2518 1194 2570 et
1224 2526 1384 2587 quos
1412 2512 1576 2573 ferro
1613 2510 1904 2573 trucidari
1933 2510 2278 2586 oportebat,

236 2607 349 2653 eos
380 2593 650 2654 nondum
678 2608 838 2655 voce
870 2595 1144 2655 vulnero.
1222 2593 1414 2654 Fuisti
1453 2594 1636 2669 igitur
1676 2596 1844 2669 apud
1880 2596 2140 2655 Laecam
2177 2592 2282 2653 illa

238 2683 437 2748 nocte,
464 2676 740 2739 Catilinaz
765 2676 1122 2739 distribuisti
1142 2684 1352 2753 partes
1373 2677 1608 2738 ltaliae:
1633 2676 1900 2739 statuisti
1925 2693 2050 2753 quo
2072 2691 2281 2752 quem·

238 2774 361 2833 que
398 2759 710 2834 proficisci
746 2762 1049 2837 placeret:
1091 2760 1395 2835 delegisti·
1417 2777 1576 2835 quos
1610 2762 1845 2822 Romae
1877 2759 2279 2834 relinqueres,

240 2857 399 2917 quos
431 2850 629 2904 tecum
661 2845 990 2908 educeres:
1035 2842 1404 2919 discripsisti
1426 2844 1594 2906 urbis
1616 2852 1826 2919 partes
1856 2845 1936 2904 ad
1965 2840 2277 2902 Incendia:

238 2925 613 2987 confirmasti
637 2926 911 3003 teipsum
922 2928 1043 2989 iam
1064 2944 1209 2989 esse
1239 2926 1572 2989 exiturum:
1597 2927 1804 2988 dixisti
1824 2927 2158 3004 paullulum
2175 2923 2282 2985 tibi

237 3025 381 3070 esse
407 3008 584 3070 etiam
606 3026 770 3071 nunc
791 3028 1022 3085 morae,
1046 3012 1215 3087 quod
1240 3026 1356 3087 ego
1377 3012 1670 3071 viverem.
1714 3010 1968 3086 Reperti
1989 3015 2132 3071 sunt
2151 3009 2280 3068 duo

236 3094 479 3169 equites
508 3093 767 3156 Romani
801 3095 905 3169 qui
942 3102 1001 3155 te
1034 3096 1155 3157 ista
1188 3110 1337 3155 cura
1366 3094 1697 3155 liberarent
1737 3101 1800 3155 ct
1832 3109 1976 3154 sese
2008 3092 2113 3153 illa
2144 3090 2284 3166 ipsa

236 3185 421 3239 nocte
440 3179 650 3259 paullo
675 3184 818 3239 ante
837 3181 1035 3239 lucem
1058 3177 1240 3239 mein
1264 3193 1400 3239 meo
1429 3179 1652 3240 lectulo
1676 3177 2110 3238 interfecturos
2138 3190 2284 3234 esse

233 3260 690 3338 pollicerentur.
767 3261 864 3321 10.
894 3262 1063 3323 Haec
1085 3278 1204 3339 ego
1229 3259 1449 3334 omnia,
1481 3260 1733 3321 vixdum
1764 3259 1942 3320 etiam
1967 3264 2150 3319 coetu
2175 3273 2281 3318 ve-

238 3350 371 3405 stro
404 3345 691 3419 dimisso,
738 3345 1037 3422 comperi=
1085 3346 1334 3407 domum
1362 3360 1558 3406 meam
1588 3341 1920 3404 maioribus
1953 3340 2283 3419 praesidiis

239 3427 468 3491 munivi
515 3439 702 3508 atque
745 3429 1010 3503 firmavi,
1062 3426 1300 3491 exclusi
1351 3444 1493 3500 eoS,
1546 3442 1704 3503 quos
1748 3434 1816 3489 tu
1855 3426 1935 3487 ad
1985 3442 2084 3485 mc
2121 3425 2284 3485 salu·

173 3657 251 3737 *a
