2459 3817
448 221 611 282 οΑΡ.
640 226 906 284 56—59.
948 226 1002 288 s.
1034 228 1229 284 124—-
1246 230 1367 284 131.
1811 216 1930 288 111,

0 373 36 432 d
70 369 362 447 scriptum
391 377 489 432 est
512 369 677 431 inani
706 369 769 433 in
810 371 973 444 basi,
1032 372 1302 433 declarat
1347 369 1496 446 quid
1545 372 1726 434 ruerit
1769 381 1832 436 et
1867 372 1930 434 id

0 462 129 517 ‚tum
162 453 411 514 indicat.

34 536 231 610 Quid?
284 536 525 610 signum
576 534 832 598 Paeanis
888 552 966 598 ex
1011 537 1166 596 aede
1210 535 1569 612 Aesculapii
1613 540 1932 612 praeclare

0 638 127 695 um,
164 635 405 680 sacrum
440 634 513 678 ac
546 617 929 693 religiosum,
969 635 1093 680 non
1122 617 1466 694 sustulisti?
1507 620 1678 694 quod
1717 636 1940 680 omnes·
2003 667 2006 670 .

0 711 119 778 ‚iter
152 701 619 777 pulcritudinem
650 700 885 773 visere,
924 709 1175 776 propter
1200 702 1558 776 religionem
1591 703 1798 762 colere
1829 718 1962 762 so·-

0 793 89 848 .nt.
135 783 277 848 128.
321 783 523 858 Quid?
562 800 643 844 ex
672 785 827 844 aede
852 783 1054 845 Liberi
1096 783 1482 846 simulacrum
1509 783 1778 845 Aristaei
1808 801 1932 845 non

10 866 269 943 imperio
310 867 511 942 palam
552 867 815 928 ablatum
857 874 993 927 est?
1054 865 1254 940 Quid?
1295 883 1374 927 ex
1413 867 1568 927 aede
1598 867 1764 927 lovis
1793 867 1931 927 reli·

0 949 283 1012 ›issimum
346 950 737 1012 simulacrum
788 949 954 1009 Iovis
1012 947 1435 1023 Imperatoris,
1485 965 1666 1023 quem
1717 948 1934 1009 Graeci

0 1051 125 1094 nov
192 1031 535 1106 nominant,
582 1067 586 1074 -
594 1030 1003 1106 pulcherrime
1052 1033 1278 1092 factum
1325 1047 1532 1091 nonne
1591 1029 1936 1090 abstulisti?

0 1117 56 1178 l‘l
86 1131 164 1176 ex
192 1115 351 1174 aede
377 1113 633 1173 Liberae
660 1121 697 1186 †
728 1119 1010 1189 parinum
1038 1121 1225 1189 caput
1255 1113 1405 1174 illud
1442 1110 1928 1189 pulcherrimum,

0 1198 39 1257 d
80 1197 283 1258 visere
324 1197 705 1268 solebamus,
758 1213 903 1256 num
945 1195 1232 1256 dubitasti
1275 1197 1532 1257 tollere?
1595 1197 1802 1270 Atque
1831 1193 1934 1254 ille

0 1295 67 1340 an
83 1277 401 1339 sacrifieiis
424 1277 854 1338 anniversariis
870 1276 1049 1340 simul
1063 1294 1201 1337 cum
1213 1278 1588 1353 Aesculapio
1606 1278 1772 1352 apud
1793 1275 1933 1336 illos

0 1361 214 1420 =batur=
257 1357 610 1432 AristaeuS,
640 1358 775 1434 qui,
803 1368 870 1420 ut
897 1358 1113 1420 Graeci
1144 1361 1372 1433 ferunt,
1401 1359 1606 1420 Liberi
1631 1359 1814 1432 filiuS,
1843 1359 1934 1418 in·

0 1450 89 1504 tor
126 1441 245 1502 olei
290 1457 432 1502 esse
475 1439 720 1515 dicitur,
772 1458 896 1502 una
944 1457 1082 1515 cum
1108 1441 1328 1502 Libero
1367 1450 1542 1517 patre
1583 1443 1752 1517 apud
1793 1440 1932 1500 illos

0 1541 83 1584 em
116 1531 243 1584 erat
270 1523 334 1584 in
368 1526 593 1598 templo
626 1532 1042 1588 consecratus.
1103 1525 1311 1584 LVIII.
1378 1523 1520 1596 129.
1583 1527 1790 1587 Iovem
1825 1540 1933 1585 au·

12 1609 442 1681 Imperatorem
476 1615 703 1682 quanto
736 1607 972 1669 honore
1009 1607 1071 1666 in
1107 1623 1221 1668 suo
1264 1611 1494 1683 templo
1543 1607 1736 1668 fuisse
1773 1605 1932 1667 arbi·-

0 1689 145 1752 1ini?
214 1688 529 1750 coniicere
563 1689 856 1763 potestis,
909 1688 963 1752 si
1000 1689 1314 1751 recordari
1345 1689 1661 1750 volueritis
1705 1697 1932 1762 quanta

0 1770 159 1845 {ione
198 1770 378 1832 fuerit
418 1772 635 1831 eadem
674 1771 885 1846 specie
930 1788 1005 1832 ac
1044 1773 1242 1832 forma
1271 1771 1510 1845 signum
1539 1771 1721 1841 illud,
1765 1770 1928 1845 quod

0 1853 365 1914 Macedonia
420 1861 664 1926 captum
713 1853 775 1912 in
822 1853 1131 1927 Capitolio
1197 1861 1492 1926 posuerat
1541 1849 1934 1912 Flami-ninus,

0 1935 101 1996 iim
127 1933 241 1996 tria
273 1935 624 1997 ferebantur
652 1934 715 1994 in
757 1936 907 1994 orbe
940 1942 1233 1995 terrarum
1271 1933 1446 2007 signa
1473 1933 1637 1994 Iovis
1667 1935 1934 2008 Impera-

0 2035 19 2080 ι
62 2033 189 2078 uno
223 2015 284 2076 in
314 2032 539 2092 genere
570 2016 976 2090 pulcherrime
1007 2017 1194 2076 facta:
1240 2013 1429 2076 unum
1466 2015 1619 2076 illud
1644 2016 1934 2076 Macedo-

0 2116 101 2171 nn,
148 2098 315 2172 quod
356 2097 417 2157 in
462 2097 759 2172 Capitolio
802 2097 1095 2159 vidimus=
1140 2099 1394 2159 alterum
1444 2097 1506 2158 in
1535 2098 1710 2159 Ponti
1739 2115 1846 2160 ore
1873 2105 1936 2158 et

0 2180 201 2242 ustiisa
244 2181 515 2254 tertium,
567 2181 733 2254 quod
768 2179 1097 2257 Syracusis
1130 2189 1272 2241 ante
1301 2182 1554 2240 Verrem
1589 2188 1932 2257 praetorem

60 2262 216 2324 Illud
240 2262 613 2323 Flamininus
642 2263 727 2324 ita
752 2280 831 2324 ex
860 2264 1015 2324 aede
1051 2280 1164 2324 sua
1196 2263 1470 2336 sustulit,
1500 2272 1568 2325 ut
1597 2263 1659 2322 in
1692 2263 1932 2337 Capito-

14 2345 135 2408 hoc
170 2353 293 2418 est,
331 2345 392 2406 in
426 2345 693 2407 terrestri
722 2344 1026 2408 domicilio
1055 2345 1221 2406 Iovis
1251 2354 1526 2422 poneret.
1570 2345 1712 2408 130.
1757 2345 1934 2417 Quod

0 2445 69 2488 ειη
110 2434 206 2489 est
244 2429 324 2488 ad
368 2427 676 2490 introitum
710 2427 911 2501 Ponti,
948 2427 1041 2504 id,
1085 2445 1272 2502 quum
1315 2437 1437 2490 tam
1477 2429 1663 2489 multa
1706 2442 1785 2487 ex
1827 2427 1930 2486 illo

0 2511 19 2570 i
59 2511 222 2573 bella
262 2511 645 2583 emerserint,
689 2519 811 2572 tam
850 2512 1039 2572 multa·
1074 2527 1263 2586 porro
1308 2510 1370 2570 in
1397 2511 1654 2571 Pontum
1691 2509 1932 2570 invecta

1 2640 17 2669 ,
56 2609 259 2669 usque
287 2594 367 2653 ad
394 2593 552 2654 hanc
582 2593 743 2654 diem
776 2593 1073 2668 integrum
1111 2591 1590 2668 inviolatumque
1607 2601 1928 2653 servatum

44 2677 179 2736 Hoc
208 2675 445 2752 tertium
462 2722 479 2751 ,
528 2677 696 2750 quod
736 2684 867 2736 erat
894 2675 1219 2754 Syracusis
1235 2720 1251 2747 ,
1297 2676 1466 2750 quod
1492 2675 1572 2737 M.
1605 2676 1963 2736 Marcellus·

0 2766 136 2820 atus
170 2767 233 2820 et
256 2757 453 2819 victor
482 2757 745 2832 viderat,
792 2759 954 2833 quod
986 2756 1266 2833 religioni
1295 2766 1718 2832 concesserat,
1763 2757 1933 2832 quod

0 2857 41 2902 ιε
74 2847 259 2916 atque
299 2839 539 2904 incolae
569 2840 943 2917 Syracusani
987 2842 1216 2913 colere,
1259 2842 1537 2900 advenae
1569 2857 1692 2901 non
1733 2841 1933 2901 solum

0 2939 103 2997 re,
145 2939 359 2985 verum
387 2923 568 2984 etiam
598 2923 875 2984 venerari
900 2924 1205 2997 solebant,
1247 2921 1312 2983 id
1339 2923 1567 2984 Verres
1597 2939 1678 2984 ex
1704 2923 1931 2998 templo

2 3023 33 3068 s
62 3005 325 3068 sustulit.
380 3005 523 3068 131.
583 3007 664 3068 Ut
697 3004 948 3081 saepius
976 3006 1057 3066 ad
1074 3005 1427 3066 Marcellum·
1458 3015 1746 3078 revertar,
1777 3003 1931 3066 iudi·

0 3134 8 3160 ,
38 3087 129 3150 sic
156 3089 473 3168 habetote,
516 3089 725 3164 plures
768 3105 911 3150 esse
940 3105 977 3149 a
1004 3087 1414 3164 Syracusanis
1455 3086 1632 3151 istius
1663 3090 1932 3150 adventu

0 3189 59 3246 s,
106 3188 290 3248 quam
328 3171 583 3233 victoria
611 3170 881 3232 Marcelli
919 3170 1198 3232 homines
1230 3170 1634 3233 desideratos.
1696 3168 1929 3230 Etenim

0 3252 339 3330 requisisse
367 3252 545 3315 etiam
598 3253 817 3317 dicitur
844 3253 1275 3316 Archimedem
1303 3253 1502 3327 illum,
1555 3267 1790 3314 summo
1840 3249 1930 3310 in-

0 3336 49 3399 ἰο
93 3336 401 3400 hominem
439 3353 513 3398 ac
558 3336 908 3413 disciplina,
942 3354 1124 3413 quem
1158 3354 1348 3413 quum
1384 3335 1661 3397 audisset
1691 3333 1929 3393 interfe—

0 3438 61 3490 ιι,
102 3421 475 3496 permoleste
504 3419 747 3482 tulissez
791 3419 907 3482 iste
938 3421 1142 3481 omnia
1214 3435 1374 3480 ouae
1412 3415 1734 3490 requisivit
1807 3433 1928 3477 non
