2459 3817
806 122 975 183 GAP.
1014 130 1274 183 17-20.
1319 127 1370 187 S.
1399 129 1468 184 36
1487 156 1556 167 ·-
1576 130 1664 184 42.
2156 124 2279 189 265

204 284 263 337 ει
289 274 448 335 hanc
478 275 773 335 urbanam
809 271 1312 349 suffragationem
1353 271 1594 335 militari
1625 272 1948 350 anteponis
1969 321 1984 348 ,
2027 274 2152 336 noli
2185 276 2275 339 lu-

202 360 419 419 dorum
442 356 623 419 huius
649 357 1009 431 elegantiam
1032 364 1093 418 et
1117 372 1380 418 scaenae
1404 358 1909 433 magnificentiam
1924 358 2106 419 valde
2129 375 2275 421 con-

201 448 501 503 temnere=
556 457 715 517 quae
762 439 902 501 huic
940 439 1272 501 admodum
1313 441 1692 515 prosuerunt.
1761 440 1911 501 Nam
1959 441 2107 518 quid
2157 457 2274 519 ego

202 524 403 585 dicam
445 526 742 601 populum
781 540 855 583 ac
893 525 1117 599 vulgus
1154 522 1571 599 imperitorum
1613 523 1776 584 ludis
1821 540 2042 601 magno
2085 542 2276 602 opere

200 606 539 668 delectari?
600 606 803 667 Minus
839 615 936 668 est
964 606 1338 683 mirandum=
1383 624 1752 685 quamquam
1783 606 1926 668 huic
1955 625 2182 670 causae
2212 610 2271 676 id

202 690 353 752 satis
382 698 498 751 est.
560 690 715 751 Sunt
743 688 903 750 enim
934 689 1153 767 populi
1180 706 1254 751 ae
1283 690 1679 752 multitudiuis
1711 691 1972 753 comitia.
2032 691 2162 765 Qua
2183 710 2270 767 re,

200 772 255 835 si
276 775 509 851 populo
536 775 820 835 ludorum
844 773 1296 850 magnificentia
1317 773 1615 849 voluptati
1636 781 1746 846 est,
1783 792 1907 837 non
1935 784 2031 837 est
2052 775 2270 837 miran-

199 857 345 919 dum
381 874 516 917 eam
548 858 615 917 L.
644 858 936 918 Murenae
978 858 1146 933 apud
1188 858 1482 934 populum
1517 856 1846 931 proruisse.
1917 856 2016 917 39.
2063 858 2194 919 Sed
2220 858 2276 921 si

198 949 441 1003 nosmet
469 940 607 1017 ipsi,
639 940 745 1017 qui
776 948 835 1001 et
863 941 941 1001 ab
972 938 1376 1001 delectatione
1408 939 1571 1000 omni
1604 942 1865 1015 negotiis
1907 939 2276 1015 impedimur

198 1023 348 1087 etin
375 1024 517 1101 ipsa
547 1026 953 1100 occupatione
978 1022 1415 1085 delectationes
1439 1023 1592 1083 alias
1621 1025 1841 1084 multas
1871 1024 2099 1083 habere
2129 1041 2274 1100 pos-

200 1124 431 1179 summ,
462 1106 625 1168 ludis
652 1114 855 1168 tamen
886 1106 1263 1167 oblectamur
1289 1115 1351 1167 et
1379 1105 1674 1181 ducimur,
1706 1106 1854 1183 quid
1884 1115 1950 1168 tu
1977 1106 2274 1169 admirere

200 1190 280 1250 de
309 1188 691 1250 multitudine
718 1189 1012 1250 indocta?
1066 1188 1169 1251 40.
1211 1192 1278 1249 L.
1302 1190 1477 1263 Otho,
1507 1188 1602 1249 vir
1629 1188 1824 1265 fortiS,
1853 1206 2028 1251 meus
2055 1206 2273 1252 neces·

200 1271 432 1346 sariuS,
474 1270 747 1347 equestri
788 1271 987 1334 ordini
1025 1271 1286 1335 restituit
1325 1290 1448 1335 non
1491 1275 1691 1336 solum
1731 1272 2113 1349 dignitatem,
2160 1274 2275 1335 sed

199 1356 381 1419 etiam
408 1358 803 1431 voluptatem.
861 1358 1073 1432 Itaque
1100 1358 1203 1417 lex
1230 1358 1415 1431 haec,
1459 1374 1620 1433 quae
1661 1358 1742 1419 ad
1782 1358 1966 1419 ludos
1993 1357 2274 1433 pertinet,

200 1448 295 1501 est
325 1439 590 1501 omnium
618 1438 983 1515 gratissima,
1014 1440 1183 1516 quod
1210 1440 1647 1503 honestissimo
1672 1440 1870 1502 ordini
1901 1456 2038 1501 cum
2068 1442 2268 1517 splen-

200 1524 351 1585 dore
380 1524 611 1585 rructus
644 1539 894 1601 quoque
924 1522 1317 1586 iucunditatis
1359 1533 1455 1586 est
1487 1524 1822 1587 restitutus.
1905 1525 2036 1599 Qua
2069 1540 2138 1585 re
2167 1526 2273 1586 de-

198 1608 422 1669 lectant
439 1604 739 1682 homines,
771 1606 917 1668 mihi
940 1609 1143 1682 crede,
1168 1606 1314 1679 ludi,
1344 1608 1524 1669 etiam
1550 1608 1710 1683 illos,
1735 1608 1840 1685 qui
1867 1606 2274 1683 dissimulant,

198 1706 321 1751 non
350 1692 549 1751 solum
574 1706 705 1764 εοε,
739 1690 844 1767 qui
867 1693 1160 1752 fatentur=
1195 1693 1365 1767 quod
1388 1708 1502 1767 ego
1528 1689 1588 1751 in
1614 1707 1751 1752 mea
1772 1690 2066 1767 petitione
2083 1692 2272 1751 sensi.

202 1772 347 1834 Nam
390 1790 509 1834 nos
546 1790 795 1849 quoque
834 1774 1156 1834 habuimus
1204 1788 1492 1834 scaenam
1534 1773 2030 1849 competitricem.
2096 1773 2274 1847 Quod

200 1854 254 1918 si
284 1872 424 1931 ego,
458 1854 563 1931 qui
592 1854 787 1917 trinos
822 1856 1004 1917 ludos
1032 1854 1250 1917 aedilis
1283 1858 1565 1929 feceram,
1597 1864 1800 1917 tamen
1827 1854 2080 1917 Antonii
2108 1856 2271 1916 ludis

198 1938 658 2013 commovebar,
690 1938 829 2013 tibi,
860 1937 965 2014 qui
996 1954 1144 1999 casu
1176 1939 1378 1999 nullos
1412 1940 1668 2013 feceraS,
1703 1938 1851 1999 nihil
1879 1938 2062 2000 huius
2090 1938 2272 2001 istam

196 2022 418 2099 ipsam,
450 2038 632 2097 quam
662 2020 902 2096 irrides,
932 2030 1283 2098 argenteam
1314 2038 1601 2083 scaenam
1631 2024 2018 2083 adversatam
2048 2029 2273 2098 putas?

196 2104 300 2167 41.
342 2104 467 2165 Sed
502 2105 655 2168 haec
680 2118 854 2167 'sane
886 2104 1009 2167 sint
1048 2104 1223 2181 paria
1257 2104 1488 2167 omnia=
1536 2105 1616 2167 sit
1644 2122 1757 2183 par
1786 2104 2051 2167 forensis
2081 2122 2272 2183 opera

196 2186 469 2261 militari,
514 2186 593 2251 sit
632 2204 745 2265 par
770 2186 1011 2249 militari
1046 2188 1402 2265 suffragatio
1432 2189 1693 2262 urbana,
1743 2190 1822 2251 sit
1848 2188 2011 2250 idem
2041 2189 2268 2264 magni-

198 2270 633 2333 ficentissimos
670 2280 731 2333 et
758 2272 961 2333 nullos
994 2288 1282 2348 umquam
1314 2271 1538 2334 fecisse
1568 2274 1778 2334 ludos=
1825 2270 2006 2349 quid,
2039 2272 2101 2332 in
2132 2271 2272 2348 ipsa

198 2363 485 2431 praetura
517 2352 745 2416 nihilne
786 2354 1101 2417 existimas
1143 2354 1302 2417 inter
1328 2364 1490 2417 tuam
1525 2364 1587 2417 et
1623 2353 1802 2417 istius
1833 2363 2060 2417 sortem
2087 2354 2269 2417 inter-

203 2436 441 2499 fuisse?
1973 2444 1976 2449 “

365 2521 491 2583 XX.
532 2520 729 2583 Huius
762 2540 901 2583 sors
930 2539 1005 2583 ea
1040 2523 1176 2597 ruit,
1222 2538 1405 2599 quam
1434 2538 1649 2584 omnes
1679 2520 1765 2585 tui
1794 2520 2133 2585 necessarii
2163 2520 2272 2582 tibi

200 2603 581 2679 optabamus,
616 2603 765 2666 iuris
787 2604 1066 2667 dicundi=
1096 2606 1160 2667 in
1187 2624 1309 2683 qua
1331 2607 1585 2683 gloriam
1612 2605 1897 2667 conciliat
1915 2605 2269 2681 magnitudo

198 2686 445 2763 negotii,
482 2686 734 2764 gratiam
755 2688 1077 2765 aequitatis
1102 2688 1371 2765 largitio=
1397 2689 1603 2765 quain
1629 2697 1794 2750 sorte
1820 2687 2070 2765 sapiens
2095 2702 2267 2764 prae·

200 2779 326 2843 tor,
376 2772 574 2848 qualis
614 2770 733 2839 hic,
758 2771 897 2845 fuit,
945 2772 1352 2834 offensionem
1395 2770 1544 2834 vitat
1590 2771 2018 2847 aequabilitate
2061 2772 2270 2832 decer·

199 2854 417 2930 nendi,
458 2854 947 2917 benevolentiam
981 2854 1257 2931 adiungit
1285 2855 1529 2935 lenitate
1559 2854 1866 2917 audiendi.
1921 2854 2184 2931 Egregia
2214 2860 2274 2915 et

200 2938 282 2999 ad
322 2939 706 3000 consulatum
739 2947 883 3015 apta
918 2938 1263 3014 provincia,
1311 2938 1373 2998 in
1410 2957 1532 3014 qua
1561 2940 1694 3000 laus
1724 2936 2080 3015 aequitatiS,
2119 2938 2270 2998 inte—

199 3020 465 3097 gritatis,
515 3020 817 3083 facilitatis
860 3022 939 3082 ad
981 3028 1316 3083 extremum
1357 3023 1638 3084 ludorum
1679 3024 1992 3098 voluptate
2024 3022 2270 3082 conclu-

200 3101 379 3166 ditur.
442 3104 545 3167 42.
589 3105 742 3179 Quid
778 3113 881 3165 tua
911 3112 1093 3165 sors?
1139 3104 1346 3180 tristiS,
1375 3112 1581 3167 atrox=
1620 3106 1897 3179 quaestio
1930 3106 2269 3181 peculatus,

201 3204 282 3249 ex
310 3189 499 3249 altera
529 3196 701 3265 parte
730 3186 1111 3250 lacrimarum
1140 3197 1200 3250 et
1230 3188 1565 3265 squaloris,
1595 3208 1674 3251 ex
1694 3194 1887 3252 altera
1911 3191 2146 3263 plena†
2172 3202 2272 3248 ca-

200 3279 477 3333 tenarum
498 3280 683 3349 atque
705 3270 1004 3333 indicum=
1041 3272 1304 3347 eogendi
1325 3271 1559 3334 iudices
1582 3270 1771 3345 inviti,
1801 3268 2101 3330 retinendi
2126 3286 2272 3330 con-

202 3361 296 3415 tra
318 3356 720 3416 voluntatem:
757 3356 961 3417 scriba
982 3356 1320 3427 damnatuS,
1352 3356 1504 3416 ordo
1533 3363 1696 3416 totus
1720 3352 1988 3413 alienus:
2023 3352 2268 3413 Sullana
