2459 3817
247 155 325 217 16
561 156 709 216 PRO
752 155 919 215 SEX.
963 154 1240 215 Roscio
1282 152 1631 213 AMERINO
1678 152 1979 213 ORATIO.

247 307 478 382 populo
508 302 914 378 gratissimum
937 311 1049 364 est.
1084 302 1319 362 Deinde
1336 348 1351 374 ‚
1385 302 1439 362 si
1462 300 1704 375 voletis,
1731 304 1908 363 etiam
1932 310 2090 375 tum,
2115 320 2310 378 quum

248 387 376 447 veri
409 386 602 446 simile
633 384 744 446 erit
777 385 1038 461 aliquem
1069 382 1477 457 commisisse,
1520 384 1581 444 in
1618 382 1969 463 suspicione
2003 385 2311 446 latratote.
2423 458 2424 467 ἵ

245 470 315 529 ld
349 484 596 544 quoque
626 467 883 528 concedi
911 476 1132 543 potest.
1185 465 1292 526 Sin
1322 475 1522 526 autem
1552 466 1642 527 sic
1672 468 1896 540 agetis,
1936 472 2002 527 ut
2030 467 2308 543 arguatis

245 551 512 627 aliquem
549 557 779 625 patrem
823 550 1128 611 occidisse
1167 565 1371 625 neque
1423 549 1628 609 dicere
1664 547 1919 623 possitis
1958 558 2064 610 aut
2111 566 2309 624 quare

246 642 350 695 aut
392 648 513 707 quo
547 633 730 693 modo
765 648 837 693 ac
881 640 1108 693 tantum
1150 633 1334 693 modo
1384 630 1517 692 sine
1566 628 1921 706 suspicione
1974 630 2307 703 latrabitiS,

248 731 425 775 crura
467 713 710 789 quidem
751 714 930 775 vobis
969 732 1146 775 nemo
1190 712 1538 788 suffringet,
1580 712 1693 773 sed
1734 710 1787 773 si
1825 728 1941 787 ego
1986 713 2105 773 hos
2142 712 2313 773 bene

247 796 425 869 novi,
457 797 711 857 litteram
733 796 921 868 illam,
957 798 1051 857 cui
1082 814 1198 857 vos
1225 814 1428 872 usque
1462 812 1537 856 eo
1567 794 1791 855 inimici
1813 794 1991 869 estiS,
2022 804 2087 855 ut
2120 794 2307 855 etiam

245 880 377 939 Kal.
429 895 641 939 omnes
683 878 960 951 oderitis,
1005 880 1088 939 ita
1127 878 1519 939 vehementer
1556 878 1637 937 ad
1682 884 1866 953 caput
1903 878 2205 951 adfigent,
2242 888 2314 937 ut

249 969 466 1037 postea
506 960 804 1021 neminem
835 960 1017 1020 alium
1045 960 1165 1020 nisi
1200 963 1473 1025 fortunas
1501 967 1740 1022 vestras
1772 976 2065 1021 accusare
2097 959 2309 1033 possi·

249 1044 343 1105 tis.
429 1044 583 1105 XXI.
628 1040 728 1104 58.
777 1042 934 1115 Quid
968 1042 1112 1103 mihi
1140 1043 1220 1102 ad
1252 1043 1699 1103 defendendum
1730 1040 1981 1115 dedisti,
2009 1042 2174 1101 bone
2202 1058 2309 1103 ac-

249 1134 540 1186 cusator?
597 1125 742 1203 quid
775 1124 946 1185 hisce
975 1132 1176 1185 autem
1205 1126 1285 1185 ad
1315 1124 1794 1202 suspicandum?
1814 1156 1897 1167 —-
1928 1124 2017 1183 Ne
2046 1124 2309 1184 exhere-

247 1210 492 1269 daretur
521 1207 748 1268 veritus
785 1217 896 1268 est.
932 1240 1018 1252 ——
1069 1206 1303 1281 Audio,
1335 1210 1447 1269 sed
1476 1223 1599 1284 qua
1627 1208 1704 1267 de
1734 1222 1922 1267 causa
1951 1205 2152 1265 vereri
2192 1207 2309 1265 de-

244 1290 444 1352 buerit
469 1307 647 1351 nemo
673 1289 836 1352 dicit.
853 1323 939 1335 -—
967 1290 1243 1350 Habebat
1268 1297 1445 1365 pater
1471 1290 1533 1348 in
1563 1289 1883 1349 animo.—-
1910 1289 2159 1347 Planum
2182 1289 2305 1349 fac.

245 1372 405 1432 Nihil
441 1379 565 1433 est=
606 1389 764 1445 non,
815 1371 1057 1447 quicum
1087 1372 1460 1442 deliberarit,
1508 1388 1689 1445 quem
1706 1370 2039 1445 -certiorerp
2070 1371 2301 1442 fecerit,

243 1455 409 1514 unde
461 1453 625 1514 istud
665 1454 842 1514 vobis
885 1453 1188 1529 suspicari
1238 1453 1299 1512 in
1340 1460 1599 1516 mentem
1638 1453 1890 1514 venerit.
1952 1452 2146 1526 Quum
2182 1452 2308 1513 hoc

245 1537 428 1596 modo
472 1551 763 1607 accusaS,
815 1535 1024 1609 Eruci,
1081 1552 1285 1596 nonne
1325 1536 1443 1596 hoc
1481 1539 1681 1611 palam
1720 1536 1905 1596 dicis=
1976 1536 2107 1611 Ego
2154 1537 2307 1609 quid

246 1617 587 1693 acceperim
631 1619 793 1691 scio,
845 1617 993 1692 quid
1044 1616 1240 1678 dicam
1281 1620 1520 1679 nescio:
1577 1636 1765 1678 unum
1804 1618 1954 1678 illud
2008 1618 2305 1692 spectavi,

247 1701 415 1776 quod
443 1700 878 1779 Chrysogonus
913 1700 1142 1774 aiebat,
1183 1700 1483 1761 neminem
1525 1700 1625 1761 isti
1656 1709 1976 1778 patronum
2005 1702 2303 1762 futurum:

245 1784 324 1843 de
353 1785 651 1853 bonorum
682 1786 988 1860 emptione
1023 1785 1226 1859 deque
1265 1800 1341 1843 ea
1370 1784 1659 1844 societate
1689 1783 1989 1844 neminem
2018 1798 2161 1843 esse
2198 1784 2305 1857 qui

246 1866 496 1925 verbum
531 1868 732 1927 facere
752 1870 1009 1929 auderet
1038 1870 1159 1930 hoc
1188 1869 1507 1939 tempore?
1527 1867 1695 1926 Haec
1724 1875 1783 1927 te
1812 1865 2019 1941 opinio
2050 1866 2209 1925 falsa
2239 1866 2303 1925 in

245 1947 422 2006 istam
457 1948 730 2007 fraudem
756 1948 1022 2024 impulit:
1069 1966 1193 2010 non
1223 1949 1605 2011 mehercules
1643 1949 1892 2008 verbum
1922 1947 2212 2020 fecisseS,
2248 1948 2301 2007 si

248 2028 350 2088 tibi
383 2044 746 2104 quemquam
774 2048 1212 2104 responsurum
1246 2040 1551 2106 putasses.
1614 2028 1713 2091 59.
1761 2030 1995 2106 Operae
2039 2034 2303 2107 pretium

247 2118 403 2182 erat,
434 2111 486 2171 si
515 2110 1027 2173 animadvertistis
1045 2158 1060 2184 ,
1101 2111 1369 2187 iudices,
1399 2112 1828 2187 negligentiam
1858 2112 1991 2173 eius
2024 2112 2086 2171 in
2116 2129 2299 2173 aecu—

247 2194 441 2253 sando
494 2192 903 2254 considerare.
977 2193 1200 2267 Cred0,
1248 2212 1434 2269 quum
1466 2194 1723 2256 vidisset
1768 2195 1873 2271 qui
1913 2195 2193 2256 homines
2240 2196 2299 2254 in

247 2274 418 2336 hisce
463 2275 770 2337 subselliis
803 2277 1118 2349 sederent,
1164 2278 1489 2351 quaesisse
1526 2294 1671 2338 num
1700 2277 1800 2337 ille
1828 2286 1931 2337 aut
1958 2276 2058 2337 ille
2089 2280 2299 2337 desen-

246 2375 427 2418 surus
457 2368 649 2419 esset:
695 2359 772 2419 de
801 2375 898 2419 me
928 2375 1005 2418 ne
1034 2360 1410 2433 suspicatum
1447 2358 1689 2433 quidem
1718 2377 1889 2433 esse,
1921 2360 2087 2435 quod
2120 2369 2302 2420 antea

246 2455 493 2500 causam
534 2439 838 2515 publicam
875 2442 1100 2500 nullam
1143 2440 1418 2501 dixerim.
1480 2443 1885 2517 Posteaquam
1928 2440 2160 2502 invenit
2192 2459 2299 2502 ne-

245 2522 464 2580 minem
492 2538 731 2595 eorum,
767 2521 870 2597 qui
899 2532 1159 2597 possunt
1186 2532 1247 2583 et
1276 2526 1503 2597 solent,
1534 2524 1617 2585 ita
1645 2526 1959 2599 negligens
1984 2540 2126 2589 esse
2158 2540 2299 2585 coe-

245 2602 362 2677 pit,
393 2612 459 2663 ut
493 2621 676 2677 quum
705 2604 766 2663 in
795 2611 1055 2665 mentem
1083 2605 1316 2666 veniret
1345 2606 1429 2679 ei,
1463 2606 1787 2680 resideret,
1826 2606 2047 2666 deinde
2072 2606 2299 2680 spatia-

244 2692 434 2757 retur,
475 2702 924 2763 nonnumquam
955 2686 1133 2749 etiam
1163 2706 1419 2763 puerum
1452 2697 1731 2762 vocaret,
1780 2690 1996 2761 credo,
2050 2692 2149 2751 cui
2204 2704 2297 2749 ce-

247 2783 384 2825 nam
413 2766 766 2842 imperaret,
811 2786 1065 2844 prorsus
1093 2779 1160 2831 ut
1185 2780 1392 2831 vestro
1424 2788 1727 2833 consessu
1758 2782 1817 2833 et
1842 2772 1960 2832 hoc
1992 2778 2301 2832 conventu

244 2860 356 2923 pro
401 2866 633 2912 summa
671 2851 996 2912 solitudine
1031 2853 1391 2913 abuteretur.
1478 2853 1657 2914 XXII.
1702 2854 1801 2915 60.
1852 2852 2164 2915 Peroravit
2192 2853 2275 2912 ali

243 2933 519 3005 quando=
571 2933 837 2994 adsedit:
889 2935 1126 2995 surrexi
1167 2952 1303 3010 ego.
1370 2936 1698 3010 Respirare
1736 2936 1910 2997 visus
1952 2945 2103 3009 est‚·
2130 2936 2297 3009 quod

243 3030 366 3073 non
400 3014 556 3075 alius
597 3016 801 3090 potius
845 3015 1090 3077 diceret.
1165 3017 1355 3094 Coepi
1387 3018 1609 3081 dicere.
1680 3019 1891 3094 Usque
1922 3034 1996 3079 eo
2028 3017 2296 3078 animad-

244 3094 423 3167 verti,
471 3096 734 3169 iudices,
779 3114 915 3159 eum
943 3097 1130 3161 iocari
1169 3109 1353 3176 atque
1382 3102 1533 3161 alias
1561 3118 1663 3161 res
1692 3118 1904 3177 agere,
1946 3109 2084 3161 ante
2114 3116 2299 3175 quam

245 3178 707 3255 Chrysogonum
755 3179 1089 3241 nominavi=
1144 3200 1328 3258 quem
1378 3184 1557 3244 simul
1612 3193 1797 3259 atque
1847 3182 2044 3257 attigi,
2096 3183 2299 3242 statim

245 3258 424 3321 homo
473 3277 541 3321 se
585 3260 816 3322 erexit:
858 3262 1060 3323 mirari
1097 3264 1273 3325 visus
1318 3276 1429 3325 est.
1492 3266 1769 3327 Intellexi
1815 3266 1961 3339 quid
2002 3282 2140 3325 eum
2182 3282 2297 3339 pu-

245 3344 534 3417 pugisset.
578 3346 818 3425 *Iterum
863 3362 935 3405 ac
969 3346 1143 3408 tertio
1183 3348 1510 3408 nominavi.
1571 3349 1792 3410 Postea
1834 3347 2112 3408 homines
2162 3362 2296 3408 cur-
