2459 3817
204 139 248 206 8
268 179 281 192 -
820 135 971 201 PRO
998 137 1063 197 P.
1092 135 1346 198 SULLA
1375 132 1679 198 ORATIO.

218 292 337 354 hoc
363 306 642 366 regnare,
678 305 866 364 quum
894 303 1105 350 verum
1137 288 1369 350 iuratus
1406 288 1596 362 dicas,
1639 287 1918 364 probare.
1973 287 2064 348 De
2100 282 2300 348 huius

218 392 332 450 spe
348 383 575 436 tantum
599 371 768 444 dico,
812 372 1011 432 nullas
1053 389 1089 431 a
1116 388 1214 432 me
1249 387 1402 448 opes
1434 373 1498 432 P.
1529 372 1785 444 Sullam,
1817 372 2041 433 nullam
2071 379 2300 446 poten·

220 456 540 531 tiam,nihil
564 455 831 528 denique
864 463 1105 529 praeter
1132 456 1316 516 fidem
1346 455 1724 517 defensionis
1752 463 2137 530 exspectare.
2185 453 2296 515 22.

220 541 348 602 Nisi
378 549 459 609 tu,
485 537 696 612 inquit,
724 553 973 598 causam
1002 538 1372 613 recepisses,
1409 555 1739 613 numquam
1766 536 1912 598 mihi
1941 536 2296 609 restitisset,

222 625 335 685 sed
364 622 589 682 indicta
618 637 808 681 causa
836 620 1227 694 profugisset.
1296 619 1363 682 Si
1393 619 1514 682 iam
1540 621 1648 683 tibi
1678 622 1798 682 hoc
1827 620 2186 694 concedam,
2220 618 2299 692 Q.

222 703 629 775 Hortensium,
660 712 824 764 tanta
846 703 1144 778 gravitate
1172 701 1498 776 hominem,
1533 703 1605 776 si,
1636 705 1753 765 hos
1779 705 1936 766 tales
1967 701 2138 764 viros
2167 718 2300 762 non

225 803 341 850 suo
372 796 534 850 stare
562 785 807 857 iudicio,
842 787 956 846 sed
986 802 1154 848 meos
1200 785 1255 846 si
1276 787 1394 848 hoc
1427 786 1535 848 tibi
1563 788 1723 860 dem,
1760 787 1927 862 quod
1957 783 2125 845 credi
2169 801 2300 845 non

224 879 447 948 potest,
482 869 600 930 nisi
628 887 744 946 ego
775 868 916 930 huic
944 871 1380 942 adessem,hos
1411 871 1729 932 adfuturos
1758 886 1881 931 non
1913 868 2125 941 fuisse,
2159 875 2301 928 uter

225 956 468 1018 tandem
496 969 610 1014 rex
638 961 751 1026 est,
781 953 933 1026 isne,
976 954 1074 1013 cui
1105 952 1466 1014 innocentes
1495 954 1774 1015 homines
1815 969 1948 1014 non·
1980 949 2300 1023 resistunt,

226 1056 303 1099 an
332 1037 419 1111 is,
471 1035 577 1112 qui
630 1036 1021 1097 calamitosos
1050 1052 1174 1096 non
1204 1036 1477 1098 deseritt
1529 1040 1612 1098 At
1639 1037 1739 1097 hic
1767 1035 1979 1109 etiam,
2027 1033 2093 1095 id
2126 1034 2300 1109 quod

227 1121 471 1182 minime
500 1119 605 1180 tibi
627 1135 889 1180 necesse
922 1119 1059 1192 fuit,
1098 1119 1334 1181 facetus
1364 1136 1508 1181 esse
1527 1119 1793 1192 voluisti,
1825 1135 2013 1193 quum
2041 1115 2300 1190 Tarqui-

226 1203 391 1266 nium
425 1212 487 1265 et
505 1203 758 1263 Numam
787 1210 849 1263 et
868 1218 965 1262 me
986 1203 1223 1264 tertium
1248 1203 1636 1279 peregrinum
1663 1218 1870 1278 regem
1891 1217 2036 1262 esse
2067 1197 2300 1261 dixisti.

224 1287 394 1348 Mitto
442 1284 564 1346 iarn
603 1286 681 1344 de
723 1301 867 1360 rege
899 1300 1226 1359 quaerere=
1270 1285 1419 1347 illud
1451 1301 1677 1361 quaero
1693 1331 1709 1358 ,
1761 1283 2148 1360 peregrinum
2190 1297 2302 1344 eur

228 1386 325 1430 me
354 1385 496 1429 esse
526 1367 776 1428 dixeris.
862 1367 1010 1427 Nam
1042 1367 1097 1427 si
1126 1367 1209 1429 ita
1237 1385 1404 1442 sum,
1447 1385 1574 1430 non
1601 1377 1724 1430 tam
1751 1377 1850 1430 est
1875 1365 2299 1428 admirandum

227 1466 435 1525 regem
475 1465 571 1508 me
615 1465 792 1522 esse,
842 1449 1159 1525 quoniam,
1202 1458 1270 1510 ut
1300 1460 1366 1513 tu
1400 1451 1523 1525 ais,
1563 1451 1743 1514 etiam
1783 1449 2088 1527 peregrini
2114 1465 2300 1524 reges

229 1535 458 1596 Romae
502 1533 770 1606 suerunt,
810 1549 993 1606 quam
1040 1535 1354 1594 consulem
1380 1535 1614 1596 Romae
1638 1536 1845 1596 fuisse
1886 1533 2300 1609 peregrinum.

229 1616 329 1677 23.
376 1615 512 1676 Hoc
540 1612 699 1687 dice,
734 1612 947 1690 inquit,
976 1623 1036 1677 te
1065 1631 1209 1676 esse
1237 1631 1318 1676 ex
1349 1616 1698 1693 municipio.
1769 1618 2008 1689 Fateor,
2039 1625 2102 1676 et
2132 1616 2302 1676 addo

230 1699 412 1760 etiam
443 1714 524 1759 ex
552 1713 627 1758 co
658 1697 1009 1774 municipio,
1046 1699 1210 1760 unde
1237 1699 1452 1762 iterum
1484 1702 1603 1761 iam
1647 1703 1816 1762 salus
1855 1700 1996 1760 huic
2025 1697 2164 1760 urbi
2191 1698 2307 1776 im-

232 1782 530 1859 perioque
568 1781 759 1842 missa
790 1790 904 1844 est.
948 1782 1075 1843 Sed
1102 1783 1262 1844 scire
1295 1800 1374 1844 ex
1416 1794 1476 1844 te
1517 1783 1811 1858 pervelim
1841 1798 2026 1857 quam
2055 1783 2134 1842 ob
2169 1797 2300 1842 rem

232 1865 336 1942 qui
359 1882 437 1926 ex
458 1864 805 1942 municipiis
832 1864 1074 1928 veniant
1107 1866 1412 1942 peregrini
1434 1865 1542 1928 tibi
1564 1882 1708 1928 esse
1732 1865 2069 1927 videantur.
2108 1865 2301 1925 Nemo

230 1950 386 2010 istuc
430 1950 511 2007 M.
553 1949 639 2009 illi
673 1949 886 2010 Catoni
928 1950 1091 2024 seni,
1142 1967 1330 2026 quum
1368 1949 1662 2026 plurimos
1702 1949 1955 2012 haberet
1996 1945 2302 2019 inimicos,

232 2048 410 2092 nemo
441 2030 529 2090 Ti.
555 2032 953 2104 Coruncanio,
986 2050 1166 2094 nemo
1195 2035 1296 2092 Μ’.
1329 2033 1528 2106 curie,
1555 2049 1734 2093 nemo
1762 2031 1906 2092 huic
1935 2030 2056 2107 ipsi
2086 2037 2300 2091 nostro

234 2115 296 2174 C.
330 2113 543 2184 Mario,
579 2131 765 2188 quum
798 2113 856 2174 ei
884 2115 1051 2176 multi
1079 2114 1439 2189 inviderent,
1473 2115 1697 2176 obiecit
1723 2131 2030 2189 umquam.
2112 2111 2302 2188 Equi-

234 2196 371 2256 dem
397 2195 787 2257 vehementer
807 2198 998 2258 laetor
1020 2214 1159 2258 eum
1187 2215 1332 2260 esse
1355 2216 1472 2272 me,
1493 2199 1554 2259 in
1579 2214 1760 2275 quem
1793 2207 1872 2271 tu,
1901 2213 2088 2274 quum
2114 2211 2302 2271 cupe-

230 2295 353 2354 res„
384 2280 613 2340 nullam
643 2279 1114 2340 contumeliam
1098 2297 1302 2343 1acere
1328 2280 1621 2357 potueris,
1655 2297 1813 2356 quae
1843 2298 1968 2342 non
1999 2282 2080 2341 ad
2109 2277 2302 2340 maxi·-

232 2378 392 2422 mam
436 2369 673 2437 partem
713 2362 937 2422 civium
972 2365 1348 2426 conveniret.
1432 2366 1594 2425 V111.
1638 2365 1766 2426 Sed
1805 2373 2006 2426 tamen
2041 2371 2103 2424 te
2133 2381 2172 2424 a
2205 2377 2306 2422 me

232 2461 346 2520 pro
388 2445 625 2518 magnis
667 2445 874 2506 causis
918 2455 1166 2508 nostrae
1205 2446 1679 2510 necessitudinis
1734 2448 2106 2509 monendum
2159 2461 2305 2506 esse

235 2526 417 2588 etiam
446 2535 631 2602 atque
661 2526 841 2588 etiam
871 2537 1041 2602 puto.
1125 2531 1258 2592 Non
1299 2540 1563 2606 possunt
1603 2546 1814 2593 omnes
1850 2548 1995 2592 esse
2033 2527 2304 2606 patricii=

235 2608 290 2670 si
317 2626 529 2670 verum
560 2611 823 2686 quaeris,
848 2627 925 2672 ne
950 2619 1163 2672 curant
1186 2614 1462 2688 quideme
1493 2630 1606 2675 nec
1637 2630 1706 2676 se
1729 2616 2022 2690 aequales
2048 2613 2137 2674 tui
2159 2628 2304 2688 pro-

236 2701 369 2770 pter
402 2692 578 2754 istam
611 2709 858 2755 causam
887 2695 1000 2756 abs
1029 2704 1090 2757 te
1122 2695 1339 2758 anteiri
1373 2705 1606 2772 putant.
1691 2694 1793 2758 24.
1837 2700 1932 2758 Ac
1967 2696 2022 2758 si
2049 2695 2157 2757 tibi
2185 2711 2306 2756 nos

236 2775 541 2851 peregrini
574 2777 881 2853 videmur,
925 2795 1183 2853 quorum
1212 2780 1332 2841 iam
1367 2797 1592 2842 nomen
1621 2787 1684 2842 et
1712 2780 1913 2842 honos
1943 2777 2306 2842 inveteravit

236 2868 297 2920 et
327 2860 459 2920 urbi
489 2860 629 2922 huic
658 2869 718 2922 et
748 2861 1059 2923 hominum
1089 2866 1287 2926 ramae
1314 2880 1387 2925 ac
1421 2863 1837 2936 sermonibus,
1885 2879 2067 2939 quam
2095 2859 2202 2920 tibi
2231 2861 2302 2918 it-

232 2943 331 3003 los
365 2943 797 3019 competitores
829 2953 969 3006 tuos
988 2947 1346 3022 peregrinos
1373 2945 1566 3008 videri
1595 2963 1858 3008 necesse
1889 2947 2018 3019 erit,
2049 2942 2153 3020 qui
2181 2941 2304 3003 iam

234 3040 313 3086 ex
344 3034 466 3086 tota
512 3027 683 3087 ltalia
720 3028 941 3090 delecti
982 3038 1179 3090 tecum
1210 3032 1288 3090 de
1317 3031 1551 3091 honore
1595 3045 1668 3090 ac
1703 3031 1781 3090 de
1814 3029 1979 3089 omni
2013 3027 2308 3103 dignitate

233 3111 635 3172 contendent=
681 3127 938 3186 quorum
975 3120 1037 3172 tu
1070 3129 1222 3174 cave
1265 3129 1632 3188 quemquam
1673 3113 2059 3189 peregrinum
2091 3110 2306 3186 appel-

231 3193 353 3267 les»,
398 3210 477 3258 ne
517 3192 977 3268 peregrinorum
1030 3195 1339 3269 suffragiis
1379 3197 1659 3258 obruare.
1747 3195 1860 3270 Qui
1903 3197 1956 3256 si
2000 3191 2306 3256 attulerint

230 3290 458 3341 nervos
492 3286 561 3342 et
587 3275 966 3349 industriam,
995 3277 1139 3337 mihi
1170 3279 1372 3352 crede,
1403 3279 1716 3341 excutient
1741 3279 1848 3340 tibi
1877 3279 2055 3339 istam
2083 3277 2302 3338 verbo-

227 3373 359 3419 rum
409 3359 801 3430 iactationem
844 3369 907 3422 et
943 3367 1005 3422 te
1035 3376 1113 3421 ex
1158 3377 1376 3423 somno
1419 3377 1610 3438 saepe
1651 3361 2004 3422 excitabunt
2041 3375 2158 3420 nec
2195 3376 2300 3434 pa·
