2459 3817
726 137 895 202 CAP.
923 147 1185 203 42—45.
1228 146 1281 208 S.
1309 145 1576 206 92—98.
2110 143 2204 209 79

129 307 271 352 num
303 288 789 354 facinerosorum
824 292 1148 354 concitavit
1175 300 1236 353 et
1267 308 1484 354 servos
1525 293 1604 354 ad
1638 293 1890 354 caedem
1931 292 2196 356 idoneos

126 374 269 434 emit
297 383 359 434 et
387 375 447 434 in
478 377 783 436 tribunatu
814 390 1121 454 carcerem
1153 383 1342 437 totum
1376 374 1434 436 in
1468 378 1664 437 forum
1697 376 1940 451 effudit,
1983 377 2198 440 volitat

124 457 373 530 aediliS,
420 467 671 520 accusat
701 475 870 531 eum,
914 458 1019 535 qui
1060 458 1267 535 aliqua
1295 475 1373 518 ex
1409 467 1582 534 parte
1615 459 1750 520 eius
1787 461 2052 521 furorem
2087 477 2192 520 ex·

123 543 445 601 sultantem
470 541 795 616 repressit:
842 540 969 616 bic,
999 542 1105 619 qui
1134 558 1205 603 se
1231 548 1331 603 est
1361 550 1586 604 tutatus
1617 541 1736 614 sic,
1771 543 1926 604 utin
1957 541 2196 620 privata

120 640 188 684 re
229 625 385 683 deos
424 633 675 698 penates
717 641 899 698 suos,
951 627 1011 686 in
1061 642 1129 687 re
1175 625 1424 700 publica
1463 627 1594 686 iura
1634 625 1974 688 tribunatus
2005 636 2196 703 atque

120 707 401 780 auspicia
428 709 811 781 defenderet,
844 725 1141 770 accusare
1164 726 1306 770 eum
1331 709 1672 781 moderate,
1703 725 1742 768 a
1773 727 1894 784 quo
1923 710 2061 786 ipse
2085 728 2190 772 ne·

120 790 271 850 farie
300 799 654 862 accusatur,
702 807 813 866 per
846 801 1099 854 senatus
1130 791 1544 852 auctoritatem
1575 808 1696 851 non
1727 801 1822 853 est
1849 793 2022 855 situs.
2085 794 2189 858 96.

116 870 405 934 Nimirum
444 874 563 936 hoc
602 874 752 937 illud
791 881 917 948 est,
967 877 1136 950 quod
1165 877 1244 935 de
1279 890 1375 934 me
1409 873 1791 949 potissimum
1823 884 1887 936 tu
1915 876 1977 936 in
2011 893 2189 938 accu-

118 956 356 1017 satione
400 957 724 1032 quaesisti,
780 973 975 1032 quae
1018 966 1237 1019 esset
1284 964 1554 1017 nostra
1593 959 1805 1019 natio
1858 959 2188 1033 optima-

113 1039 327 1100 tiurm
372 1039 462 1100 sic
503 1041 663 1100 enim
706 1039 931 1100 dixisti.
996 1042 1150 1100 Rem
1185 1039 1432 1115 quaeris
1475 1043 1852 1114 praeclaram
1892 1041 2196 1104 iuventuti

114 1123 195 1182 ad
225 1122 588 1183 discendum
618 1139 735 1184 nec
772 1121 919 1182 mihi
958 1123 1270 1183 difficilem
1299 1122 1376 1182 ad
1411 1123 1902 1197 perdocendum,
1954 1126 2032 1186 de
2065 1143 2190 1200 qua

114 1220 333 1280 pauca,
368 1205 625 1280 iudices,
656 1207 885 1278 dicam,
920 1213 998 1279 et,
1032 1214 1099 1267 ut
1125 1204 1402 1279 arbitror,
1437 1221 1552 1266 nec
1577 1208 1654 1267 ab
1681 1207 1934 1269 utilitate
1957 1225 2188 1281 eorum,

118 1288 223 1363 qui
252 1287 527 1360 audient,
559 1305 675 1350 nec
700 1289 778 1348 ab
810 1287 1016 1350 officio
1048 1297 1258 1351 vestro
1287 1304 1401 1350 nec
1431 1288 1671 1365 abipsa
1701 1306 1891 1352 causa
1912 1292 1976 1352 P.
2003 1291 2192 1354 Sestii

114 1371 467 1432 abhorrebit
496 1372 689 1434 oratio
720 1388 875 1432 mea.

281 1454 464 1516 XLV.
509 1457 644 1517 Duo
667 1473 895 1532 genera
924 1472 1169 1532 semper
1189 1455 1252 1517 in
1275 1455 1392 1518 bac
1415 1457 1658 1521 civitate
1685 1459 1930 1521 fuerunt
1959 1474 2188 1535 eorum,

116 1538 224 1614 qui
250 1538 488 1601 versari
522 1541 579 1600 in
620 1556 690 1600 re
719 1539 963 1617 publica
1002 1549 1186 1615 atque
1214 1539 1278 1601 in
1315 1558 1390 1602 ea
1428 1559 1498 1604 se
1541 1543 1943 1608 excellentius
1971 1559 2190 1620 gerere

114 1624 506 1684 studuerunt·
550 1623 779 1703 quibus
808 1641 884 1685 ex
916 1625 1246 1698 generibus
1287 1625 1461 1688 alteri
1491 1643 1560 1686 se
1599 1628 1960 1701 populares,
2014 1627 2190 1686 alteri

115 1705 441 1780 optimates
471 1714 532 1766 et
561 1707 773 1767 haberi
806 1715 867 1767 et
895 1722 1039 1768 esse
1072 1709 1410 1768 voluerunt.
1496 1707 1612 1781 Qui
1651 1723 1755 1779 ea,
1802 1723 1961 1780 quae
2005 1708 2186 1766 facie-

111 1788 263 1848 bant
302 1804 585 1864 quaeque
628 1788 941 1863 dicebant,
988 1788 1352 1866 multitudini
1391 1788 1659 1850 iucunda
1697 1790 1983 1849 volebant
2022 1804 2193 1864 esse,

111 1872 477 1946 populares=
511 1870 617 1947 qui
646 1880 848 1933 autem
872 1871 955 1932 ita
983 1887 1053 1932 se
1077 1873 1401 1946 gerebant,
1429 1880 1496 1933 ut
1523 1887 1638 1932 sua
1667 1870 1926 1932 consilia
1956 1871 2197 1946 optimo-

113 1953 341 2030 cuique
370 1955 726 2030 probarent,
758 1953 1082 2031 optimates
1111 1954 1507 2015 habebantur.
1568 1951 1670 2016 97.
1715 1953 1862 2028 Quis
1893 1970 2040 2029 ergo
2070 1954 2201 2016 iste-

116 2036 389 2106 optimus
434 2035 737 2108 quisque?
822 2036 1117 2103 Numero,
1163 2035 1216 2095 si
1263 2035 1535 2111 quaeris,
1580 2033 2052 2096 innumerabiles
2088 2065 2166 2078 ---

114 2129 324 2188 neque
354 2117 514 2179 enim
556 2117 735 2177 aliter
764 2125 929 2178 stare
968 2134 1300 2192 possemus
1340 2137 1452 2180 -ε
1497 2126 1643 2180 sunt
1667 2117 1999 2192 principes
2043 2131 2189 2176 con·

116 2199 240 2260 silii
268 2200 525 2274 publici,
578 2209 719 2262 sunt
748 2200 853 2277 qui
882 2217 1095 2262 eorum
1126 2208 1356 2261 sectam
1399 2207 1770 2276 sequuntur,
1819 2206 1959 2258 sunt
1998 2198 2189 2259 maxi-

113 2299 351 2344 morum
384 2283 661 2346 ordinum
690 2284 1002 2360 homineS,
1046 2283 1271 2358 quibus
1312 2291 1481 2359 patet
1520 2281 1724 2356 curia,
1762 2288 1906 2344 sunt
1934 2279 2188 2343 munici-

113 2367 293 2443 pales
324 2366 659 2442 rusticique
687 2368 972 2440 Romani,
1032 2375 1175 2428 sunt
1203 2365 1428 2441 negotii
1472 2372 1789 2442 gerentes,
1841 2371 1982 2426 sunt
2009 2365 2192 2425 etiam

112 2449 376 2511 libertini
408 2451 749 2524 optimates.
806 2452 1137 2524 Numerus,
1179 2457 1248 2511 ιιι
1274 2449 1436 2525 dixi,
1482 2449 1662 2510 buius
1703 2447 1948 2524 generis
1978 2449 2100 2508 late
2127 2455 2196 2508 et

112 2532 286 2594 varie
325 2533 589 2596 diffusus
629 2541 753 2595 este
808 2536 923 2596 sed
964 2551 1161 2609 genus
1202 2533 1588 2606 universum,
1630 2540 1698 2594 ut
1724 2532 1968 2592 tollatur
1997 2546 2201 2605 error,

112 2615 289 2677 brevi
320 2617 732 2678 circumscribi
762 2625 824 2678 et
853 2617 1091 2678 definiri
1123 2625 1346 2694 potest.
1411 2615 1637 2676 Omnes
1670 2613 1996 2689 optimates
2029 2624 2188 2686 sunt,

116 2698 225 2775 qui
259 2716 461 2775 neque
490 2711 785 2763 nocentes
816 2708 958 2762 sunt
988 2717 1103 2762 nec
1132 2709 1346 2761 natura
1377 2696 1640 2775 improbi
1679 2713 1794 2758 nec
1830 2695 2044 2758 furiosi
2073 2710 2190 2756 nec

114 2782 293 2843 malis
324 2783 677 2845 domesticis
707 2783 998 2859 impediti.
1074 2784 1186 2844 Est
1212 2782 1393 2856 igitur
1437 2789 1504 2843 ut
1529 2780 1573 2840 ii
1595 2778 1744 2850 sint,
1783 2795 1965 2854 quarn
1994 2788 2060 2840 tu
2083 2795 2189 2838 na·

114 2864 345 2928 tionem
386 2868 742 2942 appellasti,
794 2866 897 2940 qui
936 2864 1154 2940 integri
1188 2875 1332 2927 sunt
1361 2872 1422 2925 et
1451 2863 1583 2924 sani
1616 2870 1678 2923 et
1708 2863 1864 2930 bene
1894 2863 1974 2922 de
1999 2863 2190 2924 rebus

116 2949 475 3011 domesticis
510 2948 839 3010 constituti.
894 2950 1128 3010 Horum
1161 2948 1267 3023 qui
1297 2945 1622 3019 voluntati,
1652 2945 2023 3017 commodiS,
2055 2946 2186 3019 opi-

120 3033 451 3095 nionibus
434 3051 494 3094 m
520 3031 919 3108 gubernanda
942 3048 1010 3092 re
1031 3029 1282 3106 publica
1301 3027 1596 3098 serviunt,
1631 3026 1994 3086 defensores
2022 3022 2179 3096 opti·

120 3117 370 3179 matium
396 3117 642 3192 ipsique
660 3115 987 3190 optimates
1003 3112 1350 3190 gravissimi
1373 3117 1434 3172 et
1449 3108 1770 3170 clarissimi
1784 3109 1956 3170 cives
1969 3119 2179 3166 nume-

122 3211 333 3261 rantur
361 3211 421 3260 et
450 3198 757 3274 principes
788 3197 1068 3258 civitatis.
1138 3195 1242 3258 98.
1287 3192 1442 3268 Quid
1472 3201 1570 3253 est
1596 3191 1777 3286 igitur
1805 3183 2196 3264 propositum

122 3282 221 3343 his
249 3282 338 3343 rei
373 3283 652 3357 publicae
680 3279 1189 3356 gubernatoribus
1220 3277 1384 3352 quod
1430 3273 1646 3336 intueri
1685 3280 1746 3334 et
1779 3285 1904 3347 quo
1946 3281 2196 3328 cursum

126 3383 309 3428 suum
335 3365 597 3442 dirigere
624 3366 929 3427 debeant?
980 3364 1053 3424 ld
1080 3362 1248 3438 quod
1270 3369 1368 3421 est
1386 3352 1979 3434 praestantissimum
2000 3347 2200 3412 maxi*
