2459 3817
237 208 362 272 242
729 204 809 266 IN
835 206 902 266 L.
935 155 1355 266 cATlLlNAM
1384 203 1665 265 ORATIO
1699 204 1801 265 IV.

407 357 466 421 6.
513 357 638 417 Sed
688 372 803 432 ego
855 353 1088 419 institui
1135 356 1364 417 referre
1402 356 1482 416 ad
1519 372 1663 428 νος,
1717 362 1923 431 patres
1954 353 2305 431 conscripti,

241 450 549 516 tamquam
590 438 916 514 integrum,
965 448 1028 500 et
1069 440 1148 499 de
1191 439 1351 500 facto
1388 439 1535 514 quid
1574 437 1855 500 iudicetis
1896 445 1959 500 et
1994 438 2074 498 de
2102 454 2303 513 poena

241 524 392 601 quid
421 523 744 584 censeatis.
833 523 940 582 Illa
972 521 1352 598 praedicam,
1412 537 1573 597 quae
1612 529 1749 582 sunt
1792 519 2085 582 consulis.
2172 521 2305 596 Ego

241 622 524 682 magnum
553 605 615 664 in
643 621 710 664 re
733 605 980 680 publica
1013 605 1247 666 versari
1276 605 1543 666 furorem
1576 612 1636 666 et
1663 621 1827 666 nova
1862 604 2166 680 quaedam
2197 603 2302 663 mi·

244 689 402 751 sceri
434 697 495 750 et
523 688 812 749 concitari
839 690 998 748 mala
1019 690 1138 749 iam
1159 687 1399 764 pridem
1420 686 1725 762 videbam,
1764 689 1875 748 sed
1888 687 2046 747 hanc
2059 695 2304 761 tantam,

241 782 364 834 tam
401 771 725 834 exitiosam
752 771 976 832 haberi
995 769 1471 832 coniurationem
1495 787 1535 830 a
1562 770 1803 831 civibus
1839 785 2168 845 numquam
2192 786 2303 845 pu-

239 855 388 918 tavi.
459 855 633 916 Nunc
666 853 970 930 >quidquid
1000 863 1125 929 est,
1171 868 1564 930 quocumque
1590 860 1836 914 vestrae
1868 861 2105 914 mentes
2134 851 2298 913 incli-

245 947 389 999 nant
427 946 612 1012 atque
654 941 1020 1012 sententiae,
1075 937 1463 998 statuendum
1503 936 1681 998 vobis
1724 946 1863 997 ante
1908 943 2147 996 noctem
2192 945 2301 996 est.

242 1023 544 1097 Quantum
574 1020 811 1081 facinus
845 1021 925 1081 ad
959 1037 1073 1084 vos
1109 1021 1373 1083 delatum
1410 1019 1489 1081 sit
1516 1018 1756 1080 videtis.
1800 1019 1955 1080 Huic
1988 1018 2041 1078 si
2070 1034 2301 1093 paucos

243 1105 468 1181 putatis
491 1104 730 1164 adfines
753 1120 916 1177 esse,
945 1103 1340 1164 vehementer
1362 1101 1596 1163 erratis.
1633 1101 1837 1163 Latius
1861 1101 2151 1176 opinione
2180 1101 2301 1161 dis-

245 1187 608 1252 seminatum
637 1195 734 1249 est
761 1186 880 1249 hoc
909 1189 1162 1248 malumz
1203 1184 1473 1246 manavit
1506 1202 1631 1246 non
1677 1187 1876 1246 solum
1917 1201 2027 1261 per
2054 1183 2301 1259 Italiam,

245 1287 457 1333 verum
499 1270 682 1333 etiam
727 1269 1104 1331 transcendit
1142 1270 1338 1344 Alpes
1380 1276 1440 1329 et
1475 1269 1739 1330 obscure
1785 1283 2043 1344 serpens
2084 1269 2302 1330 multas

241 1354 364 1414 iam
397 1352 745 1430 provincias
777 1351 1121 1428 occupavit.
1177 1353 1247 1411 ld
1276 1350 1537 1427 opprimi
1569 1353 1968 1412 sustentando
2012 1361 2074 1415 et
2103 1351 2300 1426 prola·

243 1437 430 1499 tando
462 1437 629 1496 nullo
664 1443 845 1510 pacto
879 1442 1113 1510 potest.
1151 1450 1538 1511 quacumque
1563 1433 1799 1496 ratione
1826 1436 2055 1530 placet,
2094 1433 2297 1494 celeri-

242 1525 334 1581 ter
363 1519 540 1580 vobis
573 1516 1003 1578 vindicandum
1033 1526 1146 1580 est.

410 1602 514 1662 lv.
551 1599 608 1664 7.
639 1601 838 1662 Video
862 1601 1063 1662 adhuc
1097 1602 1253 1663 duas
1283 1617 1427 1662 esse
1456 1600 1809 1677 sententiaS,
1836 1617 2019 1664 unam
2047 1603 2117 1662 D.
2148 1599 2299 1662 Sila

243 1685 336 1763 ni,
371 1685 475 1762 qui
513 1693 726 1747 censet
755 1700 897 1759 eos,
929 1683 1035 1760 qui
1068 1684 1222 1746 haec
1251 1685 1455 1746 delere
1486 1684 1689 1747 conati
1720 1693 1890 1759 sunt,
1938 1693 2131 1748 morte
2158 1701 2299 1745 esse

245 1770 625 1843 multandoS,
679 1770 928 1828 alteram
947 1767 1010 1827 Ο.
1037 1767 1335 1842 CaesariS,
1368 1767 1473 1845 qui
1496 1767 1709 1830 mortis
1729 1783 1991 1843 poenam
2007 1776 2300 1840 removet,

243 1864 588 1918 ceterorum
639 1850 1080 1929 suppliciorum
1095 1868 1308 1914 omnes
1327 1852 1687 1913 acerbitates
1704 1851 2099 1926 amplectitur.
2129 1851 2298 1912 Uter·

243 1953 364 2013 que
388 1943 448 1996 et
470 1953 582 2011 pro
611 1952 724 1997 sua
757 1933 1048 2010 dig-nitate
1076 1944 1138 1996 et
1166 1953 1279 2011 pro
1306 1951 1509 1996 rerum
1530 1933 1943 2010 magnitudine
1970 1934 2033 1994 in
2067 1950 2304 1994 summa

243 2017 570 2080 severitate
604 2025 902 2079 versatur.
945 2019 1117 2079 Alter
1143 2035 1283 2092 eos,
1315 2017 1422 2094 qui
1450 2034 1566 2078 nos
1594 2034 1839 2092 omneS,
1870 2017 1976 2092 qui
2006 2018 2301 2094 populum

242 2104 583 2164 Romanum
612 2099 733 2160 vita
765 2101 1008 2176 privare
1037 2102 1239 2161 conati
1268 2109 1431 2174 sunt,
1467 2100 1573 2177 qui
1601 2102 1805 2162 delere
1827 2099 2159 2177 imperium,
2197 2099 2303 2174 qui

245 2183 456 2261 populi
497 2183 753 2244 Romani
795 2199 1014 2243 nomen
1055 2185 1478 2259 exstinguere,
1520 2193 1811 2260 punctum
1845 2183 2139 2260 temporis
2186 2181 2303 2246 frui

246 2267 368 2328 vita
397 2274 459 2328 et
485 2266 604 2327 hoc
641 2265 944 2327 communi
985 2265 1200 2342 spiritu
1235 2283 1364 2329 anon
1399 2274 1571 2342 putat
1600 2276 1913 2344 oportere,
1968 2275 2153 2344 atque
2180 2267 2303 2327 hoc

243 2365 436 2426 genus
465 2364 704 2426 poenae
731 2364 920 2423 saepe
943 2347 1002 2408 in
1026 2349 1343 2426 improbos
1375 2350 1545 2412 cives
1571 2349 1631 2410 in
1660 2351 1775 2410 hac
1796 2367 1863 2412 re
1888 2351 2129 2426 publica
2159 2363 2304 2410 esso

244 2441 602 2508 usurpatum
630 2433 1006 2493 recordatur.
1035 2434 1207 2494 Alter
1233 2433 1507 2509 intelligit
1538 2442 1790 2495 mortem
1822 2433 1900 2494 ab
1934 2433 2029 2494 dis
2062 2434 2298 2494 immor·

243 2516 464 2577 talibus
494 2531 616 2576 non
649 2530 795 2575 esse
823 2512 1110 2590 supplicii
1141 2533 1331 2578 causa
1362 2517 1779 2590 constitutam,
1812 2517 1923 2578 sed
1955 2526 2059 2578 aut
2083 2530 2301 2576 neces·

245 2597 484 2659 sitatem
513 2606 765 2660 naturae
797 2606 901 2658 aut
930 2599 1206 2660 laborum
1233 2616 1309 2662 ac
1341 2599 1720 2662 miseriarum
1756 2599 2039 2676 quietem.
2081 2599 2300 2672 Itaque

245 2698 379 2742 eam
409 2679 718 2758 sapientes
750 2698 1078 2758 numquam
1108 2680 1307 2758 inviti,
1367 2684 1556 2745 fortes
1598 2699 1789 2759 saepe
1824 2683 2005 2744 etiarn
2043 2681 2305 2744 libenter

247 2763 691 2840 oppetiverunt.
733 2765 994 2826 Vincula
1026 2782 1171 2828 vero
1203 2775 1265 2827 et
1292 2782 1367 2828 ea
1394 2765 1763 2843 sempiterna
1792 2775 1954 2830 certe
1982 2767 2061 2826 ad
2092 2764 2303 2839 singu-

243 2849 430 2908 larem
456 2865 718 2924 poenam
743 2848 958 2910 nefarii
1006 2849 1259 2912 sceleris
1300 2849 1547 2911 inventa
1576 2859 1737 2911 sunt.
1794 2846 2141 2924 Municipiis
2171 2847 2303 2907 dis-

243 2930 454 3006 pertiri
480 2930 665 2993 iubet.
717 2933 957 2994 Habere
978 2931 1218 2995 videtur
1240 2933 1359 2996 ista
1376 2950 1479 2996 res
1508 2932 1898 3009 iniquitatem,
1922 2932 1977 2993 si
1998 2931 2314 3006 imperare

227 3013 417 3087 velis,
447 3014 882 3090 difficultatem,
918 3015 972 3077 si
1004 3032 1245 3092 rogare.
1302 3019 1675 3080 Decernatur
1702 3025 1930 3089 tamen,
1979 3013 2034 3076 si
2076 3015 2313 3091 placet-

241 3095 300 3159 8.
336 3098 466 3173 Ego
503 3096 661 3160 enim
700 3098 1032 3174 suscipiam
1063 3108 1149 3172 et,
1183 3108 1250 3161 ut
1278 3117 1493 3176 spero,
1527 3100 1825 3176 reperiam
1859 3098 1963 3174 qui
1991 3098 2083 3170 id,
2131 3095 2317 3172 quod

244 3180 460 3244 salutis
493 3179 757 3242 omnium
793 3196 984 3243 causa
1013 3183 1373 3256 statueritiS,
1421 3198 1541 3244 non
1588 3189 1801 3259 putent
1840 3197 1983 3243 esse
2029 3196 2180 3242 suae
2208 3178 2283 3240 di

243 3263 490 3338 gnitatis
518 3280 826 3326 recusare.
893 3263 1186 3340 Adiungit
1215 3281 1463 3341 gravem
1490 3281 1755 3342 poenam
1782 3261 2213 3340 municipibus,
2248 3265 2331 3324 si

245 3345 385 3421 quis
421 3363 632 3408 eorum
663 3345 904 3409 vincula
932 3347 1192 3424 ruperitz
1254 3348 1575 3410 horribiles
1610 3347 1927 3411 custodias
1968 3345 2339 3411 circumdat

238 3437 305 3488 et
333 3428 548 3503 dignas
572 3431 805 3493 scelere
829 3430 1140 3492 hominum
1155 3430 1555 3506 perditorumz
1587 3430 1783 3493 sancit
1810 3447 1887 3492 ne
1920 3429 2059 3505 quis
2088 3443 2341 3492 eorum
