2459 3817
176 62 307 130 248
629 66 712 129 m
750 64 819 129 1..
864 64 1290 129 CATILINAM
1335 65 1620 129 ORATIO
1664 64 1768 128 IV.

174 233 482 298 concitata
514 249 732 295 manus
756 232 875 293 ista
900 233 1041 309 plus
1064 232 1328 298 valuerit
1359 248 1541 309 quam
1574 240 1782 295 vestra
1807 247 1881 295 ac
1908 228 1999 293 rei
2019 231 2209 309 publi·

174 336 287 381 cae
309 318 589 394 dignitas,
611 333 710 379 me
731 322 937 377 tamen
969 331 1246 377 meorum
1283 318 1582 379 sactorum
1610 324 1798 393 atque
1819 316 2211 378 consiliorum

172 418 523 476 numquam,
546 407 754 477 patres
779 398 1131 475 conscripti,
1155 398 1512 477 poenitebit.
1555 398 1794 462 Etenim
1815 415 2002 473 morS,
2032 416 2212 476 quam

170 484 258 546 illi
280 484 425 544 mihi
445 485 715 545 fortasse
728 481 1095 555 minitantur,
1122 482 1404 545 omnibus
1429 492 1526 547 est
1535 494 1777 561 parata:
1800 482 1965 543 vitae
1989 490 2212 548 tantam

170 567 435 638 laudem,
461 574 689 641 quanta
712 581 827 627 vos
849 581 948 627 me
970 568 1196 629 vestris
1213 566 1476 631 decretis
1499 566 1893 640 honestastiS,
1917 582 2098 627 nemo
2123 574 2217 629 est

170 650 527 712 adsecutus.
604 649 835 711 Ceteris
862 649 1019 711 enim
1042 650 1204 711 bene
1224 659 1460 726 gestae,
1495 649 1640 712 mihi
1671 649 1779 716 uni
1808 656 2216 711 conservatae

171 732 262 793 rei
285 732 567 809 publicae
590 732 1059 809 gratulationem
1082 734 1466 795 decrevistis.
1531 732 1635 793 21.
1668 734 1761 795 Sit
1781 732 1988 808 Scipio
2015 735 2214 793 clarus

168 814 289 888 ille,
328 817 501 878 cuius
529 817 789 880 consilio
822 825 1010 893 atque
1042 816 1268 880 virtute
1297 816 1598 879 Hannibal
1631 817 1692 879 in
1715 816 1983 877 Africam
2017 815 2220 877 redire

170 904 361 974 atque
394 917 475 961 ex
505 900 679 967 ltalia
713 902 1020 981 decedere
1055 908 1310 963 coactus
1345 908 1474 979 est,
1516 908 1768 961 ornetur
1813 901 1970 960 alter
2001 898 2220 960 eximia

170 984 355 1045 laude
382 984 731 1061 Africanus,
765 984 871 1061 qui
905 986 1060 1046 duas
1092 985 1280 1047 urbes
1317 982 1460 1046 huic
1492 983 1748 1059 imperio
1771 981 2218 1053 infestissimas,

170 1066 611 1143 Karthaginem
632 1062 1157 1143 Numantiamque,
1203 1067 1448 1141 delevit,
1477 1066 1777 1130 habeatur
1807 1066 1903 1127 vir
1937 1066 2218 1143 egregius

168 1149 419 1211 Paullus
447 1150 571 1223 ille,
603 1150 779 1213 cuius
803 1168 1047 1213 currum
1069 1168 1183 1213 rex
1205 1151 1672 1229 potentissimus
1698 1150 2009 1226 quondam
2035 1156 2101 1211 et
2113 1164 2221 1210 no-

172 1231 506 1295 bilis-aimus
540 1234 766 1295 Perses
799 1233 1171 1309 honestavit,
1205 1236 1285 1296 sit
1317 1242 1570 1297 aeterna
1602 1235 1799 1311 gloria
1825 1232 2080 1305 Marius
2116 1232 2223 1308 qui

168 1314 267 1375 bis
283 1316 515 1381 Italiam
541 1316 865 1379 obsidione
887 1326 961 1385 et
964 1324 1134 1380 metu
1156 1318 1471 1379 servitutis
1493 1318 1792 1389 liberavit,
1811 1324 2221 1393 anteponatur

171 1398 457 1459 omnibus
489 1398 852 1474 Pompeius,
892 1400 1068 1461 cuius
1096 1417 1201 1461 res
1237 1408 1453 1477 gestae
1489 1407 1676 1475 atque
1709 1401 1968 1461 virtutes
2001 1398 2221 1463 iisdem

171 1480 393 1555 quibus
428 1480 582 1541 solis
618 1497 836 1549 cursus
867 1482 1220 1559 regionibus
1255 1499 1330 1543 ac
1351 1483 1625 1545 terminis
1661 1484 2076 1545 continent-ur:
2108 1482 2222 1543 erit

168 1565 451 1639 profecto
475 1564 633 1625 inter
654 1564 871 1627 horum
899 1568 1117 1629 laudes
1140 1566 1372 1642 aliquid
1393 1567 1514 1628 loci
1543 1575 1792 1630 nostrae
1814 1566 2068 1644 gloriae,
2102 1564 2222 1633 nisi

170 1648 331 1709 rorte
354 1646 549 1710 maius
574 1656 671 1711 est
690 1652 1044 1727 patefacere
1075 1650 1254 1717 nohis
1290 1650 1645 1727 provincias
1682 1668 1803 1727 quo
1829 1648 2002 1713 exire
2021 1648 2220 1726 possi-

171 1748 329 1804 muS‚
364 1748 548 1809 quam
582 1749 800 1795 curare
832 1742 901 1797 ut
928 1734 1108 1797 etiam
1138 1734 1241 1807 illi,
1275 1734 1380 1811 qul
1406 1736 1648 1809 absunt,
1675 1734 1945 1796 habeant
1974 1750 2097 1809 quo
2131 1730 2220 1793 vi·

170 1822 377 1878 ctores
418 1825 824 1881 revertantur.
877 1818 999 1894 22.
1044 1820 1422 1896 Quamquam
1463 1827 1561 1881 est
1599 1836 1722 1881 uno
1754 1821 1894 1882 loco
1937 1814 2220 1879 condicio

167 1898 386 1967 melior
427 1908 723 1963 externae
760 1880 1061 1965 vic't‘oriae
1109 1920 1292 1979 quam
1347 1903 1755 1977 domesticae,
1796 1902 1950 2000 ‘quia
1997 1900 2220 1962 hostes

169 1983 551 2055 alienigenae
594 1990 699 2045 aut
737 1985 1026 2063 oppressi
1060 1988 1340 2049 serviunt
1380 1996 1487 2050 aut
1519 1986 1755 2063 recepti
1793 1987 1854 2047 in
1897 1982 2220 2046 amicitiam

163 2066 465 2128 beneflcio
496 2083 566 2128 se
594 2064 895 2141 obligatos
924 2074 1169 2142 putant,
1215 2066 1322 2143 qui
1361 2075 1562 2128 autem
1596 2084 1676 2129 ex
1704 2084 1955 2130 numero
1989 2066 2233 2143 civium,

166 2148 471 2211 dementia
510 2147 716 2225 aliqua
758 2148 1104 2225 depravati,
1151 2149 1364 2211 hostes
1406 2152 1638 2225 patriae
1674 2153 1865 2211 semel
1905 2169 2051 2213 esse
2090 2168 2250 2223 coe-y

162 2242 414 2309 petunt,
450 2246 562 2294 eos
597 2247 785 2308 quum
811 2247 848 2298 a
880 2230 1157 2306 pernicie.
1180 2231 1270 2293 rei
1301 2230 1583 2306 publicae
1611 2232 1954 2309 reppuleris
1973 2280 1990 2307 ,
2023 2252 2139 2297 nec
2169 2232 2232 2295 vi

166 2320 454 2377 coercere
493 2331 609 2377 nec
652 2310 954 2377 beneficio
997 2315 1247 2391 placare
1286 2314 1517 2390 possis.
1603 2315 1733 2389 Qua
1778 2332 1847 2377 re
1897 2315 2043 2378 mihi
2093 2333 2231 2378 cum

162 2398 421 2475 perditis
450 2397 687 2459 civibus
716 2404 1027 2458 aeternum
1059 2396 1286 2458 bellum
1326 2406 1681 2474 susceptum
1715 2415 1859 2461 esse
1898 2398 2100 2459 video.
2159 2400 2230 2459 ld

163 2497 281 2557 ego
333 2489 542 2542 vestro
592 2482 1022 2556 bonorumque
1072 2479 1341 2542 omnium
1382 2480 1609 2542 auxilio
1649 2479 2061 2555 memoriaque
2098 2488 2224 2540 tan·

162 2573 361 2627 torum
390 2562 829 2639 periculorum,
863 2578 1022 2640 quae
1049 2580 1172 2624 non
1200 2564 1385 2626 modo
1417 2563 1478 2623 in
1512 2562 1631 2624 hoc
1660 2564 1923 2638 populo,
1967 2560 2070 2637 qui
2100 2576 2226 2621 ser-

162 2655 343 2710 vatus
376 2655 501 2721 est,
542 2648 655 2709 sed
686 2646 749 2708 in
790 2645 1055 2710 omnium
1096 2645 1364 2721 gentium
1400 2645 1784 2707 sermonibus
1823 2660 1898 2706 ac
1925 2642 2230 2705 mentibus

164 2745 410 2806 semper
437 2729 740 2805 haerebit,
784 2746 822 2791 a
848 2746 946 2791 me
974 2737 1160 2806 atque
1187 2746 1226 2790 a
1257 2727 1410 2791 meis
1440 2728 1619 2790 facile
1652 2726 2001 2808 propulsari
2035 2742 2232 2803 posse

164 2814 431 2875 confido..
489 2814 703 2889 Neque
730 2814 854 2874 ulla
878 2814 1158 2889 profecto
1186 2820 1352 2875 tanta
1391 2809 1486 2873 vis
1525 2808 1864 2887 reperietur
1896 2824 2054 2891 quae
2083 2826 2234 2871 con-

163 2896 531 2959 iunctionem
570 2905 839 2960 vestram
868 2898 1265 2973 equitumque
1295 2897 1708 2966 Romanorum
1736 2904 1800 2957 et
1829 2902 2054 2956 tantam
2083 2908 2227 2955 con·

165 2978 561 3058 spirationem
616 2978 920 3043 bonorum
977 2981 1246 3042 omnium
1298 2978 1682 3053 confringere
1741 2986 1804 3041 et
1861 2978 2231 3039 labefactare

166 3063 388 3141 possit.

329 3146 430 3207 XI.
461 3144 563 3209 23.
607 3146 775 3220 Quae
805 3162 993 3223 quum
1019 3144 1104 3207 ita
1135 3144 1287 3219 sint,
1319 3159 1434 3221 pro
1463 3142 1750 3221 imperio,
1785 3160 1898 3222 pro
1935 3140 2226 3216 exercitu,

164 3243 277 3302 pro
298 3228 633 3303 provincia,
660 3246 841 3304 quam
864 3226 1127 3304 neglexi,
1154 3244 1270 3305 pro
1291 3227 1597 3304 triumpho
1661 3227 2005 3305 ceterisque
2023 3225 2229 3289 laudis

164 3304 537 3481 Ἑῖζρίιιιιε,
584 3327 743 3389 quae
771 3319 981 3373 sunta
1011 3327 1109 3371 me
1142 3318 1394 3388 propter
1413 3309 1586 3375 urbis
1615 3318 1984 3390 vestraeque
2013 3310 2229 3375 salutis
