2459 3817
786 156 948 217 cAP.
983 116 1248 219 ‹ii—so.
1290 162 1339 222 s.
1370 164 1438 219 σγ
1459 192 1527 201 -
1546 164 1634 221 ⁷2.
2096 154 2214 239 123

151 321 295 367 esse
334 303 514 368 illum
547 322 724 367 suum
756 316 815 367 et
851 308 1111 371 familiae
1157 310 1357 387 [suae]
1394 308 1809 369 nobilissimae
1852 305 2075 369 dicere.
2122 304 2221 371 70.

152 390 282 462 Quo
315 389 451 449 loco
485 406 714 463 quaero
756 406 834 449 ex
863 399 924 452 te
953 408 1096 452 num
1136 390 1198 451 id
1227 390 1288 451 in
1314 390 1543 453 iudicio
1570 390 1779 452 Calidii
1810 398 2021 465 puteS,
2053 394 2221 465 quod

151 488 266 545 ego
302 470 364 531 in
393 471 622 533 Plancii
647 471 835 545 facin,
879 482 984 536 aut
1003 474 1311 535 Metellum
1339 474 1537 545 Pium,
1584 475 1638 535 si
1665 476 1901 535 Romae
1940 490 2084 535 esse
2111 492 2221 549 po·

149 554 384 629 tuisset,
413 564 518 615 aut
543 564 772 629 patrem
795 555 946 628 eiuS,
971 558 1024 617 si
1049 556 1324 632 vixisset,
1348 574 1469 618 non
1496 557 1687 618 ruisse
1713 558 2028 620 facturum.
2068 558 2221 620 Nam

149 636 366 711 Opimii
398 636 640 712 quidem
678 638 1250 702 calamitas-utinam
1295 656 1373 703 ex
1412 639 1721 701 hominum
1752 639 2041 703 momoria
2077 640 2219 717 po's-

151 732 246 781 set
277 722 487 782 evellit
527 723 766 783 Vulnus
797 724 942 783 illud
978 724 1067 785 rei
1093 724 1407 798 publicae,
1447 724 1721 785 dedecus
1748 723 1929 785 huius
1958 724 2217 799 imperii,

149 803 454 877 turpitudo
489 805 700 879 populi
723 806 998 876 Romani,
1030 823 1152 867 non
1187 805 1480 867 iudicium
1506 806 1841 881 putandum
1868 814 1980 867 est.
2025 808 2217 880 Quam

153 887 310 949 enim
340 887 424 948 illi
453 888 722 967 iudices,
755 890 822 956 ,si
856 889 1092 950 iudices
1121 898 1190 949 et
1224 905 1345 949 non
1393 889 1733 964 parricidae
1763 890 1994 963 patriae
2024 890 2221 951 norni-

155 971 340 1031 nandi
372 979 541 1045 sunt,
577 970 919 1045 graviorem
951 980 1279 1046 potuerunt
1304 973 1393 1031 rei
1422 971 1703 1047 publicae
1732 972 2010 1046 infligere
2042 988 2219 1039 secu·-

145 1055 290 1127 rim,
323 1070 503 1128 quam
549 1072 732 1129 quum
765 1054 931 1115 illum
961 1072 998 1114 e
1039 1055 1281 1117 civitate
1320 1053 1645 1129 eiecerunt,
1677 1055 1781 1129 qui
1813 1064 2059 1129 praetor
2086 1056 2219 1117 fini·

146 1138 311 1208 time,
349 1139 564 1197 consul
593 1137 930 1198 domestico
967 1138 1126 1197 bello
1148 1154 1293 1200 „rem
1324 1138 1624 1213 publicam
1652 1137 1978 1199 liberarat?
2007 1136 2107 1201 71.
2139 1143 2220 1201 At

149 1218 307 1281 enim
353 1218 532 1279 nimis
573 1236 688 1294 ego
733 1236 1016 1295 magnum
1041 1220 1405 1281 beneficium
1431 1221 1660 1283 Plancii
1699 1222 1856 1283 facio
1892 1229 1979 1296 et,
2009 1231 2071 1282 ut
2104 1222 2217 1295 aiS‚

149 1302 210 1363 id
248 1302 452 1363 verbis
481 1318 820 1377 exaggerot
873 1304 1051 1379 quasi
1081 1320 1225 1365 vero
1258 1321 1352 1365 me
1381 1312 1484 1366 tuo
1515 1304 1801 1365 arbitratu
1830 1314 1893 1366 et
1924 1321 2045 1367 non
2079 1321 2214 1365 meo

146 1393 378 1459 gratum
403 1402 546 1447 esse
589 1394 888 1460 oporteat.
975 1388 1147 1461 Quod
1181 1386 1359 1449 istius
1388 1396 1616 1449 tantum
1646 1388 1951 1461 meritum,
1984 1388 2221 1464 inquit?

148 1472 240 1529 An
280 1468 422 1542 quia
460 1476 518 1529 te
547 1486 666 1529 non
698 1469 1036 1543 iugulavit?
1073 1472 1261 1531 Immo
1292 1488 1471 1542 vero,
1518 1472 1661 1545 quia
1700 1470 1958 1545 iugulari
1988 1487 2215 1547 passus

151 1569 270 1614 non
302 1560 416 1613 est.
475 1552 604 1625 Quo
643 1554 885 1627 quidem
917 1564 981 1615 tu
1010 1556 1166 1628 loco,
1203 1554 1395 1628 Cassi,
1425 1555 1605 1615 etiam
1639 1554 1913 1630 purgasti
1935 1555 2217 1616 inimicos

145 1650 322 1696 meos
367 1652 668 1710 meaeque
711 1636 870 1697 vitae
913 1639 1111 1698 nullas
1170 1638 1247 1696 ab
1287 1638 1403 1699 illis
1446 1636 1705 1699 insidias
1752 1638 1944 1698 luisse
1989 1638 2215 1699 dixisti.

144 1716 355 1779 Posuit
398 1718 516 1779 hoc
558 1718 718 1779 idern
757 1720 1124 1781 Laterensis.
1212 1720 1401 1793 Quam
1445 1721 1523 1779 ob
1569 1736 1695 1779 rem
1726 1721 1931 1794 paullo
1966 1728 2107 1793 post
2136 1721 2215 1780 de

147 1800 266 1861 isto
311 1801 488 1873 plura
520 1800 750 1860 dicam:
789 1801 868 1861 de
901 1812 960 1861 te
988 1810 1216 1863 tantum
1245 1800 1523 1875 requiro,
1564 1810 1758 1861 utrum
1794 1810 1973 1875 putes
2006 1801 2213 1862 odium

145 1882 204 1943 in
237 1900 334 1943 me
365 1883 672 1944 mediocre
700 1882 1076 1945 inimicorum
1107 1883 1301 1943 fuisse
1341 1916 1417 1929 —
1463 1886 1629 1957 quod
1661 1885 1769 1944 suit
1797 1886 2057 1945 ullorum
2085 1901 2214 1944 urn-

148 1982 330 2041 quam
375 1966 764 2027 barbarorum
806 1976 924 2027 tam
957 1967 1218 2027 immane
1259 1982 1332 2027 ac
1373 1974 1493 2027 tam
1540 1968 1785 2027 crudele
1831 1966 1893 2027 in
1936 1968 2217 2028 hostem?

147 2083 248 2123 --‚
299 2066 376 2109 an
425 2049 617 2110 fuisse
657 2049 715 2109 in
759 2048 834 2109 iis
866 2048 1132 2125 aliquem
1171 2057 1277 2111 aut
1306 2052 1501 2111 faniae
1546 2060 1770 2111 metum
1811 2058 1915 2111 aut
1954 2067 2213 2126 poenae,

147 2149 405 2207 quorum
441 2131 648 2193 vidisti
675 2142 800 2193 toto
829 2132 933 2193 illo
964 2150 1124 2193 anno
1161 2134 1387 2194 serrum
1417 2132 1477 2192 in
1514 2134 1665 2207 soro,
1700 2132 2001 2194 flammam
2020 2134 2079 2193 in
2105 2133 2210 2194 de·

147 2216 369 2289 labris,
401 2214 520 2276 vim
555 2216 611 2275 in
642 2224 768 2277 tota
802 2216 951 2277 urbe
980 2216 1257 2277 versari?
1286 2216 1415 2277 Nisi
1446 2218 1601 2278 forte
1634 2216 1949 2278 existimas
1980 2232 2091 2277 eos
2122 2216 2213 2277 id·

147 2298 312 2361 circo
342 2299 503 2360 vitae
531 2316 706 2361 meae
740 2300 1126 2375 pepercisse,
1171 2300 1339 2376 quod
1382 2300 1459 2359 de
1499 2301 1697 2361 reditu
1720 2318 1857 2363 meo
1882 2300 2211 2361 nihiltime-

146 2390 298 2443 rent.
340 2383 416 2443 Et
445 2400 810 2458 quemquam
843 2392 1018 2459 putas
1052 2383 1245 2445 fuisse
1278 2392 1399 2445 tam
1430 2385 1760 2445 excordem
1798 2383 1903 2459 qui
1936 2380 2092 2443 vivis
2115 2382 2213 2443 his

147 2474 344 2526 stante
375 2466 527 2527 urbe
557 2474 617 2527 et
645 2466 813 2528 curia
841 2468 1170 2528 rediturum
1207 2484 1332 2539 me,
1366 2466 1421 2526 si
1449 2466 1749 2539 viverem,
1784 2483 1903 2528 non
1938 2472 2216 2541 putaret?

147 2550 332 2622 Quam
359 2550 438 2610 ob
461 2565 588 2610 rem
612 2568 732 2611 non
763 2550 954 2613 debes
983 2550 1038 2611 is
1072 2552 1257 2612 homo
1288 2558 1350 2611 et
1378 2550 1433 2611 is
1462 2549 1615 2611 civis
1650 2548 2007 2626 praedicare
2027 2548 2217 2609 vitam

145 2646 372 2707 meam,
413 2650 572 2709 quae
619 2634 906 2695 fidelitate
939 2634 1273 2700 amicorum
1302 2642 1667 2695 conservata
1691 2632 1797 2707 sit,
1834 2630 2213 2694 inimicorum

145 2715 426 2777 molestia
453 2734 574 2777 non
611 2734 754 2778 esse
788 2720 1137 2793 appetitam.

266 2799 446 2859 XXX.
485 2798 583 2861 72.
625 2801 1041 2876 Respondebo
1073 2801 1176 2861 tibi
1207 2816 1401 2875 nunc,
1432 2797 1813 2862 LaterensiS.
1833 2796 2053 2881 ‚minus
2088 2800 2209 2861 for-

145 2893 312 2945 tasse
336 2882 741 2955 vehementer,
773 2900 953 2957 quam
979 2885 1088 2944 abs
1112 2892 1172 2944 te
1195 2900 1331 2944 sum
1355 2890 1751 2958 provocatus,
1793 2881 2211 2957 sed-profecto

143 2982 260 3027 nec
291 2968 676 3027 considerate
709 2968 906 3028 minus
943 2984 1058 3026 nee
1085 2965 1287 3025 minus
1334 2964 1547 3027 amice.
1634 2964 1781 3025 Nam
1816 2966 2069 3039 primum
2102 2963 2213 3025 suit

143 3048 289 3109 illud
319 3050 616 3125 asperius,
647 3066 742 3108 me
775 3066 932 3125 quae
962 3051 1040 3111 de
1061 3047 1305 3110 Plancio
1340 3048 1607 3109 dicerem
1633 3049 1867 3109 mentiri
1888 3056 1948 3109 et
1975 3058 2211 3121 tempo-

141 3130 228 3191 ris
271 3147 458 3192 causa
498 3133 744 3207 fingere.
835 3132 1082 3195 Scilicet
1125 3133 1308 3193 homo
1351 3130 1602 3207 sapiens
1642 3130 1987 3206 excogitavi
2029 3142 2213 3203 quam

144 3215 224 3273 ob
265 3230 394 3275 rem
435 3214 678 3276 viderer
723 3214 1004 3276 maximis
1037 3215 1600 3276 beneficiivinculis
1621 3213 1981 3284 obstrictUS,
2026 3226 2213 3285 quum

140 3296 297 3357 liber
335 3314 537 3359 essem
573 3308 634 3358 et
673 3298 930 3377 solutus.
1021 3298 1176 3370 Quid
1213 3298 1416 3357 enim?
1456 3296 1600 3358 mihi
1640 3298 1718 3357 ad
1762 3294 2214 3356 defendendum

139 3378 447 3439 Plancium
477 3398 690 3456 parurn
719 3382 970 3453 multae,
1025 3396 1237 3456 parum
1278 3380 1473 3441 iustae
1507 3377 1993 3441 necessitudines
2042 3384 2217 3438 erant
