2459 3817
0 0 2459 33 τ

742 220 906 281 οΑΡ.
942 228 1203 281 28—31.
1250 226 1299 285 §-
1332 228 1596 282 58-64.
1635 280 1656 299 ,
1880 199 1887 204 ’
2087 224 2212 290 273

132 370 437 436 neminem
467 370 926 435 misericordem
954 388 1100 433 esse
1126 370 1246 432 nisi
1279 373 1525 433 stultum
1568 379 1630 431 et
1657 372 1886 431 levem=
1938 369 2049 432 viri
2084 391 2204 436 non

136 474 281 518 esse
310 473 512 534 neque
543 459 783 517 exorari
826 472 1027 531 neque
1062 454 1324 531 placaris
1375 457 1545 516 solos
1579 452 1890 529 sapientes
1926 473 2102 531 esse,
2151 455 2203 519 si

136 538 551 602 distortissimi
584 539 723 615 sint,
753 540 1092 600 formosos:
1126 538 1179 599 si
1211 536 1668 611 mendicissimi,
1702 536 1955 599 divites:
1991 538 2046 601 si
2079 558 2204 601 ser·

136 626 386 685 vitutem
409 622 693 695 serviant,
726 639 935 699 reges:
966 638 1081 684 nos
1104 628 1327 695 autem,
1363 620 1468 697 qui
1493 622 1802 697 sapientes
1826 639 1948 683 non
1975 640 2207 697 sumus,

136 706 459 783 fugitivos,
518 708 797 779 exsules,
854 706 1098 780 hosteS‚
1154 706 1409 767 insanos
1458 704 1726 780 denique
1773 720 1918 767 esse
1967 706 2205 769 dicuntz

134 792 340 852 omnia
369 798 627 866 peccata
668 806 811 851 esse
854 788 1049 864 paria:
1102 804 1282 849 omne
1312 787 1600 849 delictum
1632 788 1834 849 scelus
1866 806 2010 851 esse
2039 792 2207 852 nefa-

131 874 287 935 rium
331 889 447 934 nec
484 874 686 934 minus
736 872 1094 949 delinquere
1136 889 1312 947 eum,
1370 870 1475 945 qui
1518 870 2208 948 gallumgallinaceum,

134 974 325 1033 quum
352 972 515 1033 opus
544 974 667 1017 non
700 956 909 1027 fuerit,
946 971 1129 1031 quam
1162 971 1332 1025 eum,
1379 952 1482 1027 qui
1515 961 1748 1028 patrem
1782 954 2178 1017 suffocaverit

132 1040 475 1120 sapientem
500 1038 644 1099 nihil
668 1038 927 1114 opinari,
960 1037 1183 1099 nullius
1212 1037 1303 1097 rei
1327 1035 1660 1111 paenitere,
1692 1039 1859 1097 nulla
1878 1038 1942 1097 in
1971 1056 2039 1099 re
2065 1039 2207 1111 falli,

132 1123 495 1185 sententiam
537 1130 769 1183 mutare
807 1138 1158 1196 numquam.
1245 1120 1424 1180 XXX.
1457 1120 1558 1181 62.
1601 1120 1770 1179 Haec
1812 1120 1996 1191 homo
2041 1124 2206 1197 inge·

133 1205 559 1276 niosissimus,
602 1204 683 1263 Μ.
716 1204 895 1277 Cato,
936 1202 1290 1265 auctoribus
1319 1202 1747 1263 eruditissimis
1781 1202 2065 1266 inductus
2096 1207 2207 1265 vad-

134 1288 351 1365 ripuit,
391 1302 598 1361 neque
636 1286 993 1361 disputandi
1023 1302 1242 1359 causa,
1286 1294 1354 1347 ut
1379 1302 1599 1361 magna
1628 1302 1809 1361 pars,
1855 1290 1969 1349 sed
2008 1289 2090 1349 ita
2117 1288 2208 1349 vi·

135 1370 341 1432 vendi.
400 1371 615 1431 Petunt
642 1368 875 1445 aliquid
902 1368 1244 1445 publicania
1280 1384 1433 1429 cave
1465 1369 1798 1446 quidquam
1827 1370 2053 1433 habeat
2077 1388 2206 1433 rno-

133 1454 322 1515 menti
350 1452 562 1528 gratia.
636 1453 967 1529 Supplices
1000 1452 1189 1529 aliqui
1218 1454 1471 1515 veniunt
1503 1452 1708 1515 miseri
1739 1462 1799 1515 et
1840 1455 2205 1517 calamitosiz

135 1538 473 1599 sceleratus
501 1546 562 1599 et
594 1536 866 1598 nefarius
907 1536 1095 1598 fueris
1111 1583 1127 1611 ,
1168 1536 1225 1597 si
1268 1535 1600 1613 quidquam
1643 1536 2065 1600 misericordia
2098 1540 2203 1599 ad·

132 1622 357 1682 ductus
405 1618 646 1682 feceris.
714 1620 961 1683 Fatetur
1002 1620 1225 1695 aliquis
1275 1636 1343 1681 se
1386 1636 1686 1695 peccasse
1727 1628 1788 1682 et
1827 1622 1961 1683 eius
1987 1619 2204 1683 ‚delicti

134 1703 380 1764 veniam
408 1703 589 1779 petite
636 1702 935 1765 nefarium
967 1712 1063 1765 est
1104 1703 1724 1777 facinus-ignoscere.
1799 1706 1882 1765 At
1920 1706 2058 1766 leve
2101 1707 2201 1765 de-

130 1787 343 1847 lictum
386 1794 511 1847 ests
566 1786 771 1846 omnia
818 1794 1075 1863 peccata
1118 1795 1264 1847 sunt
1313 1786 1506 1861 paria.
1589 1784 1812 1847 Dixisti
1863 1785 2203 1862 quippiam:

132 1872 337 1931 fixum·
356 1878 419 1930 et
446 1874 733 1929 statutum
763 1880 877 1931 est.-
937 1870 1071 1929 Non
1100 1885 1177 1930 re·
1198 1870 1419 1930 ductus
1447 1884 1548 1943 es,
1595 1869 1707 1929 sed
1739 1868 2056 1943 opinione=
2100 1884 2206 1929 sa-

132 1955 313 2029 piens
356 1950 503 2012 nihil
544 1952 843 2026 opinatur.
917 1950 1149 2012 Errasti
1180 1950 1388 2025 aliqua
1427 1950 1489 2011 in
1527 1968 1623 2013 ree
1677 1954 1834 2011 male
1867 1951 1988 2013 dici
2019 1962 2205 2028 putat.

132 2040 268 2097 Hac
301 2052 378 2095 ex
408 2033 735 2109 disciplina
763 2034 942 2095 nobis
970 2034 1075 2094 illa
1104 2042 1277 2095 sunt:
1334 2032 1477 2096 :Dixi
1516 2034 1576 2097 in
1609 2043 1827 2097 senatu
1857 2049 1952 2096 me
1985 2053 2204 2099 nomen

128 2116 486 2180 consularis
537 2116 843 2178 candidati
870 2119 1243 2180 delaturum.
1286 2119 1506 2179 ,Iratus
1549 2117 1774 2180 dixisti.
1849 2120 2208 2195 Numquam,

62 2227 83 2245 0
126 2201 363 2277 inquit,
403 2199 653 2274 sapiens
697 2200 1015 2267 irascitur..
1050 2203 1135 2263 At
1170 2200 1468 2279 temporis
1511 2217 1722 2263 causa.
1780 2202 2077 2279 improbi,-
2115 2200 2204 2263 in-

128 2286 289 2363 quit,
314 2282 577 2345 hominis
608 2292 706 2345 est
736 2282 1060 2346 mendacio
1090 2286 1332 2346 fallet-ez
1375 2293 1610 2347 mutare
1639 2283 2208 2362 sententiamturpo

126 2376 261 2431 est:
299 2367 541 2429 exorari
573 2368 799 2441 scelus,
836 2366 1119 2429 misereri·
1144 2368 1459 2443 flagitium.
1533 2367 1636 2431 63.
1665 2369 1868 2432 Nostri
1891 2379 2091 2431 autem
2119 2368 2206 2433 illi

128 2486 211 2499 --
252 2451 489 2511 fatebor
516 2450 711 2525 enim,-
754 2450 933 2525 Cato,
978 2452 1460 2527 mequoque'in
1493 2452 1921 2515 adolescentia
1937 2454 2206 2515 diffisum

125 2533 382 2610 ingenio
416 2550 553 2593 meo
596 2536 918 2609 quaesisse
954 2535 1305 2595 adiumenta
1346 2534 1662 2614 doctrinae
1700 2570 1803 2610 -,
1850 2536 2088 2609 nostri,¹
2116 2537 2204 2595 in·

130 2634 341 2695 quam,
362 2615 460 2677 illi
482 2633 520 2676 a
537 2616 787 2678 Platone
814 2624 877 2678 et
892 2617 1242 2689 Aristotele,
1271 2618 1569 2681 moderati
1591 2619 1872 2681 homines
1895 2628 1955 2683 et
1981 2628 2204 2694 tempe-

122 2700 285 2775 rati,
332 2699 503 2761 aiunt
536 2701 725 2775 apum
748 2699 1089 2775 sapientem
1130 2704 1340 2763 valere
1378 2701 1709 2778 aliquando
1757 2700 2039 2778 gratiamz
2093 2702 2206 2765 viri

122 2784 283 2845 boni
304 2798 449 2843 esse
472 2782 774 2857 misereri:
803 2784 1090 2845 distincta
1116 2800 1346 2859 genera
1368 2802 1514 2847 esse
1537 2785 1896 2848 delictorum
1919 2796 1980 2847 et
2001 2784 2203 2861 dispa·
2249 2783 2253 2788 '

122 2883 255 2928 res.
295 2882 560 2941 poenam
624 2881 771 2927 esse
808 2868 989 2942 apud
1042 2866 1350 2933 hominem
1405 2867 2204 2944 constantem-ignoscendi

124 2955 367 3019 locum=
398 2948 611 3025 ipsum.
634 2948 973 3024 sapientem
1004 2962 1194 3025 saepe
1221 2949 1455 3025 aliquid
1483 2950 1720 3025 opinari
1752 2954 1919 3027 quod
1943 2952 2202 3015 nesciat·

124 3032 319 3094 irasci
348 3048 473 3094 non
514 3048 875 3107 numquam:
920 3032 1163 3093 exorari
1188 3034 1474 3093 eumdem
1515 3043 1576 3094 et
1608 3034 1866 3110 placat-iz
1910 3036 2080 3111 >quod
2115 3035 2204 3097 di-

120 3115 311 3189 xerit,
348 3115 667 3189 interdurn,
700 3115 753 3176 si
783 3116 867 3177 ita
895 3114 1121 3177 rectius
1153 3116 1252 3189 sit,
1283 3124 1547 3177 mutar-ea
1590 3118 1668 3179 de
1699 3122 1997 3181 sententia
2026 3120 2203 3179 dece-

7 3221 15 3230 ·
121 3202 285 3259 dere
324 3198 683 3276 aliquando=
738 3214 955 3261 omnes
1000 3198 1252 3262 virtutes
1292 3198 1710 3265 mediocritate
1753 3203 2016 3277 quadam
2061 3217 2204 3262 esse

119 3282 500 3343 moderatas.
580 3282 789 3343 XXXI.
817 3280 919 3343 64.
962 3284 1105 3345 Hos.
1136 3282 1215 3343 ad
1243 3283 1570 3357 magistros
1609 3284 1662 3344 si
1698 3303 1820 3359 qua
1851 3293 1914 3347 te
1943 3287 2203 3355 fortuna,

3 3411 12 3420 .
120 3368 314 3435 Cato,
356 3379 495 3425 oum
533 3364 652 3426 ista
692 3372 906 3427 natura
941 3366 1290 3439 detulisset,
1330 3374 1546 3427 non-tu
1591 3366 1836 3441 quidem
1871 3366 1963 3427 vir
1989 3364 2200 3428 melior

114 3462 315 3510 esses
344 3448 703 3579 nomm-titf-
730 3464 845 3509 nec
873 3448 1306 3523 temperantior
1332 3464 1450 3509 'neo
1471 3448 1689 3511 iustior
1711 3481 1806 3589 ῖέ
1817 3465 2018 3524 neque
2039 3448 2198 3510 enim

232 3536 365 3579 οπο.
413 3538 598 3581 oaA'r.
683 3566 697 3581 .
