2459 3817
760 137 925 198 CAP.
959 146 1118 200 23-
1137 143 1224 199 26.
1269 140 1321 202 S.
1352 141 1421 199 47
1442 169 1511 180 -
1530 137 1621 197 ⁵³.
2098 131 2225 198 269

159 289 413 364 luroriS,
453 288 611 352 oculi
641 289 922 363 sceleriS,
967 304 1169 350 sermo
1199 286 1625 362 adrogantiae,
1660 282 1751 346 sic
1778 293 1847 348 ut
1873 284 1931 348 ei
1964 283 2087 348 iam
2117 302 2221 346 ex-

159 378 433 452 ploratus
474 380 536 435 et
577 372 743 435 domi
783 370 1067 434 conditus
1115 372 1473 432 consulatus
1508 368 1835 432 videretur.
1907 371 2223 431 Murenam

156 457 610 520 contemnebam
655 454 990 532 Sulpicium
1020 462 1443 517 accusatorem
1473 471 1652 516 suum
1682 455 2065 524 numerabat,
2101 470 2223 514 non

159 539 646 616 competitorcmz
693 539 750 600 ei
780 538 903 599 vim
957 537 1375 611 denuntiabat,
1417 535 1509 598 rei
1537 536 1820 614 publicae
1864 537 2223 600 minabatur.

155 623 339 686 XXV.
372 623 474 686 50.
508 621 736 698 Quibus
761 623 948 684 rebus
983 621 1086 698 qui
1119 622 1301 684 timor
1328 620 1507 684 bonis
1539 621 1823 683 omnibus
1855 620 2114 682 iniectus
2146 619 2226 682 sit

159 716 511 784 quantaque
543 703 892 784 desperatio
922 704 1012 766 rei
1035 705 1347 780 publicae,
1382 706 1435 765 si
1465 705 1565 764 ille
1591 706 1787 767 tactus
1820 713 2007 778 esset,
2036 703 2224 766 nolite

157 809 194 851 a
232 808 330 852 me
371 789 740 852 commoneri
773 789 964 850 velles
1011 797 1253 850 vosmet
1292 785 1414 862 ipsi
1442 787 1765 848 vobiscum
1796 786 2224 850 recordamini.

155 871 517 936 Meministis
559 870 752 948 enim,
796 889 981 948 quum
1027 870 1190 933 illius
1221 869 1441 931 nefarii
1480 869 1837 946 gladiatoris
1865 886 2057 932 voces
2086 887 2222 946 per-

156 956 570 1031 crebuissent,
601 973 754 1032 quas
783 955 1078 1017 habuisse
1106 953 1166 1014 in
1195 951 1485 1015 contione
1520 952 1861 1015 domestica
1888 951 2221 1025 dicebatur,

157 1057 344 1115 quum
371 1038 733 1102 miserorum
757 1037 999 1099 fidelem
1021 1037 1413 1100 defensorem
1427 1044 1719 1112 negasset
1738 1034 1999 1096 inveniri
2013 1051 2225 1111 posse,

155 1122 275 1184 nisi
304 1139 474 1194 eum,
523 1120 628 1197 qui
667 1121 805 1198 ipse
833 1120 1020 1180 miser
1061 1128 1261 1196 esset,
1288 1118 1664 1196 integrorum
1693 1127 1755 1180 et
1782 1120 2225 1182 fortunatorum

157 1203 485 1281 promissis
525 1202 774 1266 saucios
816 1212 876 1265 et
914 1203 1174 1265 miseros
1206 1204 1459 1264 credere
1486 1219 1611 1264 non
1640 1211 1955 1280 oportere=
2004 1219 2129 1278 qua
2157 1217 2229 1264 re

158 1287 266 1363 qui
306 1295 672 1364 consumpta
707 1287 978 1364 replere,
1035 1295 1249 1362 erepta
1283 1303 1653 1364 recuperare
1688 1286 1943 1360 vellent,
1982 1293 2225 1362 specta-

154 1380 292 1433 rent
330 1371 474 1446 quid
505 1369 644 1447 ipse
682 1370 964 1444 deberet,
1009 1369 1158 1446 quid
1190 1369 1569 1447 possideret,
1618 1368 1768 1446 quid
1796 1370 2081 1432 auderet=
2116 1371 2224 1430 mi-

157 1453 316 1516 nime
347 1453 622 1516 timidum
655 1463 716 1516 et
745 1455 924 1515 valde
958 1455 1380 1516 calamitosum
1414 1470 1558 1516 esse
1590 1461 1878 1530 oportere
1912 1471 2081 1528 eum,
2118 1451 2224 1528 qui

158 1547 324 1601 esset
351 1540 590 1601 futurus
621 1538 746 1600 dux
777 1546 837 1600 et
867 1536 1119 1614 signifer
1139 1539 1652 1601 calamitosorum.
1718 1537 1819 1600 51.
1854 1538 2001 1600 Tum
2022 1536 2222 1614 igitur,

159 1621 254 1682 his
299 1623 485 1684 rebus
526 1620 777 1696 auditis,
821 1620 1179 1683 meministis
1223 1621 1355 1683 lieri
1399 1631 1650 1683 senatus
1682 1623 2029 1682 consultum
2066 1623 2223 1682 rese-

155 1712 326 1768 rente
371 1723 498 1778 me,
543 1721 622 1766 ne
658 1712 906 1782 postero
938 1703 1038 1766 die
1067 1704 1314 1766 comitia
1345 1705 1744 1777 haberentur,
1790 1713 1858 1765 ut
1887 1705 1966 1765 de
1995 1703 2094 1764 his
2128 1719 2223 1762 re·

157 1788 272 1850 bus
320 1788 382 1849 in
425 1797 642 1849 senatu
679 1804 860 1864 agere
901 1803 1251 1862 possemus.
1334 1789 1548 1862 ltaque
1582 1785 1883 1861 postridie
1924 1784 2227 1860 frequenti

159 1879 378 1934 senatu
420 1869 734 1932 Catilinam
773 1868 1037 1931 excitavi
1079 1877 1267 1946 atque
1306 1885 1448 1930 eum
1489 1869 1567 1930 de
1606 1867 1705 1928 his
1748 1868 1933 1930 rebus
1976 1867 2131 1929 iussi
2172 1869 2225 1929 si

158 1953 310 2030 quid
337 1955 544 2028 vellet,
590 1969 752 2030 quae
783 1953 862 2012 ad
903 1969 1002 2014 me
1029 1953 1269 2014 adlatae
1298 1961 1538 2027 essent,
1568 1951 1794 2012 dicere.
1874 1955 2081 2028 Atque
2102 1951 2222 2025 ille,

155 2048 223 2100 ut
261 2053 507 2112 semper
540 2033 650 2098 ruit
688 2035 1142 2111 apertissimus,
1189 2051 1315 2096 non
1349 2052 1421 2097 se
1448 2035 1759 2112 purgavit,
1794 2037 1907 2097 sed
1934 2034 2227 2098 indicavit

156 2129 341 2196 atque
375 2118 586 2182 induit.
642 2117 792 2181 Tum
821 2117 979 2180 enim
1009 2117 1162 2180 dixit
1187 2120 1311 2180 duo
1344 2135 1607 2196 corpora
1634 2135 1777 2181 esse
1805 2121 1893 2180 rei
1922 2120 2225 2196 publicae,

155 2220 344 2267 unum
382 2203 613 2276 debile,
663 2200 904 2265 infirmo
945 2201 1172 2280 capitae
1229 2203 1485 2265 alterum
1514 2205 1778 2277 firmum,
1830 2203 1963 2266 sine
1993 2202 2223 2278 capite=

156 2286 330 2361 huic,
371 2304 560 2364 quum
602 2285 684 2348 ita
712 2287 790 2347 de
820 2303 890 2348 se
924 2285 1200 2348 meritum
1230 2297 1431 2362 esset,
1478 2293 1665 2362 caput
1692 2303 1763 2348 se
1798 2288 1939 2348 vivo
1971 2302 2093 2347 non
2118 2287 2221 2346 de—

159 2373 441 2432 futurum.
528 2369 887 2446 congemuit
927 2379 1179 2432 senatus
1237 2370 1529 2446 frequens
1580 2386 1783 2445 neque
1822 2379 2025 2432 tamen
2072 2369 2225 2430 satis

157 2471 376 2516 severe
418 2472 532 2531 pro
569 2453 662 2516 rei
698 2452 1054 2529 indignitate
1095 2453 1395 2516 decrevit:
1443 2471 1583 2516 nam
1610 2451 1831 2530 partim
1858 2453 2001 2515 ideo
2034 2453 2222 2514 fortes

155 2539 218 2599 in
258 2538 646 2600 decernendo
678 2554 799 2598 non
831 2545 1030 2612 erant,
1085 2536 1228 2614 quia
1264 2538 1411 2598 nihil
1438 2538 1758 2613 timebant,
1800 2537 2047 2613 partim,
2080 2535 2226 2611 quia

157 2621 475 2684 timebant:
555 2631 684 2684 tum
729 2625 930 2701 erupit
986 2638 1022 2682 e
1052 2629 1299 2697 senatu,
1344 2621 1721 2696 triumphans
1750 2620 2006 2696 gaudio,
2040 2636 2225 2696 quem

158 2703 402 2767 omnino
438 2705 647 2768 vivum
674 2703 840 2765 illiue
869 2703 1038 2766 exire
1070 2721 1192 2766 non
1230 2712 1611 2780 oportuerat=
1646 2703 2005 2779 praesertim
2036 2720 2225 2779 quum

155 2788 318 2850 idem
359 2790 459 2850 ille
487 2789 546 2850 in
579 2789 799 2850 eodem
831 2787 1046 2848 ordine
1077 2786 1290 2863 paucis
1324 2786 1545 2849 diebus
1574 2795 1713 2848 ante
1746 2786 1988 2860 Catoni,
2023 2786 2223 2850 sortis·

158 2871 313 2934 simo
358 2871 526 2945 viro,
571 2869 861 2933 iudicium
902 2869 1197 2932 minitanti
1242 2887 1316 2931 ac
1345 2870 1721 2933 denuntianti
1777 2871 2221 2946 respondisset,

157 2955 212 3016 si
246 2955 414 3032 quod
460 2962 630 3017 esset
669 2955 728 3016 in
774 2971 920 3016 suas
957 2957 1230 3016 fortunas
1274 2953 1625 3015 incendium
1657 2955 2012 3028 excitatum,
2061 2955 2124 3015 id
2156 2970 2225 3016 se

157 3056 278 3101 non
324 3055 515 3116 aqua,
566 3038 680 3100 sed
719 3039 894 3099 ruina
926 3039 1371 3100 restincturum.
1452 3038 1661 3099 XXVI.
1694 3037 1796 3099 52.
1831 3037 1942 3101 His
1972 3046 2096 3099 tum
2129 3055 2223 3098 re-

157 3124 274 3184 bus
314 3131 685 3195 commotuS,
724 3131 784 3184 et
831 3121 994 3197 quod
1035 3120 1314 3183 homines
1356 3120 1477 3182 iam
1524 3131 1647 3184 tum
1692 3121 2043 3209 coniuratos
2086 3137 2221 3182 cum

156 3205 375 3282 gladiis
418 3206 477 3266 in
521 3223 802 3282 campum
848 3203 1068 3267 deduci
1115 3223 1153 3266 a
1182 3203 1435 3266 Catilina
1477 3205 1778 3280 sciebam,
1834 3203 2131 3265 descendi
2160 3204 2221 3263 in

157 3306 442 3365 campum
472 3307 610 3351 cum
644 3287 995 3352 firmissimo
1023 3288 1333 3365 praesidio
1370 3288 1841 3352 fortissimorum
1862 3284 2133 3348 virorum
2164 3296 2223 3350 et

157 3389 296 3433 cum
324 3371 427 3433 illa
466 3375 586 3434 lata
614 3372 965 3448 insignique
1007 3371 1223 3447 lorica,
1271 3387 1393 3433 non
1430 3389 1589 3448 quae
1628 3388 1726 3432 me
1763 3377 1995 3444 tegeret
2020 3404 2099 3416 —
2134 3380 2215 3434 et·
