<?xml version="1.0" encoding="UTF-8"?>
<!DOCTYPE html PUBLIC "-//W3C//DTD XHTML 1.0 Transitional//EN"
    "http://www.w3.org/TR/xhtml1/DTD/xhtml1-transitional.dtd">
<html xmlns="http://www.w3.org/1999/xhtml" xml:lang="en" lang="en">
 <head>
  <title>
</title>
<meta http-equiv="Content-Type" content="text/html;charset=utf-8" />
  <meta name='ocr-system' content='tesseract 3.04.00' />
  <meta name='ocr-capabilities' content='ocr_page ocr_carea ocr_par ocr_line ocrx_word'/>
</head>
<body>
  <div class='ocr_page' id='page_1' title='image "./mtulliiciceroni00klotgoog_0342.png"; bbox 0 0 2459 3817; ppageno 0'>
   <div class='ocr_carea' id='block_1_1' title="bbox 826 99 2240 168">
    <p class='ocr_par' dir='ltr' id='par_1_1' title="bbox 826 99 2240 168">
     <span class='ocr_line' id='line_1_1' title="bbox 826 99 2240 168; baseline -0.002 -3"><span class='ocrx_word' id='word_1_1' title='bbox 826 101 995 165; x_wconf 81' lang='lat' dir='ltr'><strong>CAP.</strong></span> <span class='ocrx_word' id='word_1_2' title='bbox 1024 109 1220 164; x_wconf 74' lang='grc'><strong>3-5.</strong></span> <span class='ocrx_word' id='word_1_3' title='bbox 1263 105 1315 168; x_wconf 81' lang='lat' dir='ltr'><strong>s.</strong></span> <span class='ocrx_word' id='word_1_4' title='bbox 1347 109 1578 164; x_wconf 75' lang='lat'><strong>6-15.</strong></span> <span class='ocrx_word' id='word_1_5' title='bbox 2156 99 2240 162; x_wconf 73' lang='lat'><strong>47</strong></span> 
     </span>
    </p>
   </div>
   <div class='ocr_carea' id='block_1_2' title="bbox 94 251 2244 3408">
    <p class='ocr_par' dir='ltr' id='par_1_2' title="bbox 94 251 2242 2150">
     <span class='ocr_line' id='line_1_2' title="bbox 146 251 2236 329; baseline -0.002 -11"><span class='ocrx_word' id='word_1_6' title='bbox 146 259 363 318; x_wconf 84' lang='lat' dir='ltr'><strong>’causa</strong></span> <span class='ocrx_word' id='word_1_7' title='bbox 401 263 462 317; x_wconf 88' lang='lat' dir='ltr'><strong>et</strong></span> <span class='ocrx_word' id='word_1_8' title='bbox 502 263 627 318; x_wconf 87' lang='lat' dir='ltr'><strong>tum</strong></span> <span class='ocrx_word' id='word_1_9' title='bbox 676 263 1015 318; x_wconf 86' lang='lat' dir='ltr'><strong>conventus</strong></span> <span class='ocrx_word' id='word_1_10' title='bbox 1055 253 1155 314; x_wconf 88' lang='lat' dir='ltr'><strong>ille</strong></span> <span class='ocrx_word' id='word_1_11' title='bbox 1198 252 1472 329; x_wconf 80' lang='lat' dir='ltr'>Capuae,</span> <span class='ocrx_word' id='word_1_12' title='bbox 1532 251 1636 328; x_wconf 92' lang='lat' dir='ltr'><strong>qui</strong></span> <span class='ocrx_word' id='word_1_13' title='bbox 1685 260 1936 329; x_wconf 89' lang='lat' dir='ltr'><strong>propter</strong></span> <span class='ocrx_word' id='word_1_14' title='bbox 1979 252 2236 314; x_wconf 84' lang='lat' dir='ltr'><strong>salutem</strong></span> 
     </span>
     <span class='ocr_line' id='line_1_3' title="bbox 167 338 2236 411; baseline -0.001 -13"><span class='ocrx_word' id='word_1_15' title='bbox 167 339 334 399; x_wconf 90' lang='lat' dir='ltr'><strong>illius</strong></span> <span class='ocrx_word' id='word_1_16' title='bbox 369 338 537 400; x_wconf 85' lang='lat' dir='ltr'><strong>urbis</strong></span> <span class='ocrx_word' id='word_1_17' title='bbox 568 339 893 400; x_wconf 80' lang='lat' dir='ltr'><strong>consulatu</strong></span> <span class='ocrx_word' id='word_1_18' title='bbox 933 345 1353 399; x_wconf 80' lang='lat' dir='ltr'><strong>conservatam</strong></span> <span class='ocrx_word' id='word_1_19' title='bbox 1395 352 1533 398; x_wconf 89' lang='lat' dir='ltr'><strong>meo</strong></span> <span class='ocrx_word' id='word_1_20' title='bbox 1564 352 1661 397; x_wconf 93' lang='lat' dir='ltr'><strong>me</strong></span> <span class='ocrx_word' id='word_1_21' title='bbox 1698 352 1884 398; x_wconf 90' lang='lat' dir='ltr'><strong>unum</strong></span> <span class='ocrx_word' id='word_1_22' title='bbox 1912 342 2236 411; x_wconf 85' lang='lat' dir='ltr'><strong>patronum</strong></span> 
     </span>
     <span class='ocr_line' id='line_1_4' title="bbox 169 418 2239 496; baseline -0.001 -15"><span class='ocrx_word' id='word_1_23' title='bbox 169 420 515 496; x_wconf 85' lang='lat' dir='ltr'><strong>adoptavit,</strong></span> <span class='ocrx_word' id='word_1_24' title='bbox 561 420 705 483; x_wconf 90' lang='lat' dir='ltr'><strong>huic</strong></span> <span class='ocrx_word' id='word_1_25' title='bbox 743 421 909 496; x_wconf 84' lang='lat' dir='ltr'><strong>apud</strong></span> <span class='ocrx_word' id='word_1_26' title='bbox 947 437 1044 480; x_wconf 89' lang='lat' dir='ltr'><strong>mc</strong></span> <span class='ocrx_word' id='word_1_27' title='bbox 1083 419 1147 478; x_wconf 91' lang='lat' dir='ltr'><strong>P.</strong></span> <span class='ocrx_word' id='word_1_28' title='bbox 1179 418 1382 480; x_wconf 82' lang='lat' dir='ltr'>Sestio</span> <span class='ocrx_word' id='word_1_29' title='bbox 1423 419 1720 480; x_wconf 87' lang='lat' dir='ltr'><strong>maximas</strong></span> <span class='ocrx_word' id='word_1_30' title='bbox 1755 418 1980 496; x_wconf 79' lang='lat' dir='ltr'><strong>gratias</strong></span> <span class='ocrx_word' id='word_1_31' title='bbox 2016 419 2139 494; x_wconf 81' lang='lat' dir='ltr'><strong>egit</strong></span> <span class='ocrx_word' id='word_1_32' title='bbox 2175 425 2239 478; x_wconf 87' lang='lat' dir='ltr'><strong>et</strong></span> 
     </span>
     <span class='ocr_line' id='line_1_5' title="bbox 168 499 2232 578; baseline -0 -15"><span class='ocrx_word' id='word_1_33' title='bbox 168 505 292 565; x_wconf 90' lang='lat' dir='ltr'><strong>hoc</strong></span> <span class='ocrx_word' id='word_1_34' title='bbox 320 514 595 578; x_wconf 89' lang='lat' dir='ltr'><strong>tempore</strong></span> <span class='ocrx_word' id='word_1_35' title='bbox 628 503 825 564; x_wconf 88' lang='lat' dir='ltr'><strong>eidem</strong></span> <span class='ocrx_word' id='word_1_36' title='bbox 852 503 1129 564; x_wconf 87' lang='lat' dir='ltr'><strong>homines</strong></span> <span class='ocrx_word' id='word_1_37' title='bbox 1153 503 1397 563; x_wconf 87' lang='lat' dir='ltr'><strong>nomine</strong></span> <span class='ocrx_word' id='word_1_38' title='bbox 1421 511 1788 567; x_wconf 85' lang='lat' dir='ltr'><strong>commutato</strong></span> <span class='ocrx_word' id='word_1_39' title='bbox 1819 499 2023 564; x_wconf 90' lang='lat' dir='ltr'><strong>coloni</strong></span> <span class='ocrx_word' id='word_1_40' title='bbox 2049 502 2232 562; x_wconf 89' lang='lat' dir='ltr'><strong>decu-</strong></span> 
     </span>
     <span class='ocr_line' id='line_1_6' title="bbox 166 583 2236 660; baseline -0 -14"><span class='ocrx_word' id='word_1_41' title='bbox 166 587 535 660; x_wconf 77' lang='lat' dir='ltr'><strong>rionesque,</strong></span> <span class='ocrx_word' id='word_1_42' title='bbox 579 586 890 648; x_wconf 78' lang='lat' dir='ltr'><strong>fortissimi</strong></span> <span class='ocrx_word' id='word_1_43' title='bbox 922 595 1105 660; x_wconf 88' lang='lat' dir='ltr'><strong>atque</strong></span> <span class='ocrx_word' id='word_1_44' title='bbox 1136 585 1348 660; x_wconf 88' lang='lat' dir='ltr'><strong>optimi</strong></span> <span class='ocrx_word' id='word_1_45' title='bbox 1381 585 1488 646; x_wconf 81' lang='lat' dir='ltr'><strong>viri</strong></span> <span class='ocrx_word' id='word_1_46' title='bbox 1507 632 1522 659; x_wconf 96' lang='lat'><strong>,</strong></span> <span class='ocrx_word' id='word_1_47' title='bbox 1565 587 1929 648; x_wconf 82' lang='lat' dir='ltr'><strong>beneficium</strong></span> <span class='ocrx_word' id='word_1_48' title='bbox 1956 583 2020 644; x_wconf 90' lang='lat' dir='ltr'><strong>P.</strong></span> <span class='ocrx_word' id='word_1_49' title='bbox 2052 583 2236 646; x_wconf 84' lang='lat' dir='ltr'><strong>Sestii</strong></span> 
     </span>
     <span class='ocr_line' id='line_1_7' title="bbox 168 665 2236 744; baseline -0.002 -14"><span class='ocrx_word' id='word_1_50' title='bbox 168 671 519 731; x_wconf 88' lang='lat' dir='ltr'><strong>testimonio</strong></span> <span class='ocrx_word' id='word_1_51' title='bbox 572 670 912 738; x_wconf 81' lang='lat' dir='ltr'><strong>declarant,</strong></span> <span class='ocrx_word' id='word_1_52' title='bbox 970 665 1307 741; x_wconf 89' lang='lat' dir='ltr'><strong>periculum</strong></span> <span class='ocrx_word' id='word_1_53' title='bbox 1352 666 1601 725; x_wconf 87' lang='lat' dir='ltr'><strong>decreto</strong></span> <span class='ocrx_word' id='word_1_54' title='bbox 1647 683 1764 728; x_wconf 84' lang='lat' dir='ltr'><strong>suo</strong></span> <span class='ocrx_word' id='word_1_55' title='bbox 1811 671 2236 744; x_wconf 83' lang='lat' dir='ltr'><strong>deprecantur.</strong></span> 
     </span>
     <span class='ocr_line' id='line_1_8' title="bbox 171 749 2234 828; baseline -0.001 -14"><span class='ocrx_word' id='word_1_56' title='bbox 171 751 273 814; x_wconf 90' lang='grc'><strong>10.</strong></span> <span class='ocrx_word' id='word_1_57' title='bbox 314 752 558 826; x_wconf 87' lang='lat' dir='ltr'><strong>Recita,</strong></span> <span class='ocrx_word' id='word_1_58' title='bbox 601 769 863 828; x_wconf 83' lang='lat' dir='ltr'><strong>quaeso,</strong></span> <span class='ocrx_word' id='word_1_59' title='bbox 904 749 971 809; x_wconf 92' lang='lat' dir='ltr'><strong>L.</strong></span> <span class='ocrx_word' id='word_1_60' title='bbox 1015 751 1208 824; x_wconf 88' lang='lat' dir='ltr'><strong>Sesti,</strong></span> <span class='ocrx_word' id='word_1_61' title='bbox 1258 749 1405 826; x_wconf 92' lang='lat' dir='ltr'><strong>quid</strong></span> <span class='ocrx_word' id='word_1_62' title='bbox 1438 751 1740 812; x_wconf 86' lang='lat' dir='ltr'><strong>decrerint</strong></span> <span class='ocrx_word' id='word_1_63' title='bbox 1770 752 2014 826; x_wconf 81' lang='lat' dir='ltr'><strong>Capuae</strong></span> <span class='ocrx_word' id='word_1_64' title='bbox 2048 751 2234 812; x_wconf 90' lang='lat' dir='ltr'><strong>decu-</strong></span> 
     </span>
     <span class='ocr_line' id='line_1_9' title="bbox 166 831 2236 911; baseline -0.001 -17"><span class='ocrx_word' id='word_1_65' title='bbox 166 837 407 908; x_wconf 88' lang='lat' dir='ltr'><strong>riones,</strong></span> <span class='ocrx_word' id='word_1_66' title='bbox 456 844 521 896; x_wconf 90' lang='lat' dir='ltr'><strong>ut</strong></span> <span class='ocrx_word' id='word_1_67' title='bbox 560 835 679 896; x_wconf 90' lang='lat' dir='ltr'><strong>iam</strong></span> <span class='ocrx_word' id='word_1_68' title='bbox 714 834 965 911; x_wconf 90' lang='lat' dir='ltr'><strong>puerilis</strong></span> <span class='ocrx_word' id='word_1_69' title='bbox 998 843 1099 896; x_wconf 89' lang='lat' dir='ltr'><strong>tua</strong></span> <span class='ocrx_word' id='word_1_70' title='bbox 1132 850 1253 894; x_wconf 90' lang='lat' dir='ltr'><strong>vox</strong></span> <span class='ocrx_word' id='word_1_71' title='bbox 1284 832 1484 908; x_wconf 84' lang='lat' dir='ltr'><strong>possit</strong></span> <span class='ocrx_word' id='word_1_72' title='bbox 1513 833 1744 907; x_wconf 87' lang='lat' dir='ltr'><strong>aliquid</strong></span> <span class='ocrx_word' id='word_1_73' title='bbox 1774 831 2120 905; x_wconf 81' lang='lat' dir='ltr'><strong>significare</strong></span> <span class='ocrx_word' id='word_1_74' title='bbox 2147 835 2236 892; x_wconf 88' lang='lat' dir='ltr'><strong>in-</strong></span> 
     </span>
     <span class='ocr_line' id='line_1_10' title="bbox 168 915 2238 994; baseline -0.002 -16"><span class='ocrx_word' id='word_1_75' title='bbox 168 918 364 979; x_wconf 89' lang='lat' dir='ltr'><strong>imicis</strong></span> <span class='ocrx_word' id='word_1_76' title='bbox 392 919 633 991; x_wconf 88' lang='lat' dir='ltr'><strong>vestris,</strong></span> <span class='ocrx_word' id='word_1_77' title='bbox 671 919 981 994; x_wconf 83' lang='lat' dir='ltr'><strong>quidnam,</strong></span> <span class='ocrx_word' id='word_1_78' title='bbox 1015 933 1202 991; x_wconf 91' lang='lat' dir='ltr'><strong>quum</strong></span> <span class='ocrx_word' id='word_1_79' title='bbox 1226 931 1298 976; x_wconf 89' lang='lat' dir='ltr'><strong>se</strong></span> <span class='ocrx_word' id='word_1_80' title='bbox 1319 915 1744 990; x_wconf 84' lang='lat' dir='ltr'><strong>corroborarit,</strong></span> <span class='ocrx_word' id='word_1_81' title='bbox 1774 915 2066 974; x_wconf 84' lang='lat' dir='ltr'><strong>effectura</strong></span> <span class='ocrx_word' id='word_1_82' title='bbox 2093 931 2238 975; x_wconf 88' lang='lat' dir='ltr'><strong>esse</strong></span> 
     </span>
     <span class='ocr_line' id='line_1_11' title="bbox 168 996 2240 1063; baseline -0.002 -2"><span class='ocrx_word' id='word_1_83' title='bbox 168 1001 464 1063; x_wconf 79' lang='lat' dir='ltr'><strong>videatur.</strong></span> <span class='ocrx_word' id='word_1_84' title='bbox 522 1003 915 1062; x_wconf 71' lang='lat' dir='ltr'><strong>Ducumonuu</strong></span> <span class='ocrx_word' id='word_1_85' title='bbox 946 1015 1233 1058; x_wconf 71' lang='lat' dir='ltr'><strong>arcas-m.</strong></span> <span class='ocrx_word' id='word_1_86' title='bbox 1289 997 1421 1058; x_wconf 85' lang='lat' dir='ltr'><strong>Non</strong></span> <span class='ocrx_word' id='word_1_87' title='bbox 1464 996 1656 1060; x_wconf 86' lang='lat' dir='ltr'><strong>recito</strong></span> <span class='ocrx_word' id='word_1_88' title='bbox 1687 998 1998 1058; x_wconf 87' lang='lat' dir='ltr'><strong>decretum</strong></span> <span class='ocrx_word' id='word_1_89' title='bbox 2031 996 2240 1057; x_wconf 80' lang='lat' dir='ltr'><strong>officio</strong></span> 
     </span>
     <span class='ocr_line' id='line_1_12' title="bbox 94 1077 2236 1163; baseline -0.002 -19"><span class='ocrx_word' id='word_1_90' title='bbox 94 1159 99 1163; x_wconf 20' lang='grc' dir='ltr'>Π</span> <span class='ocrx_word' id='word_1_91' title='bbox 169 1085 375 1158; x_wconf 90' lang='lat' dir='ltr'><strong>aliquo</strong></span> <span class='ocrx_word' id='word_1_92' title='bbox 418 1100 784 1158; x_wconf 88' lang='lat' dir='ltr'><strong>ex-pressum</strong></span> <span class='ocrx_word' id='word_1_93' title='bbox 824 1081 1149 1142; x_wconf 88' lang='lat' dir='ltr'><strong>vicinitatis</strong></span> <span class='ocrx_word' id='word_1_94' title='bbox 1193 1090 1300 1140; x_wconf 88' lang='lat' dir='ltr'><strong>aut</strong></span> <span class='ocrx_word' id='word_1_95' title='bbox 1341 1080 1659 1141; x_wconf 84' lang='lat' dir='ltr'><strong>clientelae</strong></span> <span class='ocrx_word' id='word_1_96' title='bbox 1699 1087 1804 1140; x_wconf 88' lang='lat' dir='ltr'><strong>aut</strong></span> <span class='ocrx_word' id='word_1_97' title='bbox 1839 1077 2086 1154; x_wconf 87' lang='lat' dir='ltr'><strong>hospitii</strong></span> <span class='ocrx_word' id='word_1_98' title='bbox 2125 1094 2236 1153; x_wconf 91' lang='lat' dir='ltr'><strong>pu-</strong></span> 
     </span>
     <span class='ocr_line' id='line_1_13' title="bbox 168 1161 2242 1239; baseline -0.002 -13"><span class='ocrx_word' id='word_1_99' title='bbox 168 1167 337 1239; x_wconf 91' lang='lat' dir='ltr'><strong>blici,</strong></span> <span class='ocrx_word' id='word_1_100' title='bbox 359 1174 465 1226; x_wconf 91' lang='lat' dir='ltr'><strong>aut</strong></span> <span class='ocrx_word' id='word_1_101' title='bbox 503 1164 849 1226; x_wconf 83' lang='lat' dir='ltr'><strong>ambitionis</strong></span> <span class='ocrx_word' id='word_1_102' title='bbox 889 1173 996 1225; x_wconf 90' lang='lat' dir='ltr'><strong>aut</strong></span> <span class='ocrx_word' id='word_1_103' title='bbox 1034 1161 1580 1224; x_wconf 86' lang='lat' dir='ltr'><strong>commendationis</strong></span> <span class='ocrx_word' id='word_1_104' title='bbox 1623 1161 1848 1237; x_wconf 78' lang='lat' dir='ltr'><strong>gratia,</strong></span> <span class='ocrx_word' id='word_1_105' title='bbox 1899 1162 2012 1222; x_wconf 84' lang='lat' dir='ltr'><strong>sed</strong></span> <span class='ocrx_word' id='word_1_106' title='bbox 2045 1162 2242 1223; x_wconf 85' lang='lat' dir='ltr'><strong>recito</strong></span> 
     </span>
     <span class='ocr_line' id='line_1_14' title="bbox 168 1243 2237 1322; baseline -0.001 -14"><span class='ocrx_word' id='word_1_107' title='bbox 168 1247 524 1308; x_wconf 85' lang='lat' dir='ltr'><strong>memoriam</strong></span> <span class='ocrx_word' id='word_1_108' title='bbox 559 1245 861 1322; x_wconf 80' lang='lat' dir='ltr'><strong>perfuncti</strong></span> <span class='ocrx_word' id='word_1_109' title='bbox 889 1243 1163 1321; x_wconf 86' lang='lat' dir='ltr'><strong>periculi,</strong></span> <span class='ocrx_word' id='word_1_110' title='bbox 1199 1243 1714 1321; x_wconf 72' lang='lat' dir='ltr'><strong>praedicauonem</strong></span> <span class='ocrx_word' id='word_1_111' title='bbox 1744 1243 2104 1319; x_wconf 86' lang='lat' dir='ltr'><strong>amplissimi</strong></span> <span class='ocrx_word' id='word_1_112' title='bbox 2133 1244 2237 1305; x_wconf 90' lang='lat' dir='ltr'><strong>be·</strong></span> 
     </span>
     <span class='ocr_line' id='line_1_15' title="bbox 169 1326 2242 1405; baseline -0.002 -13"><span class='ocrx_word' id='word_1_113' title='bbox 169 1331 393 1403; x_wconf 86' lang='lat' dir='ltr'><strong>neficii,</strong></span> <span class='ocrx_word' id='word_1_114' title='bbox 423 1330 619 1390; x_wconf 89' lang='lat' dir='ltr'><strong>vicem</strong></span> <span class='ocrx_word' id='word_1_115' title='bbox 644 1329 832 1391; x_wconf 80' lang='lat' dir='ltr'><strong>officii</strong></span> <span class='ocrx_word' id='word_1_116' title='bbox 854 1328 1216 1405; x_wconf 84' lang='lat' dir='ltr'><strong>praesentis,</strong></span> <span class='ocrx_word' id='word_1_117' title='bbox 1242 1326 1650 1390; x_wconf 88' lang='lat' dir='ltr'><strong>testimonium</strong></span> <span class='ocrx_word' id='word_1_118' title='bbox 1673 1327 1983 1403; x_wconf 88' lang='lat' dir='ltr'><strong>praeteriti</strong></span> <span class='ocrx_word' id='word_1_119' title='bbox 2004 1335 2242 1402; x_wconf 89' lang='lat' dir='ltr'><strong>tempo·</strong></span> 
     </span>
     <span class='ocr_line' id='line_1_16' title="bbox 168 1409 2240 1489; baseline -0.002 -15"><span class='ocrx_word' id='word_1_120' title='bbox 168 1415 275 1477; x_wconf 78' lang='lat' dir='ltr'><strong>ris,</strong></span> <span class='ocrx_word' id='word_1_121' title='bbox 354 1413 456 1476; x_wconf 82' lang='lat'><strong>11.</strong></span> <span class='ocrx_word' id='word_1_122' title='bbox 496 1416 702 1488; x_wconf 87' lang='lat' dir='ltr'><strong>Atque</strong></span> <span class='ocrx_word' id='word_1_123' title='bbox 731 1413 850 1474; x_wconf 93' lang='lat' dir='ltr'><strong>illis</strong></span> <span class='ocrx_word' id='word_1_124' title='bbox 884 1412 1261 1489; x_wconf 84' lang='lat' dir='ltr'><strong>temporibus</strong></span> <span class='ocrx_word' id='word_1_125' title='bbox 1283 1411 1550 1487; x_wconf 86' lang='lat' dir='ltr'><strong>eisdem,</strong></span> <span class='ocrx_word' id='word_1_126' title='bbox 1601 1427 1786 1487; x_wconf 91' lang='lat' dir='ltr'><strong>quum</strong></span> <span class='ocrx_word' id='word_1_127' title='bbox 1822 1410 1940 1472; x_wconf 88' lang='lat' dir='ltr'><strong>iam</strong></span> <span class='ocrx_word' id='word_1_128' title='bbox 1971 1409 2240 1486; x_wconf 84' lang='lat' dir='ltr'><strong>Capuam</strong></span> 
     </span>
     <span class='ocr_line' id='line_1_17' title="bbox 169 1493 2236 1571; baseline -0.002 -12"><span class='ocrx_word' id='word_1_129' title='bbox 169 1506 332 1559; x_wconf 90' lang='lat' dir='ltr'><strong>metu</strong></span> <span class='ocrx_word' id='word_1_130' title='bbox 357 1497 596 1558; x_wconf 88' lang='lat' dir='ltr'><strong>Sestius</strong></span> <span class='ocrx_word' id='word_1_131' title='bbox 619 1496 959 1570; x_wconf 87' lang='lat' dir='ltr'><strong>liberasset,</strong></span> <span class='ocrx_word' id='word_1_132' title='bbox 988 1497 1199 1558; x_wconf 90' lang='lat' dir='ltr'><strong>urbem</strong></span> <span class='ocrx_word' id='word_1_133' title='bbox 1224 1504 1476 1558; x_wconf 90' lang='lat' dir='ltr'><strong>senatus</strong></span> <span class='ocrx_word' id='word_1_134' title='bbox 1499 1503 1686 1571; x_wconf 88' lang='lat' dir='ltr'><strong>atque</strong></span> <span class='ocrx_word' id='word_1_135' title='bbox 1715 1510 1928 1556; x_wconf 90' lang='lat' dir='ltr'><strong>omnes</strong></span> <span class='ocrx_word' id='word_1_136' title='bbox 1954 1493 2102 1555; x_wconf 93' lang='lat' dir='ltr'><strong>boni</strong></span> <span class='ocrx_word' id='word_1_137' title='bbox 2132 1494 2236 1554; x_wconf 89' lang='lat' dir='ltr'><strong>de·</strong></span> 
     </span>
     <span class='ocr_line' id='line_1_18' title="bbox 175 1577 2239 1656; baseline -0.001 -16"><span class='ocrx_word' id='word_1_138' title='bbox 175 1579 495 1656; x_wconf 84' lang='lat' dir='ltr'><strong>prehensis</strong></span> <span class='ocrx_word' id='word_1_139' title='bbox 538 1589 723 1656; x_wconf 88' lang='lat' dir='ltr'><strong>atque</strong></span> <span class='ocrx_word' id='word_1_140' title='bbox 765 1578 1087 1656; x_wconf 88' lang='lat' dir='ltr'><strong>oppressis</strong></span> <span class='ocrx_word' id='word_1_141' title='bbox 1134 1577 1490 1640; x_wconf 90' lang='lat' dir='ltr'><strong>domesticis</strong></span> <span class='ocrx_word' id='word_1_142' title='bbox 1519 1577 1802 1640; x_wconf 81' lang='lat' dir='ltr'><strong>hostibus</strong></span> <span class='ocrx_word' id='word_1_143' title='bbox 1834 1594 1932 1638; x_wconf 90' lang='lat' dir='ltr'><strong>me</strong></span> <span class='ocrx_word' id='word_1_144' title='bbox 1966 1577 2123 1638; x_wconf 91' lang='lat' dir='ltr'><strong>duce</strong></span> <span class='ocrx_word' id='word_1_145' title='bbox 2157 1593 2239 1637; x_wconf 83' lang='lat' dir='ltr'><strong>ex</strong></span> 
     </span>
     <span class='ocr_line' id='line_1_19' title="bbox 170 1660 2239 1739; baseline -0.002 -15"><span class='ocrx_word' id='word_1_146' title='bbox 170 1663 457 1739; x_wconf 89' lang='lat' dir='ltr'><strong>periculis</strong></span> <span class='ocrx_word' id='word_1_147' title='bbox 487 1663 767 1725; x_wconf 88' lang='lat' dir='ltr'><strong>maximis</strong></span> <span class='ocrx_word' id='word_1_148' title='bbox 796 1661 1223 1734; x_wconf 88' lang='lat' dir='ltr'><strong>extraxissent,</strong></span> <span class='ocrx_word' id='word_1_149' title='bbox 1261 1679 1379 1737; x_wconf 79' lang='lat' dir='ltr'><strong>ego</strong></span> <span class='ocrx_word' id='word_1_150' title='bbox 1415 1661 1628 1723; x_wconf 87' lang='lat' dir='ltr'><strong>litteris</strong></span> <span class='ocrx_word' id='word_1_151' title='bbox 1650 1662 1714 1722; x_wconf 89' lang='lat' dir='ltr'><strong>P.</strong></span> <span class='ocrx_word' id='word_1_152' title='bbox 1742 1661 2006 1722; x_wconf 90' lang='lat' dir='ltr'><strong>Sestium</strong></span> <span class='ocrx_word' id='word_1_153' title='bbox 2029 1660 2239 1734; x_wconf 88' lang='lat' dir='ltr'><strong>Capua</strong></span> 
     </span>
     <span class='ocr_line' id='line_1_20' title="bbox 170 1741 2236 1819; baseline -0.001 -13"><span class='ocrx_word' id='word_1_154' title='bbox 170 1746 467 1807; x_wconf 85' lang='lat' dir='ltr'><strong>arcessivi</strong></span> <span class='ocrx_word' id='word_1_155' title='bbox 496 1762 633 1806; x_wconf 90' lang='lat' dir='ltr'><strong>cum</strong></span> <span class='ocrx_word' id='word_1_156' title='bbox 662 1745 765 1805; x_wconf 93' lang='lat' dir='ltr'><strong>illo</strong></span> <span class='ocrx_word' id='word_1_157' title='bbox 794 1745 1097 1818; x_wconf 89' lang='lat' dir='ltr'><strong>exercitu,</strong></span> <span class='ocrx_word' id='word_1_158' title='bbox 1144 1761 1328 1819; x_wconf 88' lang='lat' dir='ltr'><strong>quem</strong></span> <span class='ocrx_word' id='word_1_159' title='bbox 1362 1752 1485 1804; x_wconf 89' lang='lat' dir='ltr'><strong>tum</strong></span> <span class='ocrx_word' id='word_1_160' title='bbox 1517 1759 1727 1805; x_wconf 86' lang='lat' dir='ltr'><strong>secum</strong></span> <span class='ocrx_word' id='word_1_161' title='bbox 1758 1744 2039 1804; x_wconf 86' lang='lat' dir='ltr'><strong>habebat.</strong></span> <span class='ocrx_word' id='word_1_162' title='bbox 2097 1741 2236 1816; x_wconf 80' lang='lat' dir='ltr'><strong>Qui-</strong></span> 
     </span>
     <span class='ocr_line' id='line_1_21' title="bbox 174 1825 2242 1897; baseline -0.002 -7"><span class='ocrx_word' id='word_1_163' title='bbox 174 1831 289 1890; x_wconf 88' lang='lat' dir='ltr'><strong>bus</strong></span> <span class='ocrx_word' id='word_1_164' title='bbox 320 1827 419 1897; x_wconf 81' lang='lat' dir='ltr'><strong>bic</strong></span> <span class='ocrx_word' id='word_1_165' title='bbox 446 1826 659 1888; x_wconf 87' lang='lat' dir='ltr'><strong>litteris</strong></span> <span class='ocrx_word' id='word_1_166' title='bbox 682 1829 854 1888; x_wconf 89' lang='lat' dir='ltr'><strong>lectis</strong></span> <span class='ocrx_word' id='word_1_167' title='bbox 884 1829 962 1888; x_wconf 87' lang='lat' dir='ltr'><strong>ad</strong></span> <span class='ocrx_word' id='word_1_168' title='bbox 992 1829 1203 1889; x_wconf 88' lang='lat' dir='ltr'><strong>urbem</strong></span> <span class='ocrx_word' id='word_1_169' title='bbox 1228 1825 1548 1887; x_wconf 74' lang='lat' dir='ltr'><strong>confestim</strong></span> <span class='ocrx_word' id='word_1_170' title='bbox 1571 1825 1908 1886; x_wconf 88' lang='lat' dir='ltr'><strong>incredibili</strong></span> <span class='ocrx_word' id='word_1_171' title='bbox 1932 1825 2242 1887; x_wconf 85' lang='lat' dir='ltr'><strong>celeritate</strong></span> 
     </span>
     <span class='ocr_line' id='line_1_22' title="bbox 170 1907 2237 1984; baseline -0.002 -10"><span class='ocrx_word' id='word_1_172' title='bbox 170 1910 499 1974; x_wconf 85' lang='lat' dir='ltr'><strong>advolavit.</strong></span> <span class='ocrx_word' id='word_1_173' title='bbox 540 1912 747 1984; x_wconf 78' lang='lat' dir='ltr'><strong>Atque</strong></span> <span class='ocrx_word' id='word_1_174' title='bbox 769 1919 835 1970; x_wconf 89' lang='lat' dir='ltr'><strong>ut</strong></span> <span class='ocrx_word' id='word_1_175' title='bbox 860 1909 1021 1970; x_wconf 86' lang='lat' dir='ltr'><strong>illius</strong></span> <span class='ocrx_word' id='word_1_176' title='bbox 1045 1907 1338 1984; x_wconf 90' lang='lat' dir='ltr'><strong>temporis</strong></span> <span class='ocrx_word' id='word_1_177' title='bbox 1361 1908 1736 1970; x_wconf 85' lang='lat' dir='ltr'><strong>atrocitatem</strong></span> <span class='ocrx_word' id='word_1_178' title='bbox 1758 1907 2068 1970; x_wconf 87' lang='lat' dir='ltr'><strong>recordari</strong></span> <span class='ocrx_word' id='word_1_179' title='bbox 2090 1925 2237 1984; x_wconf 87' lang='lat' dir='ltr'><strong>pos-</strong></span> 
     </span>
     <span class='ocr_line' id='line_1_23' title="bbox 172 1991 2238 2068; baseline -0.003 -10"><span class='ocrx_word' id='word_1_180' title='bbox 172 1995 339 2065; x_wconf 87' lang='lat' dir='ltr'><strong>sitis,</strong></span> <span class='ocrx_word' id='word_1_181' title='bbox 396 1992 603 2054; x_wconf 89' lang='lat' dir='ltr'><strong>audite</strong></span> <span class='ocrx_word' id='word_1_182' title='bbox 641 1991 869 2053; x_wconf 90' lang='lat' dir='ltr'><strong>litteras</strong></span> <span class='ocrx_word' id='word_1_183' title='bbox 912 2001 975 2053; x_wconf 91' lang='lat' dir='ltr'><strong>et</strong></span> <span class='ocrx_word' id='word_1_184' title='bbox 1011 2002 1278 2054; x_wconf 89' lang='lat' dir='ltr'><strong>vestram</strong></span> <span class='ocrx_word' id='word_1_185' title='bbox 1310 1993 1659 2054; x_wconf 88' lang='lat' dir='ltr'><strong>memoriam</strong></span> <span class='ocrx_word' id='word_1_186' title='bbox 1691 1993 1774 2053; x_wconf 90' lang='lat' dir='ltr'><strong>ad</strong></span> <span class='ocrx_word' id='word_1_187' title='bbox 1801 1992 2033 2053; x_wconf 88' lang='lat' dir='ltr'><strong>timoris</strong></span> <span class='ocrx_word' id='word_1_188' title='bbox 2064 2007 2238 2068; x_wconf 84' lang='lat' dir='ltr'><strong>prae·</strong></span> 
     </span>
     <span class='ocr_line' id='line_1_24' title="bbox 168 2074 2137 2150; baseline -0.003 -10"><span class='ocrx_word' id='word_1_189' title='bbox 168 2077 327 2140; x_wconf 85' lang='lat' dir='ltr'><strong>teriti</strong></span> <span class='ocrx_word' id='word_1_190' title='bbox 359 2075 787 2150; x_wconf 78' lang='lat' dir='ltr'><strong>cogitationem</strong></span> <span class='ocrx_word' id='word_1_191' title='bbox 818 2074 1097 2139; x_wconf 86' lang='lat' dir='ltr'><strong>excitate.</strong></span> <span class='ocrx_word' id='word_1_192' title='bbox 1155 2075 1462 2134; x_wconf 55' lang='lat' dir='ltr'><strong>Liri-nana</strong></span> <span class='ocrx_word' id='word_1_193' title='bbox 1490 2075 1811 2137; x_wconf 62' lang='lat' dir='ltr'><strong>cremamus</strong></span> <span class='ocrx_word' id='word_1_194' title='bbox 1838 2091 2137 2138; x_wconf 74' lang='lat' dir='ltr'><strong>consume.</strong></span> 
     </span>
    </p>

    <p class='ocr_par' dir='ltr' id='par_1_3' title="bbox 167 2158 2244 3408">
     <span class='ocr_line' id='line_1_25' title="bbox 342 2158 2240 2235; baseline 0 -17"><span class='ocrx_word' id='word_1_195' title='bbox 342 2161 415 2218; x_wconf 89' lang='lat' dir='ltr'><strong>V.</strong></span> <span class='ocrx_word' id='word_1_196' title='bbox 458 2159 591 2220; x_wconf 88' lang='lat' dir='ltr'><strong>Hoc</strong></span> <span class='ocrx_word' id='word_1_197' title='bbox 632 2160 898 2220; x_wconf 85' lang='lat' dir='ltr'><strong>adventu</strong></span> <span class='ocrx_word' id='word_1_198' title='bbox 938 2159 1001 2218; x_wconf 89' lang='lat' dir='ltr'><strong>P.</strong></span> <span class='ocrx_word' id='word_1_199' title='bbox 1033 2158 1215 2220; x_wconf 91' lang='lat' dir='ltr'><strong>Sestii</strong></span> <span class='ocrx_word' id='word_1_200' title='bbox 1256 2159 1628 2221; x_wconf 90' lang='lat' dir='ltr'><strong>tribunorum</strong></span> <span class='ocrx_word' id='word_1_201' title='bbox 1672 2159 1872 2235; x_wconf 89' lang='lat' dir='ltr'><strong>plebis</strong></span> <span class='ocrx_word' id='word_1_202' title='bbox 1919 2175 2240 2233; x_wconf 86' lang='lat' dir='ltr'><strong>novorum,</strong></span> 
     </span>
     <span class='ocr_line' id='line_1_26' title="bbox 170 2241 2237 2319; baseline -0.001 -15"><span class='ocrx_word' id='word_1_203' title='bbox 170 2243 278 2319; x_wconf 90' lang='lat' dir='ltr'><strong>qui</strong></span> <span class='ocrx_word' id='word_1_204' title='bbox 319 2249 443 2304; x_wconf 90' lang='lat' dir='ltr'><strong>tum</strong></span> <span class='ocrx_word' id='word_1_205' title='bbox 486 2242 771 2303; x_wconf 84' lang='lat' dir='ltr'><strong>extremis</strong></span> <span class='ocrx_word' id='word_1_206' title='bbox 807 2242 1026 2303; x_wconf 88' lang='lat' dir='ltr'><strong>diebus</strong></span> <span class='ocrx_word' id='word_1_207' title='bbox 1056 2243 1412 2304; x_wconf 87' lang='lat' dir='ltr'><strong>consulatus</strong></span> <span class='ocrx_word' id='word_1_208' title='bbox 1441 2241 1560 2302; x_wconf 88' lang='lat' dir='ltr'><strong>mei</strong></span> <span class='ocrx_word' id='word_1_209' title='bbox 1587 2258 1689 2303; x_wconf 83' lang='lat' dir='ltr'><strong>res</strong></span> <span class='ocrx_word' id='word_1_210' title='bbox 1717 2258 1856 2311; x_wconf 88' lang='lat' dir='ltr'><strong>eas,</strong></span> <span class='ocrx_word' id='word_1_211' title='bbox 1903 2258 2059 2317; x_wconf 90' lang='lat' dir='ltr'><strong>quas</strong></span> <span class='ocrx_word' id='word_1_212' title='bbox 2099 2257 2237 2316; x_wconf 80' lang='lat' dir='ltr'><strong>ges-</strong></span> 
     </span>
     <span class='ocr_line' id='line_1_27' title="bbox 171 2323 2241 2401; baseline -0.001 -15"><span class='ocrx_word' id='word_1_213' title='bbox 171 2341 393 2398; x_wconf 85' lang='lat' dir='ltr'><strong>seram,</strong></span> <span class='ocrx_word' id='word_1_214' title='bbox 427 2340 658 2385; x_wconf 87' lang='lat' dir='ltr'><strong>vexare</strong></span> <span class='ocrx_word' id='word_1_215' title='bbox 690 2324 1034 2401; x_wconf 86' lang='lat' dir='ltr'><strong>cupiebant,</strong></span> <span class='ocrx_word' id='word_1_216' title='bbox 1077 2324 1477 2401; x_wconf 88' lang='lat' dir='ltr'><strong>reliquaeque</strong></span> <span class='ocrx_word' id='word_1_217' title='bbox 1511 2323 1946 2387; x_wconf 84' lang='lat' dir='ltr'><strong>coniurationis</strong></span> <span class='ocrx_word' id='word_1_218' title='bbox 1975 2323 2241 2399; x_wconf 87' lang='lat' dir='ltr'><strong>impetus</strong></span> 
     </span>
     <span class='ocr_line' id='line_1_28' title="bbox 171 2407 2238 2484; baseline 0 -16"><span class='ocrx_word' id='word_1_219' title='bbox 171 2421 232 2470; x_wconf 88' lang='lat' dir='ltr'><strong>et</strong></span> <span class='ocrx_word' id='word_1_220' title='bbox 254 2417 509 2469; x_wconf 87' lang='lat' dir='ltr'><strong>conatus</strong></span> <span class='ocrx_word' id='word_1_221' title='bbox 533 2416 675 2469; x_wconf 88' lang='lat' dir='ltr'><strong>sunt</strong></span> <span class='ocrx_word' id='word_1_222' title='bbox 694 2408 999 2470; x_wconf 87' lang='lat' dir='ltr'><strong>retardati.</strong></span> <span class='ocrx_word' id='word_1_223' title='bbox 1059 2407 1158 2469; x_wconf 82' lang='lat'><strong>12.</strong></span> <span class='ocrx_word' id='word_1_224' title='bbox 1191 2413 1285 2468; x_wconf 87' lang='lat' dir='ltr'><strong>Ac</strong></span> <span class='ocrx_word' id='word_1_225' title='bbox 1306 2416 1524 2484; x_wconf 90' lang='lat' dir='ltr'><strong>postea</strong></span> <span class='ocrx_word' id='word_1_226' title='bbox 1549 2426 1731 2484; x_wconf 90' lang='lat' dir='ltr'><strong>quam</strong></span> <span class='ocrx_word' id='word_1_227' title='bbox 1756 2417 1852 2470; x_wconf 91' lang='lat' dir='ltr'><strong>est</strong></span> <span class='ocrx_word' id='word_1_228' title='bbox 1871 2407 2238 2469; x_wconf 87' lang='lat' dir='ltr'><strong>intellectum</strong></span> 
     </span>
     <span class='ocr_line' id='line_1_29' title="bbox 167 2490 2236 2568; baseline -0 -16"><span class='ocrx_word' id='word_1_229' title='bbox 167 2493 249 2552; x_wconf 82' lang='lat' dir='ltr'><strong>M.</strong></span> <span class='ocrx_word' id='word_1_230' title='bbox 282 2491 510 2553; x_wconf 89' lang='lat' dir='ltr'><strong>Catone</strong></span> <span class='ocrx_word' id='word_1_231' title='bbox 538 2492 777 2552; x_wconf 90' lang='lat' dir='ltr'><strong>tribuno</strong></span> <span class='ocrx_word' id='word_1_232' title='bbox 810 2491 1036 2567; x_wconf 86' lang='lat' dir='ltr'><strong>plebis,</strong></span> <span class='ocrx_word' id='word_1_233' title='bbox 1073 2492 1406 2553; x_wconf 81' lang='lat' dir='ltr'><strong>fortissimo</strong></span> <span class='ocrx_word' id='word_1_234' title='bbox 1439 2500 1622 2566; x_wconf 86' lang='lat' dir='ltr'><strong>atque</strong></span> <span class='ocrx_word' id='word_1_235' title='bbox 1652 2492 1881 2568; x_wconf 90' lang='lat' dir='ltr'><strong>optimo</strong></span> <span class='ocrx_word' id='word_1_236' title='bbox 1918 2490 2068 2563; x_wconf 88' lang='lat' dir='ltr'><strong>civi,</strong></span> <span class='ocrx_word' id='word_1_237' title='bbox 2107 2507 2236 2552; x_wconf 88' lang='lat' dir='ltr'><strong>rem</strong></span> 
     </span>
     <span class='ocr_line' id='line_1_30' title="bbox 172 2573 2238 2652; baseline -0.001 -15"><span class='ocrx_word' id='word_1_238' title='bbox 172 2575 473 2652; x_wconf 85' lang='lat' dir='ltr'><strong>publicam</strong></span> <span class='ocrx_word' id='word_1_239' title='bbox 499 2574 883 2649; x_wconf 76' lang='lat' dir='ltr'><strong>defendente,</strong></span> <span class='ocrx_word' id='word_1_240' title='bbox 916 2590 1028 2650; x_wconf 87' lang='lat' dir='ltr'><strong>per</strong></span> <span class='ocrx_word' id='word_1_241' title='bbox 1049 2573 1348 2651; x_wconf 86' lang='lat' dir='ltr'><strong>seipsum</strong></span> <span class='ocrx_word' id='word_1_242' title='bbox 1373 2585 1649 2636; x_wconf 87' lang='lat' dir='ltr'><strong>senatum</strong></span> <span class='ocrx_word' id='word_1_243' title='bbox 1675 2575 2094 2651; x_wconf 86' lang='lat' dir='ltr'><strong>populumque</strong></span> <span class='ocrx_word' id='word_1_244' title='bbox 2117 2575 2238 2635; x_wconf 49' lang='lat' dir='ltr'><strong>Ro*</strong></span> 
     </span>
     <span class='ocr_line' id='line_1_31' title="bbox 174 2657 2237 2736; baseline -0.001 -18"><span class='ocrx_word' id='word_1_245' title='bbox 174 2677 418 2720; x_wconf 83' lang='lat' dir='ltr'><strong>manum</strong></span> <span class='ocrx_word' id='word_1_246' title='bbox 450 2659 586 2721; x_wconf 87' lang='lat' dir='ltr'><strong>sine</strong></span> <span class='ocrx_word' id='word_1_247' title='bbox 617 2660 868 2721; x_wconf 88' lang='lat' dir='ltr'><strong>militum</strong></span> <span class='ocrx_word' id='word_1_248' title='bbox 900 2660 1213 2736; x_wconf 89' lang='lat' dir='ltr'><strong>praesidio</strong></span> <span class='ocrx_word' id='word_1_249' title='bbox 1247 2659 1406 2720; x_wconf 87' lang='lat' dir='ltr'><strong>tueri</strong></span> <span class='ocrx_word' id='word_1_250' title='bbox 1437 2660 1615 2718; x_wconf 84' lang='lat' dir='ltr'><strong>facile</strong></span> <span class='ocrx_word' id='word_1_251' title='bbox 1645 2657 2026 2718; x_wconf 88' lang='lat' dir='ltr'><strong>maiestatem</strong></span> <span class='ocrx_word' id='word_1_252' title='bbox 2061 2672 2237 2718; x_wconf 85' lang='lat' dir='ltr'><strong>suam</strong></span> 
     </span>
     <span class='ocr_line' id='line_1_32' title="bbox 174 2741 2239 2818; baseline -0.001 -16"><span class='ocrx_word' id='word_1_253' title='bbox 174 2743 655 2818; x_wconf 82' lang='lat' dir='ltr'><strong>dignitatemque</strong></span> <span class='ocrx_word' id='word_1_254' title='bbox 686 2760 929 2817; x_wconf 89' lang='lat' dir='ltr'><strong>eorum,</strong></span> <span class='ocrx_word' id='word_1_255' title='bbox 963 2744 1069 2818; x_wconf 91' lang='lat' dir='ltr'><strong>qui</strong></span> <span class='ocrx_word' id='word_1_256' title='bbox 1100 2746 1365 2806; x_wconf 88' lang='lat' dir='ltr'><strong>salutem</strong></span> <span class='ocrx_word' id='word_1_257' title='bbox 1396 2757 1784 2802; x_wconf 90' lang='lat' dir='ltr'><strong>communem</strong></span> <span class='ocrx_word' id='word_1_258' title='bbox 1813 2741 2088 2816; x_wconf 89' lang='lat' dir='ltr'><strong>periculo</strong></span> <span class='ocrx_word' id='word_1_259' title='bbox 2121 2755 2239 2801; x_wconf 89' lang='lat' dir='ltr'><strong>suo</strong></span> 
     </span>
     <span class='ocr_line' id='line_1_33' title="bbox 174 2825 2240 2900; baseline -0.001 -14"><span class='ocrx_word' id='word_1_260' title='bbox 174 2827 627 2900; x_wconf 75' lang='lat' dir='ltr'><strong>delendiSsent,</strong></span> <span class='ocrx_word' id='word_1_261' title='bbox 676 2827 916 2890; x_wconf 86' lang='lat' dir='ltr'><strong>Sestius</strong></span> <span class='ocrx_word' id='word_1_262' title='bbox 966 2842 1103 2888; x_wconf 86' lang='lat' dir='ltr'><strong>cum</strong></span> <span class='ocrx_word' id='word_1_263' title='bbox 1158 2827 1262 2888; x_wconf 87' lang='lat' dir='ltr'><strong>illo</strong></span> <span class='ocrx_word' id='word_1_264' title='bbox 1316 2825 1590 2887; x_wconf 89' lang='lat' dir='ltr'><strong>exercitu</strong></span> <span class='ocrx_word' id='word_1_265' title='bbox 1641 2839 1880 2885; x_wconf 86' lang='lat' dir='ltr'><strong>summa</strong></span> <span class='ocrx_word' id='word_1_266' title='bbox 1926 2825 2240 2886; x_wconf 87' lang='lat' dir='ltr'><strong>celeritate</strong></span> 
     </span>
     <span class='ocr_line' id='line_1_34' title="bbox 177 2907 2239 2985; baseline -0.001 -15"><span class='ocrx_word' id='word_1_267' title='bbox 177 2919 273 2971; x_wconf 91' lang='lat' dir='ltr'><strong>est</strong></span> <span class='ocrx_word' id='word_1_268' title='bbox 301 2911 636 2973; x_wconf 88' lang='lat' dir='ltr'><strong>Antonium</strong></span> <span class='ocrx_word' id='word_1_269' title='bbox 671 2917 1063 2973; x_wconf 87' lang='lat' dir='ltr'><strong>consecutus.</strong></span> <span class='ocrx_word' id='word_1_270' title='bbox 1152 2908 1267 2969; x_wconf 91' lang='lat' dir='ltr'><strong>Hic</strong></span> <span class='ocrx_word' id='word_1_271' title='bbox 1300 2924 1418 2983; x_wconf 83' lang='lat' dir='ltr'><strong>ego</strong></span> <span class='ocrx_word' id='word_1_272' title='bbox 1453 2909 1598 2985; x_wconf 87' lang='lat' dir='ltr'><strong>quid</strong></span> <span class='ocrx_word' id='word_1_273' title='bbox 1629 2908 1982 2984; x_wconf 87' lang='lat' dir='ltr'><strong>praedicem</strong></span> <span class='ocrx_word' id='word_1_274' title='bbox 2016 2907 2239 2984; x_wconf 89' lang='lat' dir='ltr'><strong>quibus</strong></span> 
     </span>
     <span class='ocr_line' id='line_1_35' title="bbox 176 2992 2235 3069; baseline -0.001 -16"><span class='ocrx_word' id='word_1_275' title='bbox 176 2995 277 3054; x_wconf 87' lang='lat' dir='ltr'><strong>hic</strong></span> <span class='ocrx_word' id='word_1_276' title='bbox 299 2995 485 3057; x_wconf 89' lang='lat' dir='ltr'><strong>rebus</strong></span> <span class='ocrx_word' id='word_1_277' title='bbox 512 2998 831 3057; x_wconf 91' lang='lat' dir='ltr'><strong>consulem</strong></span> <span class='ocrx_word' id='word_1_278' title='bbox 854 3001 1151 3069; x_wconf 88' lang='lat' dir='ltr'><strong>quaestor</strong></span> <span class='ocrx_word' id='word_1_279' title='bbox 1171 2993 1248 3054; x_wconf 89' lang='lat' dir='ltr'><strong>ad</strong></span> <span class='ocrx_word' id='word_1_280' title='bbox 1276 3009 1402 3054; x_wconf 90' lang='lat' dir='ltr'><strong>rem</strong></span> <span class='ocrx_word' id='word_1_281' title='bbox 1420 2994 1754 3069; x_wconf 83' lang='lat' dir='ltr'><strong>gerendam</strong></span> <span class='ocrx_word' id='word_1_282' title='bbox 1769 2992 2235 3067; x_wconf 80' lang='lat' dir='ltr'><strong>excitarit,qu0s</strong></span> 
     </span>
     <span class='ocr_line' id='line_1_36' title="bbox 176 3076 2240 3147; baseline -0.002 -9"><span class='ocrx_word' id='word_1_283' title='bbox 176 3079 457 3140; x_wconf 84' lang='lat' dir='ltr'><strong>stimulos</strong></span> <span class='ocrx_word' id='word_1_284' title='bbox 493 3080 841 3141; x_wconf 88' lang='lat' dir='ltr'><strong>admoverit</strong></span> <span class='ocrx_word' id='word_1_285' title='bbox 869 3076 1099 3139; x_wconf 86' lang='lat' dir='ltr'><strong>homini</strong></span> <span class='ocrx_word' id='word_1_286' title='bbox 1141 3077 1428 3139; x_wconf 86' lang='lat' dir='ltr'><strong>studioso</strong></span> <span class='ocrx_word' id='word_1_287' title='bbox 1461 3081 1730 3142; x_wconf 84' lang='lat' dir='ltr'><strong>sortasse</strong></span> <span class='ocrx_word' id='word_1_288' title='bbox 1759 3077 2086 3147; x_wconf 88' lang='lat' dir='ltr'><strong>victoriae,</strong></span> <span class='ocrx_word' id='word_1_289' title='bbox 2125 3076 2240 3134; x_wconf 84' lang='lat' dir='ltr'><strong>sed</strong></span> 
     </span>
     <span class='ocr_line' id='line_1_37' title="bbox 174 3157 2244 3238; baseline -0.002 -16"><span class='ocrx_word' id='word_1_290' title='bbox 174 3173 378 3222; x_wconf 83' lang='lat' dir='ltr'><strong>tamen</strong></span> <span class='ocrx_word' id='word_1_291' title='bbox 413 3162 661 3226; x_wconf 89' lang='lat' dir='ltr'><strong>nimium</strong></span> <span class='ocrx_word' id='word_1_292' title='bbox 685 3178 1074 3226; x_wconf 88' lang='lat' dir='ltr'><strong>communem</strong></span> <span class='ocrx_word' id='word_1_293' title='bbox 1095 3163 1354 3223; x_wconf 85' lang='lat' dir='ltr'><strong>Martem</strong></span> <span class='ocrx_word' id='word_1_294' title='bbox 1379 3163 1522 3224; x_wconf 87' lang='lat' dir='ltr'><strong>belli</strong></span> <span class='ocrx_word' id='word_1_295' title='bbox 1545 3178 1884 3238; x_wconf 87' lang='lat' dir='ltr'><strong>casumque</strong></span> <span class='ocrx_word' id='word_1_296' title='bbox 1909 3157 2244 3219; x_wconf 69' lang='lat' dir='ltr'><strong>metuenti?</strong></span> 
     </span>
     <span class='ocr_line' id='line_1_38' title="bbox 179 3241 2240 3322; baseline -0.002 -15"><span class='ocrx_word' id='word_1_297' title='bbox 179 3249 459 3322; x_wconf 85' lang='lat' dir='ltr'><strong>Longum</strong></span> <span class='ocrx_word' id='word_1_298' title='bbox 492 3257 588 3310; x_wconf 87' lang='lat' dir='ltr'><strong>est</strong></span> <span class='ocrx_word' id='word_1_299' title='bbox 619 3263 693 3307; x_wconf 90' lang='lat' dir='ltr'><strong>ea</strong></span> <span class='ocrx_word' id='word_1_300' title='bbox 730 3247 968 3322; x_wconf 89' lang='lat' dir='ltr'><strong>dicere,</strong></span> <span class='ocrx_word' id='word_1_301' title='bbox 1014 3247 1129 3308; x_wconf 87' lang='lat' dir='ltr'><strong>sed</strong></span> <span class='ocrx_word' id='word_1_302' title='bbox 1168 3247 1290 3310; x_wconf 90' lang='lat' dir='ltr'><strong>hoc</strong></span> <span class='ocrx_word' id='word_1_303' title='bbox 1317 3250 1510 3310; x_wconf 89' lang='lat' dir='ltr'><strong>breve</strong></span> <span class='ocrx_word' id='word_1_304' title='bbox 1538 3248 1767 3308; x_wconf 90' lang='lat' dir='ltr'><strong>dicam:</strong></span> <span class='ocrx_word' id='word_1_305' title='bbox 1814 3248 1868 3306; x_wconf 89' lang='lat' dir='ltr'><strong>si</strong></span> <span class='ocrx_word' id='word_1_306' title='bbox 1897 3245 1979 3303; x_wconf 90' lang='lat' dir='ltr'><strong>M.</strong></span> <span class='ocrx_word' id='word_1_307' title='bbox 2019 3241 2240 3302; x_wconf 88' lang='lat' dir='ltr'><strong>Petreii</strong></span> 
     </span>
     <span class='ocr_line' id='line_1_39' title="bbox 170 3330 2240 3408; baseline -0.004 -16"><span class='ocrx_word' id='word_1_308' title='bbox 170 3349 300 3393; x_wconf 86' lang='lat' dir='ltr'><strong>non</strong></span> <span class='ocrx_word' id='word_1_309' title='bbox 347 3335 659 3394; x_wconf 84' lang='lat' dir='ltr'><strong>excellens</strong></span> <span class='ocrx_word' id='word_1_310' title='bbox 702 3330 943 3392; x_wconf 89' lang='lat' dir='ltr'><strong>animus</strong></span> <span class='ocrx_word' id='word_1_311' title='bbox 998 3348 1209 3392; x_wconf 90' lang='lat' dir='ltr'><strong>amore</strong></span> <span class='ocrx_word' id='word_1_312' title='bbox 1250 3333 1338 3393; x_wconf 90' lang='lat' dir='ltr'><strong>rei</strong></span> <span class='ocrx_word' id='word_1_313' title='bbox 1379 3331 1692 3408; x_wconf 90' lang='lat' dir='ltr'><strong>publicae,</strong></span> <span class='ocrx_word' id='word_1_314' title='bbox 1742 3345 1865 3389; x_wconf 89' lang='lat' dir='ltr'><strong>non</strong></span> <span class='ocrx_word' id='word_1_315' title='bbox 1912 3333 2240 3402; x_wconf 88' lang='lat' dir='ltr'><strong>praestans</strong></span> 
     </span>
    </p>
   </div>
  </div>
 </body>
</html>
