2459 3817
284 132 411 197 236
781 135 859 197 IN
886 135 950 194 L.
983 132 1404 195 CATILINAM
1435 131 1718 193 ORATIO
1747 129 1848 226 ill.

279 290 447 353 ribus
483 287 707 365 lupinis
737 284 1082 360 inhiantem,
1118 286 1312 346 ruisse
1342 281 1718 345 meministis.
1751 282 1884 356 Quo
1918 280 2166 357 quidem
2196 290 2350 343 tem-

280 391 430 451 pore
468 387 653 448 quum
683 370 1047 444 haruspices
1078 384 1159 429 ex
1191 376 1318 428 tota
1348 366 1590 427 Etruria
1617 366 2084 438 convenissent,
2117 366 2349 427 caedes

280 465 463 532 atquc
503 453 787 513 incendia
815 459 877 511 et
918 452 1119 525 legum
1148 450 1448 511 interitum
1479 454 1542 509 et
1568 449 1793 509 bellum
1825 446 2003 508 civile
2033 463 2106 509 ac
2137 449 2349 509 dome-

282 539 499 601 sticum
530 544 592 598 et
620 534 804 597 totius
838 533 1007 595 urbis
1048 542 1232 608 atque
1260 531 1498 607 imperii
1528 547 1816 592 occasum
1847 530 2352 607 appropinquare

282 621 579 691 dixerunt,
614 616 733 679 nisi
761 618 822 677 di
854 618 1221 678 immortales
1255 615 1418 677 omni
1445 613 1682 675 ratione
1711 614 1932 690 placati
1955 628 2070 675 suo
2101 615 2352 674 numine

282 720 479 782 prope
514 704 635 763 lata
664 701 804 776 ipsa
833 700 1173 762 flexissent.
1233 699 1338 761 20.
1374 700 1585 773 ltaque
1614 696 1854 759 illorum
1875 696 2198 772 responsis
2223 707 2349 759 turn

282 796 341 850 et
364 785 491 848 ludi
514 801 628 861 per
644 784 778 847 dies
809 784 1027 844 decem
1049 784 1189 845 sacti
1224 791 1366 844 sunt
1395 797 1596 857 neque
1629 796 1732 841 res
1763 782 1889 841 ulla
1919 796 2077 854 quae
2105 781 2186 841 ad
2214 782 2346 855 pla-

283 870 516 931 candos
540 870 695 930 deos
726 868 1054 943 pertineret
1088 864 1520 943 praetermissa
1542 871 1666 938 cst,
1696 863 2006 937 iidemque
2033 864 2350 925 iusserunt

282 954 668 1015 simulacrum
712 950 877 1013 Iovis
926 952 1129 1011 facere
1168 949 1365 1011 maius
1413 957 1473 1009 et
1514 946 1575 1008 in
1625 949 1875 1007 excelso
1930 947 2238 1008 collocare
2286 956 2349 1007 et

282 1046 493 1099 contra
549 1043 735 1111 atque
774 1043 953 1095 antea
994 1035 1191 1095 suerat
1245 1034 1325 1093 ad
1368 1033 1662 1093 orientem
1703 1038 2093 1091 converteres
2151 1046 2226 1091 ac
2273 1045 2346 1089 se

284 1136 535 1197 sperare
569 1118 877 1192 dixerunt,
908 1116 961 1177 si
995 1116 1145 1177 illud
1174 1117 1444 1192 signum,
1480 1114 1647 1190 quod
1679 1111 1932 1185 videtiS,
1967 1112 2120 1175 solis
2151 1120 2348 1175 ortum

282 1213 343 1265 et
384 1206 579 1265 forum
623 1200 975 1277 curiamque
1016 1200 1431 1276 conspiceret,
1480 1200 1611 1259 sore
1649 1204 1820 1257 ntea
1849 1196 2136 1267 consilia,
2186 1212 2346 1271 quae

283 1289 437 1347 clam
487 1294 697 1347 essent
736 1284 885 1346 inita
929 1291 1140 1345 contra
1171 1284 1426 1344 salutem
1467 1280 1638 1342 urbis
1673 1288 1858 1354 atque
1898 1278 2165 1355 imperii,
2213 1278 2345 1338 illu-

284 1376 648 1441 strarentur,
694 1374 762 1428 ut
809 1386 848 1427 a
896 1376 1115 1427 senatu
1156 1366 1514 1442 populoque
1551 1365 1828 1425 Romano
1873 1361 2144 1439 perspici
2197 1377 2343 1437 pos-

284 1460 438 1511 sent.
517 1454 719 1524 Atque
762 1448 912 1509 illud
958 1449 1197 1525 signum
1241 1447 1666 1509 collocandum
1715 1447 2023 1507 consules.
2054 1444 2139 1505 illi
2183 1447 2345 1505 loca-

283 1541 526 1606 verunt,
559 1532 671 1593 sed
698 1540 864 1593 tanta
895 1530 1005 1592 fuit
1038 1530 1246 1607 operis
1277 1530 1556 1602 tarditas,
1593 1539 1658 1591 ut
1686 1546 1889 1605 neque
1924 1528 2347 1604 superioribus

284 1616 639 1678 consulibus
674 1630 877 1691 neque
918 1615 1096 1675 nobis
1138 1623 1278 1675 ante
1321 1612 1678 1675 hodiernum
1717 1612 1880 1673 diem
1923 1614 2344 1675 collocaretur.

293 1700 392 1759 lX.
422 1698 521 1757 21.
544 1696 657 1757 Hic
672 1696 808 1771 quis
821 1703 1031 1771 potest
1050 1712 1211 1766 esse,
1237 1692 1517 1769 Quirites,
1545 1699 1668 1753 tam
1681 1708 1942 1755 aversus
1966 1710 2001 1753 a
2017 1708 2187 1763 vero,
2211 1699 2336 1753 tans

295 1797 617 1859 praecepS,
642 1787 765 1841 tam
788 1787 991 1841 mente
1005 1788 1243 1855 captuS,
1272 1778 1572 1853 quineget
1583 1776 1736 1836 haec
1751 1775 1971 1848 omnia,
1998 1793 2156 1851 quae
2171 1774 2338 1837 vide·

284 1884 437 1940 muS,
465 1866 922 1941 praecipueque
946 1865 1103 1925 hanc
1131 1866 1346 1925 urbem
1369 1863 1622 1924 deorum
1643 1860 2067 1924 immortalium
2095 1870 2244 1924 nutu
2269 1878 2343 1921 ac

286 1958 585 2024 potestate
624 1947 1074 2010 administrari?
1125 1947 1362 2009 Etenim
1405 1964 1595 2023 quum
1638 1951 1806 2007 esset
1843 1943 1928 2006 ita
1961 1961 2344 2021 responsum,

284 2032 527 2103 caedes,
560 2030 861 2105 incendia,
890 2029 1193 2092 interitum
1221 2030 1312 2091 rei
1338 2029 1620 2107 publicae
1652 2026 2010 2104 comparari,
2047 2036 2107 2089 et
2133 2044 2208 2089 ea
2235 2044 2346 2103 per

284 2112 479 2185 civeS,
531 2129 690 2187 quae
736 2122 859 2173 tum
893 2121 1145 2190 propter
1172 2112 1646 2189 magnitudinem
1678 2114 1978 2173 scelerum
2011 2128 2132 2173 non
2163 2110 2344 2179 nullis

282 2194 659 2256 incredibilia
691 2196 1081 2271 videbantur,
1129 2212 1206 2257 ea
1244 2213 1366 2257 non
1396 2197 1580 2258 modo
1621 2194 1888 2271 cogitata
1917 2211 1954 2255 a
1985 2192 2234 2255 nefariis
2263 2193 2343 2253 ci-

281 2278 479 2351 vibuS,
512 2296 724 2340 verum
755 2278 933 2340 etiam
968 2286 1262 2355 suscepta
1295 2296 1436 2340 esse
1473 2278 1803 2340 sensistis!
1833 2278 1986 2337 illud
2017 2294 2164 2339 vero
2196 2294 2344 2339 non-

281 2378 361 2422 ne
388 2361 469 2423 ita
494 2378 790 2437 praesens
820 2371 933 2436 est,
963 2370 1029 2422 ut
1061 2370 1209 2423 nutu
1231 2362 1396 2423 Iovis
1434 2362 1644 2437 optimi
1673 2360 1919 2422 maximi
1949 2361 2174 2421 factum
2203 2376 2345 2422 esse

280 2444 573 2516 videatur,
616 2453 699 2519 ut,
737 2462 923 2520 quum
954 2444 1252 2505 hodierno
1289 2444 1388 2506 die
1417 2461 1595 2505 mane
1629 2460 1741 2519 per
1773 2446 1968 2505 sorum
2003 2460 2138 2505 meo
2170 2443 2344 2505 iussu

281 2534 343 2587 et
376 2527 670 2588 coniurati
700 2536 761 2589 et
792 2542 1002 2587 eorum
1031 2526 1269 2587 indices
1301 2529 1360 2587 in
1391 2528 1606 2589 aedem
1639 2526 2017 2590 Concordiae
2048 2528 2343 2589 duceren-

279 2616 405 2681 tur,
438 2626 513 2670 eo
543 2608 683 2684 ipso
719 2618 993 2685 tempore
1023 2609 1266 2685 signum
1302 2617 1707 2671 statueretur?
1759 2626 1882 2686 quo
1915 2612 2214 2672 collocato
2256 2619 2344 2672 at·

286 2706 407 2763 que
436 2690 515 2748 ad
543 2706 659 2749 vos
686 2699 1091 2763 senatumque
1116 2705 1424 2750 converso
1456 2691 1675 2762 omnia,
1710 2690 1796 2764 [e't
1818 2700 2070 2753 senatus
2103 2700 2164 2751 et
2187 2697 2326 2761 vos]

286 2788 446 2846 quae
470 2779 641 2831 erant
671 2772 935 2848 cogitata
968 2778 1181 2832 contra
1210 2775 1468 2855 salutern
1498 2773 1782 2846 omnium,
1811 2774 2106 2837 illustrata
2133 2780 2194 2832 et
2218 2788 2326 2845 pa-

284 2856 508 2915 tefacta
533 2856 788 2917 vid1stis.
850 2856 949 2915 22.
995 2856 1125 2929 Quo
1151 2855 1332 2915 etiam
1367 2855 1597 2917 maiore
1620 2865 1764 2917 sunt
1797 2857 1896 2917 isti
1929 2856 2070 2919 odio
2097 2853 2327 2930 suppli-

286 2936 505 3011 cioque
521 2938 702 3013 digni,
730 2937 977 3014 quinon
1002 2940 1199 2999 solum
1222 2938 1443 2999 vestris
1459 2938 1776 3000 domiciliis
1791 2948 1977 3016 atque
1997 2938 2192 3009 tectis,
2216 2937 2328 2997 sed

287 3020 465 3081 etiam
491 3022 745 3081 deorum
780 3023 1023 3098 templis
1048 3029 1235 3097 atque
1264 3020 1534 3081 delubris
1567 3031 1712 3084 sunt
1743 3026 2024 3085 funestos
2057 3039 2132 3083 ac
2163 3022 2331 3081 nela-

286 3103 414 3165 rios
446 3103 620 3180 ignes
652 3105 877 3169 inferre
908 3106 1128 3165 conati.
1180 3104 1425 3180 Quibus
1444 3121 1559 3179 ego
1595 3104 1768 3167 sime
1789 3106 2092 3167 restitisse
2113 3106 2332 3177 dicam,

288 3187 533 3249 nimium
559 3186 703 3248 mihi
734 3204 969 3248 sumam
1000 3195 1061 3248 et
1090 3204 1214 3249 non
1247 3189 1360 3247 sim
1398 3188 1718 3249 ferendus:
1759 3190 1890 3261 ille,
1921 3189 2024 3250 ille
2053 3190 2330 3264 Iuppiter

287 3272 535 3333 restitit:
600 3270 701 3332 ille
755 3269 1143 3345 Capitolium,
1194 3270 1296 3330 ille
1359 3271 1512 3331 haec
1572 3275 1828 3347 templa,
1894 3272 1996 3330 ille
2052 3280 2336 3332 cunctam

288 3354 533 3425 urbem,
574 3354 675 3415 ille
700 3370 818 3415 vos
850 3369 1063 3415 omnes
1094 3355 1307 3413 salvos
1347 3368 1488 3413 esse
1519 3354 1728 3415 voluit.
1793 3353 1900 3415 Dis
1934 3370 2051 3427 ego
2089 3355 2334 3417 immor·

1140 3594 1171 3631 Ι
