2459 3817
205 138 290 201 92
791 134 939 197 1²ss0
969 134 1032 191 P.
1065 132 1331 195 SES‘tlo
1362 132 1661 195 ORATIO.

211 283 442 361 patriae
487 284 762 345 dextram
801 280 1180 357 porrexerint
1217 282 1599 353 Brundisini,
1644 298 1831 357 quum
1874 284 2027 359 ipsis
2054 284 2259 347 Nonis

211 365 544 429 Sextilibus
568 365 729 427 idem
759 364 900 427 dies
921 364 1224 426 adventus
1250 367 1367 425 mei
1388 365 1607 427 ruisset
1624 364 1995 450 reditusque,
2027 369 2259 429 natalis

207 450 370 511 idem
397 448 750 509 carissimae
781 446 961 522 miae,
991 464 1172 523 quam
1201 462 1279 509 ex
1308 448 1668 521 gravissimo
1700 454 1821 510 tum
1850 446 2108 523 primum
2142 450 2257 509 de-

208 531 434 593 siderio
466 532 756 605 luctuque
781 528 1098 605 conspexi,
1129 529 1291 589 idem
1322 528 1501 591 etiam
1528 528 1727 605 ipsius
1754 530 2033 593 coloniae
2055 531 2255 594 Brun-

209 613 476 684 disinae,
509 611 668 671 idem
695 618 796 687 [ut
819 612 1006 686 scitis]
1041 610 1283 683 Salutis,
1314 628 1623 687 quumque
1651 628 1749 673 me
1776 613 1996 676 domus
2030 615 2255 675 eadem

209 695 568 769 optimorum
609 702 672 755 et
711 693 1200 755 doctissimorum
1248 692 1541 768 virorum,
1580 694 1663 753 Μ.
1702 695 1907 757 Laeuii
1952 695 2154 757 Flacci
2190 704 2259 755 et

207 775 398 853 patris
437 784 500 837 et
537 776 737 837 fratris
777 776 940 849 eius,
983 774 1313 837 laetissima
1352 776 1723 851 accepisset,
1764 793 1925 851 quae
1966 777 2253 851 proxim

205 875 365 920 anno
395 874 676 919 maerens
701 867 1016 933 receperat
1042 867 1104 919 et
1129 875 1243 921 suo
1276 858 1579 933 praesidio
1610 858 2005 934 periculoque
2034 860 2249 919 defen-

207 944 407 1002 derat=
451 958 761 1018 quumque
804 940 1020 1001 itinere
1057 948 1188 1002 toto
1225 941 1413 1001 urbes
1442 940 1649 1002 ltaliae
1678 942 1871 1002 festos
1900 940 2033 1003 dies
2062 958 2251 1015 agere

205 1025 506 1085 adventus
535 1024 656 1085 mei
691 1023 1079 1107 yidebantur,
1123 1022 1257 1083 viae
1286 1022 1663 1085 multitudine
1700 1023 2033 1097 legatorum
2076 1023 2249 1087 undi-

208 1124 328 1183 que
355 1107 678 1169 missorum
709 1106 1200 1177 celebrabantur,
1236 1106 1312 1165 ad
1342 1106 1555 1165 urbem
1586 1120 1879 1167 accessus
1906 1103 2247 1167 incredibili

205 1189 513 1250 hominum
545 1188 924 1250 multitudine
961 1197 1022 1250 et
1053 1186 1451 1263 gratulatione
1488 1186 1773 1259 florebat,
1816 1186 1929 1247 iter
1972 1204 2009 1247 a
2052 1195 2244 1261 porta,

205 1274 266 1331 in
298 1270 652 1345 Capitolium
680 1286 1010 1342 ascensus,
1049 1272 1298 1331 domum
1340 1269 1575 1331 reditus
1611 1278 1743 1330 erat
1782 1270 1913 1329 eius
1942 1268 2135 1343 modi,
2180 1276 2245 1329 ut

203 1369 438 1413 summa
474 1353 536 1412 in
575 1352 797 1413 laetitia
839 1352 982 1411 illud
1026 1353 1323 1421 dolerem,
1368 1352 1669 1413 civitatem
1708 1360 1827 1413 tam
1864 1360 2097 1425 gratam
2124 1359 2243 1413 tam

203 1434 484 1493 miseram
511 1443 697 1507 atque
727 1449 1088 1507 oppressam
1115 1433 1326 1493 luisse.
2048 1490 2055 1497 .

369 1514 509 1575 132.
551 1515 756 1575 Habes
783 1514 962 1589 igitur
990 1516 1158 1590 quod
1187 1530 1265 1575 ex
1292 1530 1389 1574 me
1417 1514 1737 1590 quaesisti,
1768 1516 1875 1591 qui
1900 1524 2114 1579 essent.
2136 1533 2217 1591 ap

153 1642 162 1650 .
205 1597 462 1657 timates.
509 1598 640 1657 Non
677 1605 773 1657 est
797 1596 980 1671 natio,
1007 1604 1076 1657 ut
1101 1596 1338 1658 dixisti=
1373 1599 1540 1671 quod
1567 1614 1686 1674 ego
1713 1598 1961 1659 verbum
1992 1598 2243 1674 agnavis

204 1687 300 1740 est
341 1680 499 1740 enim
542 1680 732 1754 illius,
771 1696 810 1740 a
837 1696 961 1755 quo
995 1696 1120 1741 uno
1149 1678 1409 1740 maxime
1437 1680 1501 1739 P.
1537 1680 1775 1743 Sestius
1808 1698 1878 1741 se
1905 1682 2243 1756 oppugnari

202 1762 400 1836 videt,
433 1762 694 1824 hominis
723 1763 877 1838 eius,
913 1764 1018 1837 qui
1048 1764 1208 1824 hanc
1236 1763 1541 1823 nationem
1568 1763 1759 1824 deleri
1786 1772 1848 1824 et
1874 1763 2113 1825 concidi
2140 1779 2243 1823 cu-

207 1844 380 1920 pivit=
423 1847 528 1921 qui
558 1847 621 1907 C.
657 1846 1010 1920 Caesarem,
1050 1846 1255 1907 mitem
1284 1845 1587 1905 hominem
1616 1854 1677 1906 et
1714 1862 1751 1905 a
1795 1846 1986 1907 caede
2027 1845 2243 1908 abhor-

201 1936 465 2002 rentem,
508 1946 698 2005 saepe
724 1928 1052 2003 increpuit,
1082 1945 1273 2005 saepe
1299 1926 1637 1998 accusavit,
1684 1945 1870 2002 quum
1900 1928 2247 1991 adfirmaret

201 2007 368 2072 illum
397 2028 754 2085 numquam,
783 2013 924 2071 dum
958 2011 1111 2072 haec
1141 2010 1304 2071 natio
1334 2012 1597 2083 viveret,
1624 2008 1755 2070 sine
1786 2026 1933 2071 cura
1966 2010 2247 2071 fatuum.

202 2092 358 2149 Nihil
382 2093 640 2166 profecit
667 2093 744 2151 de
773 2094 1078 2153 universis
1094 2116 1110 2148 ε
1140 2094 1218 2153 de
1244 2109 1341 2153 me
1368 2108 1551 2167 agere
1579 2108 1702 2153 non
1731 2090 1985 2153 destitits
2014 2108 2113 2153 me
2134 2109 2247 2167 op-

205 2174 524 2247 pugnavit,
571 2173 827 2247 primum
869 2192 982 2249 per
1023 2174 1283 2235 indicem
1313 2176 1607 2247 Vettium,
1655 2191 1835 2251 quem
1875 2176 1937 2233 in
1964 2174 2248 2237 contione

204 2254 282 2313 de
315 2272 412 2316 me
439 2257 604 2317 etde
633 2254 985 2318 clarissimis
1013 2258 1158 2316 viris
1186 2255 1595 2331 interrogavit.
1652 2258 1722 2316 ln
1751 2274 1874 2331 quo
1906 2265 2105 2319 tamen
2132 2273 2249 2320 eos

205 2336 374 2396 cives
421 2337 733 2399 coniunxit
771 2340 987 2399 eodem
1033 2338 1301 2413 periculo
1347 2348 1411 2400 et
1436 2339 1714 2412 crimine,
1755 2348 1821 2401 ut
1859 2356 1898 2399 a
1925 2356 2021 2401 me
2048 2338 2269 2399 inierit

204 2420 481 2494 gratiam,
523 2420 690 2493 quod
730 2436 826 2479 me
869 2436 1006 2481 cum
1033 2420 1423 2495 amplissimis
1456 2430 1517 2483 et
1546 2420 1887 2482 fortissimis
1921 2419 2069 2483 viris
2094 2437 2244 2483 con-

203 2499 491 2577 gregavit.
531 2500 734 2560 LXIV.
764 2500 902 2565 133.
945 2502 1068 2562 Sed
1097 2511 1311 2577 postea
1332 2502 1479 2563 mihi
1508 2505 1673 2564 nullo
1704 2521 1839 2565 meo
1862 2503 2093 2576 merito,
2127 2501 2243 2565 nisi

208 2584 372 2659 quod
401 2583 582 2645 bonis
611 2584 853 2660 placere
883 2584 1218 2659 cupiebam,
1254 2601 1468 2646 omnes
1494 2594 1592 2647 est
1618 2586 1873 2647 insidias
1904 2586 2245 2649 secleratis-

206 2668 354 2727 sime
381 2665 774 2729 machinatus.
835 2666 941 2727 Ille
967 2668 1046 2727 ad
1077 2664 1222 2741 e08,
1266 2685 1305 2727 a
1332 2666 1557 2742 quibus
1594 2668 1980 2743 audiebatur,
2024 2667 2244 2729 cotidie

203 2746 433 2823 aliquid
454 2749 532 2809 de
557 2766 654 2810 me
675 2750 799 2811 ficti
825 2751 1164 2811 adferebalz
1186 2751 1286 2812 ille
1307 2751 1607 2811 hominem
1629 2750 1774 2811 mihi
1792 2749 2242 2822 amicissimum,

204 2832 307 2891 Cn.
336 2832 684 2908 Pompeium
701 2880 716 2905 ,
759 2835 1070 2907 monebat,
1111 2842 1180 2895 ut
1217 2850 1413 2893 meam
1456 2834 1703 2894 domum
1742 2841 2036 2895 metueret
2060 2841 2243 2905 atque

201 2930 240 2973 a
265 2930 364 2973 me
395 2912 533 2989 ipso
564 2924 834 2977 caveret:
870 2916 970 2976 ille
998 2934 1068 2978 se
1097 2916 1188 2977 sic
1217 2931 1352 2977 cum
1382 2914 1623 2977 inimico
1654 2932 1788 2977 meo
1814 2918 2145 2991 copularat,
2174 2921 2245 2975 ut

201 2994 365 3056 illum
419 3012 590 3058 meae
638 2998 1129 3074 proscriptionis,
1186 3015 1368 3074 quam
1395 2998 1749 3071 adiuvabat,
1796 2998 1939 3059 Sex.
1978 2995 2245 3069 Clodius,

195 3105 381 3149 nomo
410 3087 484 3148 iis
514 3087 908 3163 dignissimus
933 3087 1297 3161 quibuscum
1322 3086 1491 3157 vivit,
1518 3084 1788 3145 baiulum
1812 3098 1970 3154 esse,
2001 3096 2073 3141 se
2094 3079 2245 3140 scri-

195 3179 438 3247 ptorem
467 3176 655 3244 [esse]
685 3168 944 3230 diceret:
979 3168 1082 3228 ille
1109 3184 1271 3230 unus
1299 3166 1531 3229 ordinis
1556 3168 1753 3227 nostri
1780 3166 2067 3225 discessu
2086 3176 2245 3233 meo,

198 3257 365 3315 luctu
395 3261 606 3314 vestro
644 3254 844 3328 palam
876 3250 1222 3310 exsultavi-t.
1309 3252 1399 3309 De
1428 3266 1551 3324 quo
1597 3266 1746 3325 ego,
1792 3264 1981 3321 quum
2022 3243 2248 3305 cotidie

196 3344 400 3395 rueret
460 3337 716 3395 verbum
737 3330 854 3391 feci
869 3377 883 3395 .
912 3331 1164 3401 iudiceS,
1190 3347 1549 3406 numquam
1580 3346 1783 3405 neque
1804 3328 2035 3405 putavi,
2058 3342 2247 3401 quum
