2459 3817
782 99 950 184 οἈῐ).
982 131 1246 186 24—23.
1290 129 1342 192 s.
1373 131 1634 187 ενι-σο.
2163 123 2246 190 65

180 274 389 354 operis
416 274 771 352 suffragium
802 275 1135 336 ferentibus
1160 282 1257 334 est
1277 283 1573 348 rogatum,
1601 283 1669 336 ut
1692 275 1918 336 sedens
1941 292 2080 338 cum
2105 295 2244 353 pur·

179 377 337 436 pura
380 367 439 418 et
477 367 761 434 seaeptro
806 366 867 418 et
905 358 1024 418 illis
1066 356 1408 432 insignibus
1450 357 1637 433 regiis
1674 359 1964 434 praeconi
1999 361 2244 434 publico

178 443 609 516 sufficeretur,
658 449 719 502 et
746 441 1081 516 imperante
1109 441 1341 516 populo
1370 443 1676 514 Romano,
1725 443 1828 516 qui
1863 443 2040 504 etiam
2083 445 2244 505 bello

176 526 361 586 vietis
389 525 638 600 regibus
666 541 856 600 regna
886 525 1147 585 reddere
1176 525 1528 599 consuevit,
1564 541 1672 584 rex
1703 525 1936 587 amicus
1965 528 2130 588 nulla
2156 530 2244 588 in·

174 608 330 670 iuria
356 619 843 684 commemorata,
876 607 1055 670 nullis
1084 609 1271 670 rebus
1292 608 1571 684 repetitis.
1597 623 1730 668 cum
1761 609 1939 670 bonis
1964 611 2242 673 omnibus

174 692 606 767 publicaretur.

341 776 583 839 XXVII.
607 773 707 838 58.
736 775 927 837 Multa
954 775 1195 850 acerba,
1224 775 1411 836 multa
1439 771 1656 848 turpia,
1687 776 1871 838 multa
1901 778 2242 840 turbulenta

172 859 384 921 habuit
412 859 513 920 ille
544 875 771 919 annus=
812 859 1011 920 tamen
1044 858 1130 918 illi
1160 857 1409 931 sceleri,
1448 859 1616 932 quod
1648 857 1710 918 in
1739 875 1838 920 me
1866 859 2105 920 illorum
2134 861 2240 922 im-

171 943 431 1003 manitas
455 942 675 1015 edidit,
710 942 877 1002 haud
901 941 1033 1002 seio
1055 957 1133 1000 an
1157 949 1324 1001 reete
1346 941 1465 1002 hoc
1488 941 1831 1015 proximum
1857 958 1999 1004 esse
2023 942 2239 1004 dicam.

169 1026 539 1088 Antiochum
562 1026 851 1100 Magnum
878 1025 1047 1084 illum
1075 1022 1342 1087 maiores
1362 1025 1555 1084 nostri
1583 1041 1802 1100 magna
1827 1025 1968 1086 belli
1993 1035 2239 1088 eonten-

170 1109 335 1169 tione
362 1119 525 1168 terra
552 1110 829 1182 marique
858 1114 1210 1182 superatum
1237 1106 1394 1174 intra
1417 1114 1678 1168 montem
1701 1109 1961 1170 Taurum
1984 1127 2240 1184 regnare

174 1187 515 1246 iusserunt:
550 1185 793 1257 Asiam,
824 1203 947 1260 qua
980 1186 1143 1248 illum
1174 1189 1532 1262 multarunt,
1560 1191 1798 1263 Attalo,
1829 1197 1896 1250 ut
1922 1193 1974 1252 is
2006 1209 2222 1268 regna·

175 1274 273 1326 ret
299 1268 361 1328 iu
392 1284 493 1340 ea,
538 1269 1065 1330 condonaverunt.
1156 1271 1304 1330 Cum
1335 1271 1760 1333 Armeniorum
1787 1290 1934 1348 rege
1965 1275 2224 1350 Tigrane

174 1366 365 1426 grave
396 1352 621 1411 bellum
650 1367 849 1427 nuper
888 1353 1359 1426 diuturnumque
1393 1355 1728 1430 gessimus,
1777 1373 1964 1430 quum
1993 1358 2096 1419 ille
2133 1358 2220 1419 in-

172 1433 343 1494 iuriis
366 1432 427 1492 in
445 1434 653 1495 socios
678 1441 927 1496 nostros
950 1435 1284 1497 inferendis
1301 1439 1462 1498 bello
1486 1454 1685 1513 prope
1707 1456 1822 1500 nos
1847 1440 2220 1502 lacessisset.

171 1515 287 1576 Hic
310 1524 370 1576 et
402 1516 539 1592 ipse
563 1533 675 1591 per
697 1533 767 1577 se
788 1518 1121 1580 vehemens
1144 1519 1258 1578 fuit
1291 1527 1352 1580 et
1383 1521 1742 1581 acerrimum
1772 1523 2012 1583 hostem
2041 1524 2221 1585 huius

172 1597 409 1673 imperii
448 1599 857 1660 Mithridatem
897 1604 1145 1676 pulsum
1192 1603 1388 1663 Ponto
1449 1604 1668 1678 opibus
1723 1605 1854 1664 suis
1904 1621 2222 1680 regnoque

174 1680 475 1752 defendit,
521 1689 583 1741 et
626 1682 701 1742 ab
742 1685 807 1743 L.
838 1685 1125 1753 Lucullo,
1169 1701 1408 1744 summo
1449 1686 1580 1744 viro
1599 1693 1801 1779 atque
1832 1687 2219 1780 imperatore,

174 1762 393 1833 vietuS,
417 1762 618 1823 animo
639 1771 839 1824 tamen
854 1765 1067 1824 hostili
1088 1781 1227 1824 cum
1249 1783 1280 1826 r
1284 1766 1500 1840 eliquis
1519 1767 1648 1827 suis
1667 1767 1859 1840 copiis
1884 1769 1944 1826 in
1967 1769 2222 1842 pristina

167 1850 368 1902 mente
397 1841 637 1907 mansit.
694 1843 871 1902 Hune
901 1842 1005 1904 Cn.
1026 1843 1354 1917 Pompeius
1381 1861 1565 1917 quum
1596 1843 1657 1903 in
1689 1842 1819 1902 suis
1847 1843 2062 1902 eastris
2093 1861 2237 1919 sup·

167 1925 390 2001 plieem
421 1925 719 1985 abiectum
746 1924 1029 1997 vidisset,
1068 1927 1262 1986 erexit
1289 1934 1474 2001 atque
1501 1926 1742 2000 insigne
1770 1925 2034 2000 regium,
2069 1928 2236 2002 quod

166 2009 268 2068 ille
311 2009 389 2068 de
419 2023 533 2068 suo
565 2005 764 2082 eapite
807 2007 1139 2080 abiecerat,
1200 2008 1478 2084 reposuit
1520 2017 1580 2068 et
1622 2009 1802 2069 certis
1831 2011 2016 2070 rebus
2046 2008 2236 2085 impe-

165 2090 313 2150 ratis
342 2106 601 2164 regnare
627 2090 834 2162 iussit,
867 2107 981 2151 neo
1012 2091 1209 2152 minus
1243 2100 1303 2151 et
1332 2091 1448 2152 sibi
1477 2100 1536 2152 et
1563 2091 1704 2154 huie
1731 2091 1986 2168 imperio
2013 2093 2234 2168 glorio·

168 2190 301 2234 sum
333 2172 567 2248 putavit
595 2174 985 2235 constitutum
1008 2192 1045 2234 a
1074 2192 1143 2236 se
1164 2191 1373 2250 regem
1400 2192 1580 2251 quam
1604 2176 1998 2236 constrictum
2019 2176 2233 2237 vider-i.

166 2254 269 2319 59.
314 2256 603 2331 Tigranes
643 2257 839 2332 igitur,
876 2259 979 2332 qui
1016 2267 1075 2318 et
1102 2258 1239 2334 ipse
1275 2259 1469 2328 hostis
1505 2258 1616 2320 fuit
1647 2259 1858 2334 populi
1887 2259 2142 2321 Romani
2175 2268 2234 2320 et

166 2339 526 2400 aeerrImum
550 2339 791 2401 hostem
812 2342 873 2400 in
898 2358 1152 2416 regnum
1180 2342 1430 2417 recepit,
1463 2342 1568 2418 qui
1599 2341 1892 2418 conflixi-t,
1924 2343 2028 2418 qui
2057 2341 2233 2418 signa

167 2423 447 2497 contulit,
478 2421 584 2498 qui
613 2423 691 2483 de
720 2424 976 2500 imperio
1000 2440 1196 2499 paene
1228 2425 1506 2500 certavit,
1538 2434 1753 2500 regnat
1780 2425 1964 2486 hodie
1993 2435 2056 2487 et
2085 2427 2229 2486 ami-

166 2505 345 2568 citiae
374 2523 596 2567 nomen
632 2521 706 2566 ae
736 2508 1080 2583 societatiS,
1122 2509 1291 2583 quod
1317 2509 1502 2569 armis
1535 2509 1815 2580 violarat,
1847 2507 1911 2568 id
1945 2510 2232 2584 precibus

164 2597 262 2651 est
290 2598 689 2652 consecutuse
725 2591 827 2652 ille
856 2591 1116 2668 cyprius
1139 2591 1343 2664 miser,
1384 2591 1488 2667 qui
1517 2609 1763 2667 semper
1787 2593 2038 2666 amieuS,
2075 2609 2223 2654 sem·

163 2688 278 2748 per
303 2672 515 2734 socius
556 2674 697 2748 fuit,
750 2676 826 2736 de
864 2690 988 2750 quo
1032 2675 1198 2735 nulla
1232 2691 1526 2750 umquam
1567 2674 1830 2750 suspitio
1889 2675 2098 2736 durior
2130 2683 2233 2738 aut

122 2779 128 2787 ’
164 2757 245 2816 ad
276 2763 553 2818 senatum
586 2765 691 2818 aut
722 2757 801 2818 ad
831 2759 1230 2834 imperatores
1263 2760 1464 2820 adlata
1493 2765 1740 2819 nostros
1771 2764 1894 2832 est,
1924 2759 2133 2834 vivus,
2166 2767 2234 2820 ut

162 2839 360 2914 aiunt,
396 2848 493 2901 est
521 2848 581 2902 et
611 2840 825 2900 videns
854 2857 993 2901 oum
1018 2841 1184 2902 victu
1212 2858 1287 2901 ae
1319 2841 1543 2906 vestitu
1575 2856 1689 2900 suo
1720 2839 2086 2915 publicatus.
2141 2843 2232 2902 En

164 2939 275 2984 our
348 2923 534 2984 ceteri
573 2939 755 2998 reges
798 2923 1073 2984 stabilem
1110 2940 1254 2984 esse
1303 2940 1477 2984 suam
1518 2926 1820 2984 fortunam
1853 2925 2232 3000 arbitrentur,

166 3023 353 3080 quum
384 3007 502 3067 hoe
530 3004 691 3066 illius
724 3007 947 3068 funesti
977 3008 1118 3067 anni
1149 3007 1389 3081 prodito
1420 3009 1703 3082 exemplo
1730 3007 1974 3070 videant
1994 3026 2108 3085 per
2131 3007 2232 3069 tri-

164 3089 393 3150 bunum
432 3089 698 3164 aliquem
740 3098 799 3152 et
841 3098 1157 3152 sescentas
1202 3106 1424 3165 operas
1472 3107 1543 3153 se
1579 3090 1838 3158 fortunis
1881 3091 2134 3168 spoliari
2173 3097 2232 3152 et

164 3188 355 3248 regno
386 3173 549 3234 omni
584 3189 775 3248 posse
808 3169 1054 3234 nudari!

328 3255 726 3316 XXV111.60.
764 3256 1056 3318 Atetiam
1080 3273 1154 3322 eo
1179 3256 1426 3332 negotio
1461 3259 1542 3318 Μ.
1569 3257 1813 3320 Catonis
1838 3257 2228 3332 splendorem

164 3340 468 3400 maculare
512 3339 863 3414 voluerunt,
916 3339 1113 3415 ignari
1160 3340 1309 3416 quid
1353 3342 1655 3416 gravitas,
1707 3338 2225 3473 quid5integrita8,

273 3426 759 3487 mmmm-1211.
