2459 3817
237 170 319 234 80
705 176 783 235 IN
815 176 874 237 C.
903 174 1232 235 VERREM
1259 174 1428 235 ACT.
1458 175 1529 233 11.
1558 174 1704 233 LlB.
1740 176 1844 234 lv.

244 327 580 398 visoribus,
627 336 692 387 ut
713 333 959 400 praetor
979 328 1421 395 renuntiarere,
1466 321 1717 399 dedisti,
1750 340 1914 383 Lxxx
1936 326 2299 399 accusatori,

244 428 320 473 ne
361 410 467 471 tibi
511 409 766 470 odiosus
806 415 1002 481 esset,
1045 425 1119 468 ea
1161 424 1228 465 re
1270 408 1604 468 contemnis
1645 416 1991 482 equestrem
2024 406 2298 468 ordinem

243 504 303 557 et
345 492 659 569 despicis?
713 507 788 551 ea
827 507 894 550 re
937 490 1043 551 tibi
1071 490 1383 564 indignum
1410 490 1611 549 visum
1640 500 1736 551 est
1767 489 2101 564 quidquam
2134 491 2300 563 quod

242 576 349 639 tibi
382 577 652 653 placeret
681 572 972 634 Calidium
1002 574 1205 647 potius
1238 572 1461 631 habere
1499 588 1679 647 quam
1710 580 1812 634 te?

409 660 561 719 XXI.
593 656 693 717 46.
739 658 928 716 lactat
955 672 1024 715 se
1052 656 1170 716 iam
1207 655 1434 714 dudum
1466 656 1543 714 de
1574 654 1832 715 Calidio:
1877 663 2080 716 narrat
2110 655 2298 715 omni·

243 744 358 803 bus
403 743 626 801 emisse
669 755 755 800 se.
825 740 978 798 Num
1028 737 1204 797 etiam
1249 738 1327 797 de
1369 738 1436 797 L.
1472 737 1755 813 Papi-nio,
1792 738 1943 798 ‚viro
1992 737 2300 813 primario,

243 823 531 901 locupleti
593 825 979 896 honestoque
1058 820 1263 895 equite
1314 822 1623 893 Romane,
1686 819 2009 881 turibulum
2062 820 2304 881 emisti?

247 908 346 982 qui
379 922 490 981 pro
523 904 867 967 testimonio
897 902 1050 964 dixit
1072 911 1160 975 te,
1195 920 1380 977 quum
1402 903 1849 977 inspiciendum
1876 902 2297 979 poposcisses‚

244 991 456 1050 evulso
503 989 862 1048 emblemate
905 985 1253 1046 remisisset
1292 995 1359 1047 ut
1389 984 1735 1061 intelligatis
1764 985 1824 1045 in
1854 986 2100 1046 homine
2129 984 2299 1045 intel-

245 1071 546 1147 ligentiam
588 1086 761 1141 esse,
817 1086 940 1128 non
981 1066 1327 1140 avaritiam,
1382 1068 1617 1130 artificii
1668 1068 1985 1143 cupidum,
2042 1084 2163 1127 non
2204 1084 2299 1127 ar·

243 1154 407 1229 genti
447 1154 659 1213 fuisse.
729 1153 854 1211 Nec
895 1153 1092 1213 solum
1126 1149 1186 1211 in
1217 1150 1467 1226 Papinio
1500 1150 1610 1211 suit
1636 1151 1751 1210 hac
1780 1148 2173 1211 abstinentias
2214 1159 2299 1210 te-

246 1236 372 1298 nuit
397 1237 516 1295 hoc
544 1233 880 1296 institutum
910 1234 968 1293 in
999 1233 1279 1296 turibulis
1310 1232 1591 1293 omnibus
1609 1279 1624 1307 ,
1668 1248 2094 1308 quaecumque
2122 1234 2180 1291 in
2206 1231 2298 1292 Si·

244 1320 380 1381 cilia
421 1320 679 1379 suerunt.
763 1316 1125 1377 Incredibile
1171 1324 1263 1376 est
1305 1322 1505 1376 autem
1550 1331 1732 1391 quam
1780 1317 1965 1377 multa
2005 1322 2066 1375 et
2118 1332 2301 1389 quam

245 1402 556 1477 praeclara
589 1399 827 1460 suerint.
901 1399 1097 1459 Credo
1127 1406 1283 1470 tum,
1329 1416 1515 1473 quum
1546 1396 1751 1457 Sicilia
1786 1396 2048 1458 florebat
2076 1398 2299 1473 opibus

244 1491 304 1543 et
352 1481 581 1558 copiiS,
637 1498 854 1555 magna
897 1481 1150 1541 artificia
1194 1480 1387 1541 fuisse
1417 1480 1476 1539 in
1506 1496 1580 1541 ea
1608 1478 1827 1541 insula.
1902 1481 2051 1540 Nam
2082 1481 2300 1541 domus

244 1574 373 1626 erat
421 1574 558 1625 ante
602 1564 782 1624 istum
825 1573 1168 1639 praetorem
1207 1565 1371 1623 nulla
1411 1564 1617 1639 paullo
1660 1562 2037 1638 locupletior,
2082 1580 2204 1637 qua
2238 1562 2298 1621 in

243 1650 425 1708 demo
456 1648 607 1707 haec
638 1664 756 1707 non
793 1655 1032 1718 essent,
1069 1646 1251 1707 etiam
1274 1644 1326 1705 si
1348 1652 1667 1721 praeterea
1688 1646 1834 1705 nihil
1857 1654 2024 1706 esset
2048 1645 2300 1719 argenti,

249 1733 478 1806 patella
498 1731 748 1808 grandis
775 1746 914 1792 cum
939 1730 1153 1807 sigillis
1177 1748 1251 1792 ae
1274 1732 1617 1793 simulacris
1640 1734 1919 1807 deorum,
1937 1740 2174 1812 patera,
2198 1750 2313 1803 qua

249 1814 534 1876 mulieres
557 1815 637 1874 ad
659 1830 760 1875 res
789 1812 1029 1875 divinas
1061 1820 1395 1888 uterentur,
1427 1815 1777 1876 turibulum.
1834 1816 2087 1899 [Erant]
2113 1831 2318 1877 autem

250 1896 401 1956 haec
433 1898 633 1956 omnia
665 1897 917 1969 antiquo
963 1914 1154 1971 opere
1193 1906 1255 1960 et
1300 1916 1537 1959 summo
1572 1898 1830 1959 artificio
1863 1902 2053 1961 facta:
2102 1909 2170 1961 ut
2198 1901 2318 1961 hoc

254 1974 460 2035 liceret
481 1976 801 2050 suspicari,
825 1979 1018 2039 fuisse
1047 1980 1376 2056 aliquando
1408 1984 1574 2060 apud
1594 1983 1837 2045 Siculos
1862 2000 2171 2061 peraeque
2195 2003 2306 2063 pro

252 2056 532 2133 portione
562 2066 829 2131 caetera,
868 2062 978 2119 sed
1005 2062 1225 2136 quibus
1250 2066 1433 2125 multa
1456 2066 1698 2126 fortuna
1722 2067 2071 2141 ademisset,
2106 2074 2305 2129 tamen

220 2139 413 2213 ‚apud
447 2154 558 2199 eos
586 2140 959 2202 remansisse
990 2159 1093 2215 ea,
1141 2162 1297 2219 quae
1328 2146 1541 2223 religio
1572 2148 1943 2212 retinuisset.
2008 2148 2111 2213 47.
2148 2150 2304 2225 Dixi,

251 2220 515 2294 iudiceS,
575 2223 759 2283 multa
801 2222 998 2284 fuisse
1047 2228 1172 2286 rere
1213 2229 1379 2301 apud
1421 2246 1633 2290 omnes
1678 2230 1951 2293 Siculos:
1996 2249 2111 2309 ego
2147 2235 2306 2295 idem

252 2304 576 2377 confirmo,
623 2322 786 2368 nunc
815 2322 892 2366 ne
925 2323 1111 2367 unum
1135 2310 1379 2382 quidem
1403 2328 1566 2373 esse.
1638 2312 1795 2387 Quid
1816 2316 1935 2375 hoc
1958 2322 2095 2378 est?
2139 2318 2306 2392 quod

250 2384 366 2445 hoc
416 2397 778 2460 monstrum,
840 2390 1006 2463 quod
1057 2391 1403 2466 prodigium
1448 2394 1508 2454 in
1560 2396 1937 2469 provinciam
1986 2398 2307 2461 misimus?

251 2468 460 2529 Nonne
487 2468 666 2531 vobis
701 2470 763 2530 id
797 2470 1002 2545 egisse
1035 2472 1299 2545 videtur,
1332 2484 1398 2535 ut
1432 2494 1553 2537 non
1588 2478 1769 2540 unius
1798 2480 2137 2556 libidinem,
2182 2500 2303 2543 non

249 2567 399 2610 suos
442 2554 689 2626 oculoS,
734 2554 846 2614 sed
893 2554 1160 2616 omnium
1202 2558 1737 2631 cupidissimorum
1772 2563 2072 2637 insaniaS,
2120 2582 2305 2639 quum

251 2634 500 2693 Romam
541 2635 922 2711 revertisset,
967 2640 1281 2712 expleret?
1347 2641 1461 2715 Qui
1490 2642 1669 2705 simul
1700 2653 1885 2720 atque
1912 2645 1973 2706 in
2009 2646 2304 2723 oppidum

251 2714 582 2791 quoppiam
629 2727 922 2791 venenat,
988 2720 1458 2785 immittebantur
1504 2725 1589 2786 illi
1640 2727 1926 2788 continuo
1979 2728 2304 2807 Cibyratici

248 2814 462 2871 canes,
510 2798 614 2873 qui
641 2799 1085 2877 investigabant
1108 2812 1169 2865 et
1191 2809 1731 2879 perscrutabantur
1753 2808 1973 2871 omnia.
2042 2810 2106 2872 Si
2133 2814 2302 2887 quod

247 2890 376 2940 erat
421 2883 648 2955 grande
697 2900 807 2945 vas
847 2893 908 2945 et
940 2884 1134 2949 maius
1168 2903 1327 2963 opus
1359 2888 1701 2963 inventum,
1745 2890 1885 2955 laeti
1913 2893 2300 2955 adserebant=

248 2960 299 3021 si
345 2962 542 3023 minus
577 2964 709 3027 eius
739 2966 903 3027 modi
936 2968 1245 3045 quippiam
1278 2971 1489 3034 venari
1522 2982 1875 3051 potuerant,
1918 2976 2019 3037 illa
2051 2978 2299 3052 quidem

247 3054 410 3105 certe
433 3062 543 3121 pro
571 3047 901 3123 lepusculis
926 3052 1337 3129 capiebantur,
1384 3058 1673 3131 patellae,
1709 3065 1984 3133 paterae,
2018 3059 2297 3121 turibula.

246 3126 356 3186 Hic
397 3120 554 3203 quo‘s
597 3131 818 3205 putatis
863 3131 1044 3195 fletus
1086 3136 1433 3212 mulierum,
1480 3156 1634 3214 quas
1671 3140 2131 3203 lamentationes
2157 3144 2298 3224 ‚fieri

246 3210 458 3271 solitas
493 3226 635 3273 esse
665 3212 724 3273 in
759 3214 929 3276 hisce
961 3218 1191 3278 rebus?
1233 3237 1391 3295 quae
1422 3221 1675 3282 forsitan
1700 3222 1879 3285 vobis
1902 3241 2132 3300 parvae
2156 3242 2297 3295 esse

247 3291 591 3365 videantur,
650 3299 760 3357 sed
810 3316 1090 3374 magnum
1142 3310 1202 3361 et
1250 3302 1533 3363 acerbum
1578 3305 1852 3367 dolorem
1893 3317 2296 3379 commovent,

243 3374 608 3437 mulierculis
647 3383 1030 3455 praesertim.
1075 3402 1260 3457 Quum
1289 3377 1627 3461 eripiuntur
1654 3404 1689 3447 e
1720 3387 1999 3449 manibus
2030 3407 2131 3464 ea,
2164 3390 2295 3465 qui-

2455 1563 2459 1682 4

2455 1688 2459 1861 1
