2459 3817
659 164 670 177 ‘
705 162 710 167 “
819 166 987 229 οΑΡ.
1014 173 1210 230 2-0.
1256 170 1307 231 s.
1339 173 1459 227 9-
1488 170 1571 228 17.
2150 160 2275 226 179

203 336 439 380 numus.
524 320 715 381 Recte
751 316 935 393 igitur
975 335 1138 381 unus
1178 315 1441 378 invictus
1483 330 1583 388 es,
1624 328 1663 371 a
1702 308 1829 388 quo'
1854 308 2037 372 etiam
2067 309 2267 386 ipsius

199 400 499 463 victoriae
529 400 814 463 condicio
846 401 1070 476 visque
1097 398 1343 461 devicta
1371 408 1485 459 est.

323 481 402 544 V.
423 483 522 546 13.
543 488 748 560 Atque
778 483 899 545 hoc
927 482 992 543 C.
1025 481 1310 544 Caesaris
1340 478 1651 556 iudicium,
1682 485 1889 555 patres
1916 476 2268 552 conscripti,

198 582 386 643 quam
425 568 544 627 late
581 573 786 641 pateat
822 566 1142 627 attendite:
1186 580 1404 626 omnes
1446 562 1639 635 enim,
1683 560 1789 637 qui
1832 561 1911 621 ad
1956 560 2060 621 illa
2100 575 2271 619 arma

201 648 325 710 iato
356 664 571 709 sumus
605 649 818 711 nescio
853 664 978 724 quo
1007 648 1099 711 rei
1125 648 1408 723 publicae
1442 647 1669 706 misero
1709 645 2077 718 funestoque
2090 658 2269 704 eom·

199 733 382 808 pulsi,
405 730 522 793 etsi
545 731 750 808 aliqua
769 731 954 807 culpa
973 740 1250 793 tenemur
1271 728 1497 790 erroris
1519 726 2095 800 hmnanLatscelere
2106 736 2271 787 certe

198 814 435 875 liberati
463 832 695 875 sumus.
764 815 915 875 Nam
947 829 1132 889 quum
1159 812 1242 873 Μ.
1276 812 1628 872 Marcellum
1658 809 2130 886 deprecantibus
2162 826 2269 869 vo·

198 896 296 957 bis
335 898 426 957 rei
473 896 752 971 publicae
783 895 1203 967 conservavit,
1248 910 1347 954 me
1409 901 1471 954 et
1510 891 1659 953 mihi
1686 891 1918 953 etitem
1946 890 2037 953 rei
2062 892 2268 967 publi-

199 996 340 1053 cae,
383 980 550 1041 nullo
593 981 1002 1055 deprecante,
1056 977 1335 1053 reliquos
1374 974 1795 1051 amplissimos
1840 974 2009 1035 viros
2052 983 2116 1035 et
2153 973 2271 1035 sibi

195 1062 374 1138 ipsos
402 1071 466 1125 et
490 1062 723 1137 patriae
749 1061 1043 1122 reddiditz
1084 1076 1345 1137 quorum
1389 1068 1453 1120 et
1490 1057 1894 1133 frequentiam
1926 1065 1989 1118 et
2015 1057 2269 1133 dignita·

199 1154 323 1206 tem
350 1144 469 1205 hoc
503 1144 643 1219 ipso
675 1143 736 1204 in
769 1159 1072 1206 consessu
1101 1140 1345 1210 videtis.
1406 1158 1531 1203 non
1562 1140 1666 1202 ille
1693 1141 1909 1202 hostes
1938 1139 2179 1201 induxit
2207 1139 2271 1199 in

199 1224 459 1299 curiam,
501 1228 616 1287 sed
645 1225 936 1289 iudicavit
965 1243 1004 1286 a
1027 1225 1344 1302 plerisque
1371 1224 1755 1300 ignoratione
1782 1222 1991 1299 potius
2020 1232 2081 1285 et
2112 1225 2269 1283 falso

195 1319 384 1385 atque
413 1307 579 1369 inani
607 1318 772 1372 metu
801 1324 983 1383 quam
1011 1310 1343 1384 cupiditate
1371 1317 1476 1369 aut
1503 1306 1857 1368 crudelitate
1879 1306 2101 1368 bellum
2125 1322 2271 1367 esse

197 1401 574 1467 susceptum.
662 1390 763 1454 14.
813 1392 946 1466 Quo
994 1391 1241 1468 quidem
1276 1390 1339 1451 in
1384 1392 1545 1452 bello
1588 1405 1835 1466 semper
1874 1392 1954 1450 de
1980 1406 2137 1465 pace
2164 1406 2269 1453 au·

197 1475 486 1537 diendum
511 1475 721 1552 putavi
748 1490 1118 1551 semperque
1140 1474 1309 1536 dolui
1337 1489 1459 1535 non
1482 1474 1667 1535 modo
1693 1488 1927 1550 pacem,
1952 1474 2066 1535 sed
2088 1472 2269 1534 etiam

195 1558 533 1620 orationem
557 1558 778 1619 civium
811 1574 1026 1634 pacem
1055 1556 1454 1633 flagitantium
1486 1557 1819 1633 repudiari.
1863 1557 2078 1633 Neque
2106 1558 2267 1617 enim

195 1656 314 1715 ego
342 1641 445 1701 illa
472 1657 590 1703 nee
617 1643 745 1703 ulia
777 1658 1064 1717 umquam
1093 1650 1346 1703 secutus
1391 1656 1529 1701 sum
1569 1656 1737 1701 arma
1766 1638 1968 1699 civilia
1998 1655 2265 1715 semper·

198 1738 321 1797 que
348 1738 486 1783 mea
513 1723 774 1785 consilia
800 1725 975 1797 pacis
1004 1731 1068 1784 et
1091 1733 1277 1797 togae
1302 1722 1494 1796 socia,
1531 1738 1655 1783 non
1683 1721 1828 1783 belli
1856 1731 2041 1797 atque
2068 1733 2263 1782 armo·

193 1821 328 1865 rum
370 1807 630 1867 fuerunt.
727 1806 1047 1867 Hominem
1091 1822 1223 1867 sum
1266 1813 1514 1867 secutus
1543 1806 1781 1880 privato
1806 1803 2096 1878 consilio,
2142 1820 2265 1865 non

194 1888 467 1963 publico,
543 1895 902 1963 tantumque
943 1888 1108 1963 apud
1164 1904 1262 1947 me
1303 1888 1456 1963 grati
1506 1888 1692 1948 animi
1734 1887 1935 1949 fidelis
1978 1888 2267 1949 memoria

190 1971 399 2045 valuit,
433 1979 501 2031 ut
528 1971 693 2031 nulla
721 1987 844 2032 non
875 1971 1058 2032 modo
1091 1970 1438 2046 cupiditate,
1473 1972 1586 2031 sed
1616 1986 1696 2031 ne
1718 1987 1833 2046 spe
1854 1968 2103 2047 quidem
2125 1988 2267 2046 pru-

191 2054 350 2114 dens
390 2064 452 2114 et
489 2054 694 2115 sciens
735 2064 1043 2130 tamquam
1085 2053 1166 2113 ad
1210 2054 1511 2115 interitum
1562 2069 1799 2115 ruerem
1839 2054 2271 2115 voluntarium.

193 2134 296 2197 15.
355 2135 530 2210 Quod
585 2134 831 2212 quidem
871 2151 1075 2197 meum
1113 2136 1437 2198 consilium
1471 2136 1715 2197 minime
1762 2138 2091 2197 obscurum
2135 2138 2264 2199 fuit.

189 2218 340 2279 Nam
386 2228 446 2280 et
484 2218 546 2279 in
591 2220 712 2282 hoc
749 2220 964 2281 ordine
1003 2219 1237 2293 integra
1276 2234 1345 2279 re
1387 2221 1572 2281 multa
1616 2220 1695 2281 de
1736 2234 1892 2295 pace
1931 2219 2061 2280 dixi
2104 2230 2165 2281 et
2200 2219 2265 2280 in

187 2300 333 2375 ipso
364 2302 526 2363 bello
561 2304 775 2363 eadem
801 2304 981 2365 etiam
1017 2318 1155 2363 cum
1181 2301 1401 2378 capisss
1446 2304 1566 2363 mei
1596 2302 1864 2379 periculo
1895 2302 2083 2363 sensi.
2166 2304 2264 2364 Ex

193 2398 317 2458 quo
349 2400 532 2446 nemo
558 2384 678 2445 iam
707 2385 822 2446 erit
846 2396 967 2447 tam
995 2385 1259 2447 iniustus
1298 2384 1677 2448 existimator
1712 2403 1913 2447 rerum
1958 2387 2061 2461 qui
2091 2385 2264 2448 dubi-

189 2474 278 2527 tet
311 2482 472 2543 quae
493 2466 774 2529 Caesaris
805 2470 884 2528 de
914 2470 1074 2529 bello
1103 2470 1389 2530 voluntas
1418 2467 1615 2544 suerit,
1648 2486 1834 2546 quum
1858 2469 2029 2545 pacis
2052 2479 2263 2531 aucto-

186 2564 294 2610 res
323 2552 786 2611 conservandos
815 2550 1014 2613 statim
1043 2552 1367 2625 censuerit,
1442 2553 1661 2613 ceteris
1694 2552 1874 2613 suerit
1895 2552 2120 2614 iratior.
2154 2559 2265 2613 At-

189 2648 312 2706 que
340 2634 404 2693 id
431 2635 632 2695 minus
653 2632 870 2695 mirum
899 2636 1169 2698 fortasse
1189 2645 1333 2709 turn,
1364 2650 1551 2710 quum
1582 2643 1749 2696 esset
1768 2636 2035 2696 incertus
2065 2638 2264 2697 exitus

189 2725 252 2775 et
271 2730 506 2791 anceps
535 2718 778 2777 fortuna
804 2716 976 2777 beniz
1009 2719 1113 2793 qui
1139 2734 1289 2779 vero
1318 2717 1515 2780 victor
1546 2715 1721 2792 pacis
1742 2727 2027 2779 auctores
2051 2718 2264 2794 diligit,

185 2796 244 2857 is
275 2800 556 2872 profecto
588 2800 860 2859 declarat
884 2814 956 2859 se
989 2798 1282 2860 maluisse
1316 2814 1437 2859 non
1463 2799 1753 2860 dimicare
1784 2816 1965 2875 quam
1989 2800 2260 2862 vincere.

187 2880 288 2939 vl.
328 2878 429 2943 16.
459 2887 666 2955 Atque
693 2880 875 2942 huius
907 2880 1152 2954 quidem
1179 2881 1270 2941 rei
1298 2882 1379 2941 M.
1410 2883 1699 2943 Marcello
1730 2900 1865 2943 sum
1894 2884 2089 2945 testis.
2139 2885 2260 2943 No-

183 2962 295 3024 stri
335 2961 498 3025 enim
539 2979 764 3049 sensus
804 2972 872 3023 ut
904 2964 966 3022 in
1009 2979 1166 3039 pace
1194 2980 1469 3039 semper,
1511 2966 1603 3025 sic
1643 2976 1768 3026 tum
1796 2965 1977 3028 etiam
2006 2964 2069 3027 in
2097 2967 2259 3027 bello

184 3046 625 3121 congruebant.
713 3044 1009 3121 Quotiens
1035 3062 1154 3120 ego
1186 3061 1327 3105 eum
1356 3056 1415 3108 et
1444 3056 1669 3122 quanto
1700 3066 1835 3110 cum
1870 3050 2085 3111 dolore
2114 3049 2259 3123 vidi,

185 3146 375 3203 quum
408 3128 794 3190 insolentiam
817 3137 1119 3189 certorum
1141 3127 1447 3190 hominum
1480 3140 1607 3191 tum
1641 3132 1820 3193 etiam
1842 3132 2037 3208 ipsius
2064 3132 2257 3192 victo-

182 3209 312 3272 riae
341 3212 712 3274 ferocitatem
743 3210 1274 3273 extimescentem!
1322 3212 1451 3286 Quo
1496 3214 1723 3289 gratior
1764 3226 1868 3277 tua
1902 3213 2257 3289 liberalitaS,

185 3292 250 3351 C.
282 3293 525 3366 Caesar,
552 3292 751 3368 nobis,
784 3294 887 3369 qui
918 3295 1021 3354 illa
1051 3292 1336 3366 vidimus,
1370 3296 1550 3356 debet
1582 3312 1743 3357 esse.
1793 3298 1925 3357 Non
1956 3295 2114 3356 enim
2136 3296 2259 3357 iam

183 3390 414 3437 causae
443 3385 585 3438 sunt
611 3378 768 3437 inter
796 3390 895 3452 se,
937 3377 1051 3437 sed
1087 3376 1373 3439 victoriae
1400 3380 1867 3453 comparandae.
1887 3387 1913 3411 ’·
1954 3376 2055 3441 17.
2080 3380 2250 3443 Vidi-

1736 3464 1861 3529 1⁴2¹·
