2459 3817
234 135 324 198 58
836 119 985 193 ruo
1020 131 1083 190 Ρ.
1118 129 1381 191 εΕεΤιο
1413 128 1713 190 οΒΑΤιο.

250 285 573 348 exercitum
605 281 683 346 in'
708 281 878 344 Italia
918 281 1274 342 maximum:
1314 280 1469 354 duc,
1511 278 1617 356 qui
1655 277 1870 354 privati
1905 287 2035 342 tam
2063 289 2288 354 essent,

234 380 302 430 et
326 382 619 443 praeesse
650 372 710 425 ct
744 380 989 438 parare,
1030 363 1085 425 si
1116 365 1369 435 vellent,
1411 362 1738 424 exercitum
1769 379 1959 437 posse
1990 362 2175 437 idque
2202 364 2289 422 sa·

232 462 449 513 cturos
486 465 629 510 essa
658 447 916 508 dicebat.
975 446 1103 506 Nec
1140 445 1283 506 mihi
1311 445 1410 505 ille
1441 445 1726 507 iudicium
1761 444 1972 521 populi
2005 461 2120 506 nec
2143 443 2288 520 legi·

236 535 443 596 timam
472 532 736 606 aliquam
771 528 1215 592 contentionem
1258 545 1370 588 nec
1403 527 1904 603 disceptationem
1935 537 2046 588 aut.
2067 543 2290 590 causae

234 616 599 686 dictionem,
652 612 769 672 sed
803 611 954 684 vim,
992 628 1187 682 arma,
1235 611 1567 682 exercitus,
1618 611 2048 706 imperatorcS,
2091 618 2291 672 castra

243 696 650 758 denuntiabat.
747 656 957 754 xvm'.
1003 695 1200 767 Quid?
1241 710 1388 768 ergo
1419 693 1640 754 inimici
1671 694 1894 778 oratio,
1932 709 2088 752 vana
2118 709 2289 767 prae·

236 780 482 854 sertim,
512 787 631 838 tam
661 775 981 856 improbe
965 794 1024 836 ιη
1048 775 1422 838 clarissimo-s
1449 776 1614 836 viros
1637 768 1910 838 coniecta
1941 791 2037 836 m
2065 775 2292 838 movit?

238 862 341 924 Me
372 878 523 922 vcro
559 877 679 920 non
714 859 875 920 illius
906 860 1129 932 oratio,
1173 860 1286 920 sed
1327 875 1538 922 eorum
1577 857 1985 933 taciturnitas,
2026 857 2090 918 in
2131 875 2290 932 quos

238 945 343 1006 illa
374 945 565 1005 oratio
594 951 711 1004 tam
752 941 1033 1016 improba
1068 943 1520 1004 conferebaturz
1573 941 1680 1016 qui
1718 951 1870 1013 tum,
1965 957 2288 1015 uamquam

236 1029 323 1088 ob
351 1025 503 1086 alias
526 1041 748 1086 causas
772 1025 1079 1100 tacebant,
1111 1033 1312 1086 tamen
1335 1022 1686 1086 ‘hominibus
1715 1024 1914 1087 omnia
1944 1022 2288 1085 timentibus

236 1110 503 1170 tacendo
527 1107 722 1182 loqui,
756 1123 875 1166 non
906 1108 1218 1168 infitiando
1244 1107 1516 1168 confiteri
1541 1106 1913 1168 videbantur.
1973 1107 2064 1167 Illi
2089 1114 2286 1167 autem

233 1194 451 1266 aliquo
481 1200 606 1252 tum
635 1191 848 1251 timore
876 1190 1204 1265 perterriti,
1251 1191 1418 1265 quod
1448 1198 1581 1250 acta
1605 1190 1707 1250 illa
1735 1199 1917 1265 atque
1949 1205 2158 1250 omnes
2185 1205 2290 1248 res

235 1274 385 1336 anni
416 1272 752 1347 superioris
782 1273 1127 1332 labefactari
1156 1290 1192 1332 a
1218 1272 1631 1347 praetoribuS,
1672 1270 1958 1334 infirmari
2004 1289 2039 1333 a
2077 1280 2288 1332 senatu

233 1367 483 1432 atquea
502 1356 877 1431 principibus
902 1356 1157 1416 civitatis
1179 1357 1494 1432 putabant,
1529 1355 1831 1417 tribunum
1869 1357 2220 1430 popularem
2253 1371 2289 1412 a

208 1456 313 1500 ·se
336 1437 601 1498 alienare
629 1437 914 1498 nolebant
934 1453 1169 1511 suaque
1198 1436 1314 1498 sibi
1338 1437 1624 1512 propiora
1646 1454 1786 1500 esse
1811 1435 2083 1512 pericula
2110 1454 2288 1510 quam

241 1539 380 1582 mea
422 1519 841 1596 loquebantur.
924 1517 1025 1578 41.
1071 1518 1195 1578 Sed
1240 1527 1438 1580 tamen
1483 1528 1543 1580 et
1573 1520 1830 1580 Crassus
1865 1537 1905 1580 a
1936 1520 2290 1581 consulibus

238 1605 441 1664 meam
480 1619 728 1664 causam
772 1600 1225 1675 suscipiendam
1277 1619 1420 1664 esse
1463 1603 1704 1664 dicebat
1751 1612 1810 1664 et
1856 1619 2066 1665 eorum
2107 1603 2290 1662 fidem

238 1685 565 1760 Pompeius
606 1684 966 1758 implorabat
1005 1701 1204 1759 neque
1247 1701 1316 1744 se
1357 1685 1654 1759 privatum
1687 1684 1930 1760 publice
1963 1694 2291 1760 susceptae

236 1785 469 1830 causae
500 1769 841 1828 defuturum
871 1783 1015 1828 esse
1050 1766 1316 1828 diceban
1356 1784 1534 1842 quem
1566 1768 1757 1828 virum
1785 1766 2125 1834 studiosum
2154 1768 2289 1842 mei,

236 1850 703 1927 cupidissimum
734 1849 823 1910 rei
862 1850 1147 1926 publicae.
1178 1852 1672 1924 conservandae,
1723 1851 1884 1913 domi
1931 1867 2104 1912 meac
2145 1851 2288 1912 certi

236 1934 519 1996 homines
543 1935 621 1993 ad
646 1951 779 1994 eam
799 1951 927 1994 rem
954 1933 1134 2008 positi
1162 1943 1540 2007 monuerunt,
1569 1941 1634 1995 ut
1661 1940 1828 1994 esset
1845 1933 2097 2004 cautior,
2129 1933 2289 1992 eius·

246 2032 366 2092 que
394 2014 555 2075 vitae
582 2033 619 2074 a
647 2033 743 2078 me
769 2017 1023 2077 insidias
1050 2017 1212 2090 apud
1245 2035 1339 2078 me
1367 2017 1530 2078 domi
1559 2015 1794 2090 positas
1821 2032 1966 2076 esse
1991 2016 2286 2088 dixerunt,

234 2108 429 2170 atque
450 2097 605 2156 hane
629 2097 761 2157 eius
794 2098 1193 2171 suspitionem
1219 2101 1316 2159 alii
1343 2101 1550 2160 litteris
1568 2098 1887 2172 mittendiS,
1914 2099 2013 2159 alii
2047 2098 2290 2170 nuntiiS‚

236 2179 345 2239 alii
375 2194 577 2239 coram
608 2178 727 2252 ipsi
770 2179 1213 2254 excitaverunt,
1255 2191 1322 2242 ut
1354 2183 1484 2256 ille,
1527 2199 1710 2257 quum
1747 2199 1784 2242 a
1821 2197 1918 2244 me
1955 2190 2116 2241 certe
2146 2179 2286 2240 nihil

235 2263 505 2332 timeret,
548 2260 627 2320 ab
666 2259 783 2320 illis
814 2277 891 2320 ne
933 2262 1079 2337 quid
1111 2281 1248 2338 meo
1277 2265 1520 2324 nomine
1550 2263 1895 2325 molirentur
1927 2263 2043 2324 sibi.
2071 2279 2286 2323 caven-

236 2347 385 2404 dum
424 2351 681 2420 putaret.
768 2344 914 2418 Ipse
955 2353 1152 2406 autem
1195 2347 1447 2421 Caesar,
1499 2363 1676 2422 quem
1717 2346 1977 2406 maxime
2014 2346 2287 2407 homines

242 2425 435 2501 ignari
476 2423 745 2485 veritatis
787 2425 928 2485 mihi
974 2443 1115 2488 esse
1151 2428 1366 2490 iratum
1407 2429 1724 2504 putabant,
1775 2437 1909 2490 erat
1943 2430 2021 2488 ad
2063 2437 2286 2504 portaS,

235 2515 373 2572 erat
396 2525 534 2568 cum
563 2507 849 2582 imperio,
890 2519 1019 2569 erat
1044 2510 1103 2570 in
1135 2511 1302 2571 ltalia
1335 2511 1467 2572 eius
1513 2512 1814 2572 exercitus
1859 2510 2041 2586 inque
2079 2528 2154 2572 eo
2183 2525 2285 2570 ex-

232 2591 435 2655 ercitu
462 2589 658 2666 ipsius
687 2591 907 2650 tribuni
936 2593 1162 2666 plebis,
1195 2593 1417 2654 inimici
1443 2595 1588 2666 mei,
1621 2596 1862 2654 fratrem
1891 2595 2286 2668 praefecerat.

409 2673 561 2734 XIX.
590 2671 689 2733 42.
726 2675 893 2734 Haec
922 2691 1065 2750 ergo
1098 2693 1282 2750 quum
1312 2676 1577 2736 viderem
1596 2710 1681 2722 --
1703 2692 1912 2752 neque
1937 2676 2092 2736 enim
2124 2683 2292 2736 erant

239 2756 480 2818 occulta
494 2788 591 2828 --‚
618 2763 909 2829 senatum,
934 2760 1066 2820 sine
1082 2775 1203 2834 quo
1226 2757 1440 2820 civitas
1463 2766 1626 2820 stare
1646 2775 1764 2818 non
1790 2775 1861 2834 pc
1877 2767 2020 2830 sset,
2047 2756 2288 2818 omnino

241 2839 325 2898 de
348 2837 586 2899 civitate
610 2854 753 2899 esse
773 2841 1073 2901 sublatum
1088 2885 1103 2914 ,
1128 2842 1442 2912 consuleS,
1469 2840 1570 2914 qui
1595 2843 1784 2902 duces
1807 2841 2032 2916 publici
2053 2837 2289 2900 consilii

239 2937 388 2982 esse
429 2921 745 2994 deberent,
794 2923 1129 2997 perfecisse
1168 2931 1231 2983 ut
1274 2940 1380 2998 per
1419 2923 1594 2998 ipsos
1629 2923 1938 2999 publicum
1971 2921 2291 2984 consilium

242 3001 871 3078 funditustolleretur,
901 3021 1041 3078 eoS,
1068 3005 1169 3080 qui
1194 3005 1511 3079 plurimum
1533 3014 1815 3082 possent,
1845 3004 2073 3081 opponi
2098 3003 2286 3064 omni·

241 3087 359 3145 bus
389 3085 803 3159 contionibuS,
836 3087 1021 3159 falso,
1065 3088 1174 3147 sed
1206 3089 1596 3149 formidolose
1627 3097 1854 3161 tamen,
1895 3096 2174 3148 auctores
2209 3085 2290 3146 ad

240 3165 570 3243 perniciem
593 3185 821 3240 meam,
856 3169 1171 3228 contiones
1194 3169 1400 3229 haberi
1425 3171 1644 3231 cotidie
1674 3179 1880 3232 contra
1915 3186 2038 3244 me,
2072 3184 2292 3230 vocem

240 3266 357 3324 pro
384 3267 480 3310 me
508 3266 581 3312 ac
610 3267 721 3325 pro
748 3266 819 3309 re
850 3251 1087 3324 publica
1122 3251 1417 3312 neminem
1448 3252 1709 3328 mittere,
1740 3252 1968 3316 intenta
1997 3253 2172 3335 signa
2204 3253 2291 3311 le·

238 3327 489 3402 gionum
535 3329 864 3390 existimari
904 3332 1243 3392 cervicibus
1286 3349 1358 3392 ac
1402 3335 1579 3394 bonis
1625 3335 1876 3407 vestriS,
1936 3333 2288 3404 sa150‚sed
