2459 3817
712 176 879 237 cAP.
906 180 1106 266 5-5-7,
1148 182 1201 243 s.
1237 185 1503 241 ιιι-ιι.
2029 179 2158 245 245

84 325 315 389 bimurx
348 327 444 389 sin
476 325 866 390 remissiores
907 344 1053 392 esse
1078 328 1468 405 voluerimus,
1505 346 1779 393 summae
1808 329 1990 393 nobis
2019 348 2154 395 eru·

89 409 354 473 delitatis
394 412 456 471 in
489 411 723 488 patriae
764 409 1115 488 civiumque
1167 412 1443 487 pernicie
1482 414 1643 475 rama
1685 416 2008 476 subeunda
2038 423 2154 479 est.

89 493 191 556 13.
252 493 384 555 Nisi
410 510 560 557 vero
589 493 853 571 cuipiam
880 496 947 557 L.
979 495 1235 570 Caesar,
1293 494 1390 559 vir
1427 497 1800 561 fortissimus
1840 506 1903 561 et
1945 515 2152 559 aman-

83 576 362 640 tissimus
376 577 785 655 reipublicae,
814 579 1121 641 crudelior
1138 578 1364 642 nudius
1386 581 1600 643 tertius
1625 581 1796 647 visus
1821 590 1936 657 est,
1967 599 2156 657 quum

86 662 320 723 sororis
336 678 505 738 suae,
519 662 779 723 feminae
790 661 1179 737 lectissimae,
1206 662 1404 725 virum
1426 673 1813 740 praesen-tem
1827 672 1888 727 et
1901 664 2154 727 audien·

80 752 207 805 tem
232 741 357 805 vita
381 743 745 821 privandum
780 760 925 808 esse
954 745 1125 821 dixit,
1157 764 1347 822 quum
1379 764 1562 809 avum
1597 764 1775 810 suum
1796 748 1974 811 iussu
2008 764 2156 809 eon-

82 826 237 888 sulis
268 826 649 892 interfectum
677 826 995 904 filiumque
1024 828 1161 891 eius
1187 828 1586 905 impuberem,
1617 832 1883 905 legatum
1909 848 1947 891 a
1977 840 2156 907 patre

80 912 355 987 missum,
383 912 445 973 in
479 928 731 974 earcere
758 920 1041 974 necatum
1073 928 1216 973 esse
1247 912 1418 975 dixit.
1462 913 1728 988 Quorum
1758 914 1928 988 quod
1958 913 2156 975 simile

82 996 353 1055 laetum?
381 995 549 1070 quod
578 994 791 1057 initum
822 995 1122 1057 delendae
1154 997 1245 1056 rei
1275 995 1561 1072 publicae
1593 994 1956 1058 consilium?
2009 996 2154 1057 Lar-

79 1075 329 1152 gitionis
370 1080 655 1139 voluntas
688 1086 815 1139 tum
848 1078 910 1139 in
956 1094 1026 1139 re
1073 1076 1322 1154 publiea
1357 1088 1601 1141 versata
1646 1087 1743 1140 est
1795 1088 1856 1141 et
1892 1078 2154 1155 partium

84 1160 389 1234 quaedam
431 1160 760 1221 eontentio.
820 1162 1029 1236 Atque
1073 1176 1151 1221 eo
1194 1168 1472 1238 tempore
1498 1161 1680 1223 huius
1709 1179 1866 1223 avus
1895 1162 2154 1235 Lentuli,

81 1240 179 1301 vir
202 1240 579 1304 clarissimus
595 1290 612 1317 ,
644 1252 915 1306 armatus
937 1243 1282 1306 Gracchum
1305 1254 1402 1307 est
1422 1254 1810 1321 persecutus.
1841 1246 1950 1307 me
1971 1244 2152 1307 etiam

81 1340 276 1401 grave·
297 1332 425 1387 tum
452 1328 677 1388 vulnus
716 1326 975 1403 aceepit,
1008 1343 1087 1390 ne
1118 1325 1269 1403 quid
1298 1329 1378 1389 de
1410 1346 1646 1391 summa
1676 1347 1744 1392 re
1769 1327 2016 1405 publiea
2046 1330 2154 1391 de-

80 1407 483 1471 minuereturx
514 1410 613 1471 hie
642 1410 723 1471 ad
750 1411 1082 1474 evertenda
1103 1411 1498 1475 fundamenta
1522 1412 1614 1475 rei
1635 1412 1919 1489 publicae
1943 1412 2151 1473 Gallos

79 1491 361 1567 arcessit,
390 1492 640 1555 servitia
673 1493 967 1569 eoncitat,
998 1493 1312 1557 Catilinam
1339 1504 1552 1571 vocat,
1571 1494 1851 1558 attribuit
1880 1512 1998 1557 nos
2027 1503 2152 1557 tru-

80 1578 381 1640 cidandos
404 1579 673 1655 Cethego
699 1588 761 1641 et
782 1588 1027 1642 ceteros
1058 1579 1229 1641 cives
1251 1578 1712 1643 interficiendos
1739 1578 2016 1649 Gabinio,
2041 1592 2140 1638 ur·

78 1662 220 1723 bem·
240 1661 735 1726 inflammandam
750 1662 1448 1736 Cassi0,1taliamtotam
1469 1664 1832 1725 vastandam
1855 1660 2138 1735 diripien-

80 1746 350 1820 damque
379 1746 691 1807 Catilinae.
734 1746 1089 1807 vereamini
1111 1761 1361 1815 censeo,
1392 1761 1473 1805 ne
1499 1745 1562 1805 in
1591 1745 1712 1806 hoe
1745 1746 1984 1805 scelere
2015 1749 2136 1807 tam

78 1826 329 1888 immani
358 1843 432 1888 ae
458 1836 585 1889 tam
606 1831 877 1890 nefando
905 1828 1083 1889 nimis
1105 1826 1339 1903 aliquid
1361 1843 1584 1889 severe
1613 1826 1906 1889 statuisse
1928 1825 2133 1885 videa·

76 1910 254 1972 mini:
288 1911 479 1973 multo
509 1912 704 1987 magis
738 1919 836 1973 est
863 1912 1201 1972 verendum
1230 1925 1311 1969 ne
1339 1908 1706 1975 remissione
1734 1925 1978 1987 poenae
2004 1924 2137 1973 eru·

80 1992 439 2055 deliorestin
472 1995 734 2071 patriam
767 2010 952 2070 quam
988 2010 1067 2055 ne
1094 1992 1429 2054 severitate
1464 1992 2014 2059 animadversionis
2048 1990 2136 2053 ui·

80 2076 197 2162 mis
226 2074 674 2144 vehementes·
656 2095 718 2139 m
754 2077 1188 2140 acerbissimos
1215 2074 1433 2137 hostes
1471 2076 1668 2138 fuisse
1696 2076 2048 2139 videamini.

247 2161 382 2221 Vll.
432 2163 530 2223 14.
576 2162 703 2222 Sed
738 2176 843 2235 ea,
880 2178 1041 2238 quae
1064 2159 1361 2232 exaudio,
1394 2167 1606 2236 patres
1633 2160 1987 2237 conscripti,
2016 2158 2136 2219 dis·

80 2246 372 2305 simulare
410 2260 537 2307 non
568 2258 849 2321 possum.
910 2243 1220 2305 iaciuntur
1262 2241 1420 2303 enim
1463 2259 1688 2317 voees,
1731 2259 1891 2319 quae
1919 2259 2136 2319 perve-

80 2326 255 2387 niunt
280 2329 361 2388 ad
392 2345 578 2391 aures
604 2345 795 2402 meaS,
827 2344 1064 2400 eorum,
1094 2326 1201 2402 qui
1227 2326 1431 2388 vereri
1459 2318 1746 2389 videntur
1770 2334 1841 2389 ut
1873 2326 2140 2389 habeam

80 2409 231 2471 satis
247 2412 539 2486 praesidii
560 2412 640 2473 ad
656 2428 747 2483 ea,
773 2428 935 2509 quae
958 2426 1077 2473 vos
1100 2408 1438 2475 statueritis
1451 2410 1754 2474 hodierno
1778 2410 1896 2482 die,
1918 2411 2138 2469 transi·

80 2494 307 2568 gunda.
370 2496 584 2557 Omnia
607 2503 671 2556 et
688 2512 803 2572 pro
812 2496 946 2557 visa-
970 2502 1031 2556 et
1052 2500 1270 2571 parata
1289 2500 1354 2555 et
1377 2492 1708 2555 constituta
1731 2491 1892 2566 sunt,
1927 2500 2138 2569 patres

82 2577 433 2653 conscripti,
468 2596 655 2655 quum
679 2596 815 2640 mea
838 2594 1075 2639 summa
1098 2593 1249 2638 eura
1269 2584 1456 2652 atque
1479 2576 1788 2653 diligentia
1810 2585 1934 2638 tum
1957 2574 2138 2643 etiam

80 2662 270 2721 multo
302 2661 537 2723 maiore
565 2662 781 2739 populi
807 2660 1070 2725 Romani
1098 2662 1178 2721 ad
1202 2677 1506 2721 summu-m
1535 2659 1852 2737 imperium
1873 2658 2138 2721 retinen-

80 2742 229 2803 dum
278 2751 341 2804 et
390 2748 470 2807 ad
524 2760 883 2807 communes
942 2747 1221 2807 fortunas
1275 2745 1741 2806 conservandas
1799 2744 2136 2804 voluntate.

82 2826 309 2887 Omnes
341 2828 568 2890 adsunt
598 2830 865 2890 omnium
908 2829 1189 2890 ordinum
1224 2826 1526 2903 homineS,
1569 2826 1838 2889 omnium
1870 2825 2138 2899 denique

80 2914 377 2971 aetatum:
430 2914 681 2988 plenum
723 2920 820 2975 est
858 2913 1093 2984 forum,
1140 2912 1328 2985 plena
1366 2912 1598 2987 templa
1639 2910 1867 2971 eireum
1915 2912 2136 2977 forum,

76 2991 248 3067 pleni
288 3009 504 3056 omnes
547 2996 751 3057 aditus
796 2995 977 3057 huius
1020 2994 1142 3055 loei
1186 3009 1264 3053 ae
1297 2992 1528 3070 templi.
1605 2994 1806 3055 Causa
1847 3001 1944 3053 est
1979 2990 2140 3051 enim

78 3083 229 3151 post
253 3078 469 3139 urbem
499 3078 809 3141 conditam
838 3078 995 3139 haee
1025 3078 1282 3139 inventa
1315 3078 1457 3138 sola
1496 3076 1559 3137 in
1589 3094 1716 3152 qua
1753 3090 1970 3139 omnes
2001 3088 2138 3133 sen-

78 3157 267 3221 tirent
292 3178 479 3223 unum
508 3170 697 3238 atque
725 3162 887 3223 idem
916 3167 1164 3239 praeter
1193 3175 1324 3231 eos,
1359 3158 1466 3235 qui
1497 3177 1685 3236 quum
1713 3159 1831 3221 sibi
1860 3157 2142 3218 viderent

80 3256 227 3305 esse
260 3246 673 3321 pereundum,
704 3260 846 3307 eum
876 3245 1158 3307 omnibus
1187 3242 1398 3321 potius
1431 3260 1616 3319 quam
1647 3242 1766 3305 soli
1798 3239 2004 3315 perire
2031 3254 2138 3298 vo·

85 3325 350 3397 luerunt.
428 3329 525 3391 15.
569 3328 778 3390 Hosee
809 3345 928 3406 ego
953 3326 1236 3389 homines
1269 3326 1520 3402 excipio
1553 3333 1618 3388 et
1645 3338 1907 3387 secerno
1946 3320 2139 3381 liben-

83 3414 209 3471 ter:
240 3426 447 3489 neque
472 3411 632 3475 enim
656 3411 717 3473 in
746 3412 1169 3489 improborum
1200 3408 1441 3481 civium,
1474 3410 1590 3471 sed
1623 3407 1686 3471 in
1715 3403 2142 3468 acerbissimo-
