2459 3817
836 310 925 401 Ι·
980 318 1254 404 TULLII
1303 314 1732 405 CICERONIS

404 459 501 563 IN
560 466 662 563 M.
718 464 1635 697 ΑΝΤθΝΙὸΙΙὲἒῶἏΤΙΟ
1663 466 2246 567 PHILIPPICA

854 872 869 889 ⁴
958 897 1626 963 ARGUMENTUM.

409 1002 574 1063 Qun-1
604 1001 673 1053 B.
698 998 869 1051 Cicero
906 1000 1219 1065 superiorem
1255 999 1530 1047 orationem
1565 996 1841 1055 habuisset,
1875 996 1944 1047 Μ.
1985 999 2259 1053 Antonius
2297 1006 2344 1053 in

272 1070 444 1122 villam
464 1071 777 1121 Tiburtinam
794 1082 850 1119 se
868 1066 1093 1129 contulit,
1130 1066 1328 1129 utquid
1357 1065 1646 1117 adversario
1675 1064 2006 1129 responderet
2025 1080 2335 1122 commenta.

272 1150 425 1200 retur,
453 1153 555 1204 qna
580 1139 633 1189 ln
648 1152 702 1189 re
722 1136 1031 1203 eonsnmpslt
1047 1134 1404 1201 septemdecim
1423 1132 1552 1185 dies.
1589 1133 1647 1184 D.
1669 1132 1804 1184 xm.
1819 1132 2078 1187 Kalendas
2097 1138 2346 1191 Octobres

190 1240 200 1245 -
273 1208 343 1259 Μ.
371 1208 621 1259 Antonius
654 1207 707 1255 in
736 1210 983 1270 senatum,
1020 1204 1107 1267 qni
1144 1204 1197 1253 in
1226 1203 1352 1253 aede
1383 1200 1689 1255 Concordiae
1723 1202 2032 1265 habebatur,
2067 1210 2238 1268 venit,
2273 1224 2344 1257 ar·

270 1278 421 1327 matis
456 1276 686 1341 stlpatns,
718 1274 865 1337 quasi
898 1274 1003 1323 vin
1038 1272 1242 1323 timeret
1271 1272 1580 1323 denuntiatis
1611 1278 1728 1321 ante
1756 1268 1988 1321 Gesroni
2031 1273 2338 1327 Inimicitias.

272 1344 436 1403 Quum
464 1342 637 1393 Cicero
666 1355 768 1391 non
800 1354 955 1391 ansus
986 1347 1121 1391 esset
1144 1354 1206 1390 eo
1232 1340 1318 1391 die
1337 1341 1506 1391 venire
1541 1341 1594 1389 in
1623 1347 1874 1399 senatum,
1909 1338 1962 1389 in
1992 1354 2120 1391 enm
2157 1345 2340 1394 absen-

270 1420 371 1461 tem
382 1410 708 1460 acerbissime
720 1410 944 1457 cratinae
958 1408 1185 1458 invectus
1203 1416 1309 1458 erat
1331 1408 1596 1457 Antonius.
1625 1404 1718 1457 Oui
1730 1408 1944 1457 orationi
1960 1409 2340 1462 adversariis&

270 1477 444 1529 Cicero
478 1476 575 1527 hac
610 1476 795 1539 scripta
824 1476 1068 1537 oratione,
1105 1489 1236 1538 qnao
1271 1474 1401 1525 intra
1431 1475 1645 1542 legitur,
1681 1475 1967 1541 respondet,
2005 1492 2164 1539 qnam
2197 1481 2338 1547 fingit

270 1560 304 1597 a
352 1561 410 1595 se
458 1544 682 1595 habitam
726 1552 824 1605 tta,
864 1552 1123 1606 tamquam
1172 1544 1218 1592 si
1259 1556 1504 1609 praesens
1553 1545 1804 1609 praesenti
1847 1546 2204 1609 responderet.
2277 1550 2336 1599 V.

268 1613 523 1665 Ciceronis
548 1614 622 1664 ad
642 1610 857 1662 Atticum
882 1613 969 1662 lib.
1004 1610 1141 1661 xvl.
1174 1626 1258 1677 ep.
1301 1612 1381 1663 11.

395 1752 443 1815 1.
480 1751 535 1813 1.
578 1751 853 1825 Quonam
880 1762 1017 1807 meo
1048 1748 1200 1818 I'ato,
1235 1755 1438 1823 patres
1467 1747 1825 1824 conscripti,
1875 1747 2007 1811 fleri
2037 1749 2248 1812 dicam
2279 1762 2334 1813 ut

272 1852 450 1898 nemo
494 1833 589 1894 his
644 1831 821 1895 annis
873 1828 1079 1905 viginti
1124 1830 1210 1893 rei
1249 1830 1528 1907 publicae
1575 1832 1753 1894 ruerit
1800 1831 1997 1895 hostis
2049 1834 2162 1908 qui
2211 1853 2332 1897 non

269 1919 491 1981 bellum
520 1917 738 1979 eodem
773 1926 1043 1991 tempore
1074 1914 1215 1974 mihi
1250 1930 1498 1989 quoque
1528 1913 1856 1975 indixerit?
1893 1916 2017 1976 Nec
2047 1933 2202 1979 vero
2237 1936 2333 1978 ne-

270 2018 451 2065 cesse
472 2010 568 2063 est
596 2015 961 2077 quemquam
988 2014 1027 2059 a
1052 2014 1149 2058 me
1177 1996 1503 2058 nominari=
1543 1998 1864 2059 vobiscum
1894 1998 2014 2073 ipsi
2039 2005 2332 2062 recorda-

268 2085 455 2145 mini?
500 2084 648 2143 Mihi
692 2098 1028 2159 poenarum
1068 2081 1155 2141 illi
1195 2082 1336 2157 plus
1369 2096 1551 2157 quam
1593 2089 1864 2157 optarem
1895 2083 2233 2144 dederunt=
2280 2094 2336 2145 te

268 2167 471 2239 miror,
499 2166 755 2239 Antoni,
786 2180 1045 2241 quorum
1075 2165 1233 2225 tacta
1255 2164 1518 2238 imitere,
1559 2179 1768 2225 eorum
1799 2163 1998 2225 exitus
2037 2182 2162 2226 non
2195 2184 2332 2242 per·

267 2248 656 2310 horrescere.
730 2252 939 2326 Atque
970 2252 1091 2311 hoc
1123 2250 1182 2310 in
1212 2250 1350 2311 aliis
1377 2249 1577 2310 minus
1608 2250 1890 2310 mirabar.
1946 2249 2142 2311 Nemo
2173 2252 2338 2313 enim

262 2330 507 2391 illorum
538 2329 818 2393 inimicus
860 2334 1003 2394 mihi
1048 2333 1161 2394 luit
1201 2334 1612 2395 voluntarius:
1657 2348 1872 2394 omnes
1907 2349 1946 2393 a
1973 2349 2074 2394 me
2102 2334 2195 2394 rei
2224 2352 2334 2411 pu·

262 2413 459 2474 blicae
482 2428 675 2478 causa
701 2418 989 2480 lacessiti.
1037 2418 1127 2477 Tu
1152 2433 1233 2477 ne
1255 2418 1449 2478 verbo
1476 2416 1720 2492 quidem
1745 2415 2028 2489 violatus,
2054 2424 2124 2477 ut
2146 2420 2331 2479 auda-

260 2497 393 2559 cior
415 2512 600 2573 quam
626 2498 897 2577 Catilina,
924 2499 1218 2561 furiosior
1239 2516 1424 2573 quam
1445 2501 1697 2561 Clodius
1719 2498 2020 2571 viderere,
2046 2502 2210 2561 ultro
2234 2519 2336 2561 me

266 2582 603 2648 maledictis
632 2581 954 2655 lacessisti,
986 2590 1268 2655 tuamque
1301 2596 1340 2639 a
1369 2597 1464 2642 me
1485 2582 1910 2645 alienationem
1938 2585 2325 2663 commenda-

264 2670 491 2731 tionem
530 2668 636 2730 tibi
664 2667 743 2727 ad
775 2665 995 2741 impios
1024 2664 1192 2725 cives
1229 2664 1360 2725 fore
1397 2666 1707 2739 putavisti.
1787 2667 1848 2729 2.
1889 2663 2044 2741 Quid
2079 2674 2330 2742 putem?

268 2760 761 2827 contemptumne
804 2756 944 2809 me?
984 2748 1115 2809 Non
1157 2746 1340 2811 video
1369 2764 1482 2810 nec
1512 2750 1572 2810 in
1601 2750 1726 2811 vita
1751 2766 1866 2811 nec
1894 2750 1956 2811 in
1984 2750 2182 2825 gratia
2213 2766 2326 2810 nec

267 2835 328 2894 in
358 2837 543 2896 rebus
572 2834 761 2909 gestis
792 2848 906 2893 nec
937 2832 996 2895 in
1028 2832 1145 2893 hac
1175 2848 1312 2894 mea
1344 2831 1755 2895 mediocritate
1783 2831 2009 2909 ingenii
2041 2833 2192 2907 quid
2223 2835 2332 2893 de-

256 2917 507 2993 spicere
548 2917 745 2992 possit
783 2915 1105 2980 Antonius
1192 2920 1290 2977 An
1331 2915 1391 2977 in
1434 2925 1649 2979 senatu
1678 2916 1960 2978 facillime
1988 2916 2066 2975 de
2095 2934 2194 2977 me
2223 2918 2323 2977 de·
2435 2914 2438 2971 ζ

265 2999 422 3063 trahi
462 3016 652 3075 posse
692 3000 998 3063 credidit?
1044 3000 1147 3077 qui
1190 3001 1342 3063 ordo
1375 2998 1726 3062 clarissimis
1761 2997 1998 3061 civibus
2031 2999 2187 3059 bene
2221 3016 2325 3074 ge·
2436 3004 2437 3007 ’

268 3094 400 3147 stae
437 3081 527 3145 rei
567 3082 849 3159 publicae
884 3082 1288 3147 testimonium
1331 3086 1562 3157 multis,
1603 3082 1747 3143 mihi
1774 3083 1880 3143 uni
1921 3092 2327 3143 conservatae

196 3190 212 3203 ·
268 3167 476 3229 dedit?
515 3170 611 3229 An
643 3167 958 3229 decertare
986 3184 1221 3230 mecum
1245 3165 1434 3228 voluit
1461 3166 1849 3227 contentione
1879 3163 2165 3227 dicendi?
2192 3166 2324 3225 Hoc
2436 3202 2437 3211 ÷

312 3251 513 3311 'tidem
555 3258 651 3311 est
690 3250 1070 3311 beneficium.
1170 3248 1326 3322 Quid
1369 3248 1528 3308 enim
1572 3248 1840 3323 plenius,
1885 3249 2032 3324 quid
2071 3248 2322 3307 uberius

191 3307 479 3459 ggii-{323
496 3332 639 3390 mihi
670 3344 729 3392 et
751 3349 865 3407 pro
894 3347 991 3391 me
1018 3340 1079 3392 et
1112 3337 1323 3391 contra
1352 3329 1676 3390 Antonium
1710 3330 1956 3392 dicere?
1997 3330 2151 3389 Illud
2185 3346 2316 3403 pro·
