2459 3817
296 137 380 203 26
598 136 748 199 PRO
795 136 962 197 SEX.
1007 134 1284 197 Rosclo
1328 131 1675 193 AMERINO
1714 131 1817 191 ΟΒ
1832 130 2016 190 mo.

291 306 444 350 mus.
508 287 652 347 Erat
677 294 802 346 tum
828 282 1145 346 multitudo
1181 282 1569 356 sicariorum,
1610 280 1675 342 id
1705 281 1873 357 quod
1894 295 2337 341 commemora·

291 373 376 431 vit
410 368 700 441 Erucius,
741 376 804 429 et
841 366 1120 427 homines
1177 366 1425 442 impune
1486 362 1937 427 occidebantur.
2013 361 2336 436 Quidvea

290 452 606 514 multitudo
631 466 792 526 quae
819 457 990 511 erat?
1032 448 1292 525 Opinor,
1323 458 1430 510 aut
1455 462 1696 519 eorum,
1734 444 1841 521 qui
1868 446 1929 504 in
1954 443 2136 506 bonis
2164 456 2338 505 erant

291 534 602 610 occupati,
638 542 743 593 aut
771 548 1009 605 eorum,
1053 532 1158 607 qui
1201 532 1281 593 ab
1322 530 1397 592 iis
1428 529 1924 591 conducebantur
1963 536 2029 589 ut
2064 526 2337 603 aliquem

291 617 658 679 occiderent.
726 614 794 675 Si
822 630 933 676 eos
961 623 1172 691 putaS,
1203 613 1310 689 qui
1348 612 1613 674 alienum
1645 610 2044 687 appetebant,
2082 618 2149 670 tu
2178 627 2252 671 es
2274 609 2337 670 in

289 716 366 759 eo
399 714 682 771 numero,
716 696 822 773 qui
851 706 1064 759 nostra
1093 695 1355 772 pecunia
1384 695 1557 757 dives
1600 710 1705 765 es,
1735 692 1830 753 sin
1861 710 2002 766 eos,
2036 708 2201 766 quos
2235 691 2337 768 qui

291 781 518 843 leviore
551 779 796 841 nomine
824 781 1132 855 appellant
1159 794 1562 855 percussores
1590 783 1842 850 vocant,
1874 790 2103 850 quaere
2128 772 2195 833 in
2234 792 2336 835 cu-

287 864 382 924 ius
411 864 534 926 fide
561 863 682 924 sint
711 870 772 924 et
800 863 1106 923 clientela·
1139 860 1508 934 mihicrede,
1529 858 1795 935 aliquem
1815 859 1893 919 de
1915 854 2212 919 societate
2237 868 2338 919 tua

286 946 588 1023 reperies,
619 955 712 1019 et,
741 944 1039 1039 quidquid
1073 953 1137 1004 tu
1165 952 1379 1005 contra
1406 940 1668 1013 dixeris,
1703 940 1768 1001 id
1802 956 1939 1001 cum
1970 938 2336 1001 defensione

286 1037 498 1091 nostra
535 1026 915 1091 contendito.
963 1026 1046 1086 ita
1087 1025 1371 1087 facillime
1410 1041 1599 1087 causa
1639 1022 1783 1083 Sex.
1812 1020 2023 1083 Roscii
2056 1038 2197 1083 cum
2234 1030 2336 1083 tua

286 1110 650 1172 conferetur.
700 1107 801 1169 94.
835 1107 1048 1167 Dices.
1079 1106 1239 1181 Quid
1265 1117 1511 1182 postea,
1543 1105 1597 1167 si
1616 1106 1847 1166 Romae
1876 1103 2173 1167 adsiduus
2206 1104 2337 1166 fui?

284 1192 730 1267 Respondeboa
764 1191 846 1251 At
876 1206 992 1265 ego
1029 1189 1273 1251 omnino
1308 1205 1429 1250 non
1461 1188 1565 1248 t'ui.
1627 1187 1849 1247 Fateor
1894 1203 1989 1247 me
2030 1196 2334 1248 sectorem

283 1290 460 1348 esse,
503 1290 717 1335 verum
745 1272 936 1333 etalii
965 1272 1154 1335 multi.
1221 1274 1304 1333 At
1340 1287 1487 1346 ego,
1528 1277 1595 1331 ut
1624 1277 1747 1331 tute
1786 1270 2023 1345 arguis,
2064 1268 2336 1345 agricola

283 1365 350 1417 et
374 1356 660 1417 rusticus.
726 1356 862 1413 Non
889 1355 1178 1415 continuo
1194 1398 1209 1426 ,
1240 1353 1295 1414 si
1321 1370 1418 1413 me
1438 1352 1501 1413 ιιι
1528 1368 1775 1429 gregem
1800 1351 2159 1414 sicariorum
2186 1369 2335 1413 con·

287 1435 423 1508 tuli,
481 1452 618 1497 sum
644 1434 921 1495 sicarius.
1001 1437 1084 1497 At
1123 1451 1240 1511 ego
1281 1437 1591 1510 profecto,
1647 1434 1753 1510 qui
1795 1452 1871 1495 no
1908 1433 2055 1495 novi
2084 1434 2335 1510 quidem

286 1532 659 1594 quemquam
706 1515 1021 1590 sicarium,
1071 1519 1257 1593 longe
1295 1518 1511 1579 absum
1551 1518 1641 1578 ab
1672 1517 1805 1578 eius
1845 1514 2010 1577 modi
2064 1516 2334 1577 crimine.

283 1602 585 1662 Permulta
614 1606 782 1671 sunt,
815 1615 974 1674 quae
997 1598 1116 1661 dici
1139 1608 1402 1675 possunt
1430 1616 1619 1676 quare
1648 1598 2009 1674 intelligatur
2036 1615 2335 1660 summam

284 1682 393 1745 tibi
428 1684 768 1745 facultatem
809 1680 1001 1743 fuisse
1029 1681 1311 1744 maleficii
1340 1681 1746 1757 suscipiendi,
1780 1698 1939 1756 quae
1979 1698 2102 1742 ιιοιι
2147 1684 2331 1743 modo

261 1767 511 1829 idcirco
535 1774 873 1843 praetereo,
906 1768 1071 1841 quod
1105 1774 1165 1827 te
1192 1764 1396 1841 ipsum
1424 1781 1548 1825 non
1573 1764 1827 1825 libenter
1846 1779 2095 1839 accuso,
2122 1780 2331 1826 verum

283 1864 362 1909 eo
387 1851 582 1923 magis
615 1849 826 1921 etiam,
859 1849 1057 1923 quod,
1083 1848 1138 1909 si
1166 1849 1246 1909 de
1274 1848 1395 1909 illis
1428 1846 1719 1909 caedibus
1746 1846 1929 1907 velim
1967 1862 2329 1909 commemo·

283 1946 454 2002 rare,
506 1946 668 2004 quae
704 1939 829 2005 tum
882 1933 1078 1992 factae
1117 1939 1260 1992 sunt
1299 1929 1415 1991 ista
1458 1930 1672 1989 eadem
1711 1928 1975 2001 ratione,
2026 1948 2151 2005 qua
2189 1930 2327 1991 Sex,

282 2010 548 2071 Roscius
583 2010 828 2072 occisus
867 2020 992 2086 est,
1035 2029 1252 2074 vereor
1278 2030 1357 2072 ne
1386 2013 1466 2072 ad
1493 2013 1701 2085 plures
1742 2011 1933 2073 oratio
1975 2028 2115 2073 mea
2150 2015 2325 2090 perti-

285 2108 432 2153 nere
461 2092 754 2153 videatur.

454 2174 719 2235 XXXIV.
800 2173 902 2235 95.
966 2173 1301 2235 Videamus
1343 2190 1504 2235 nunc
1547 2175 1824 2248 strictim,
1872 2176 2029 2236 sicut
2072 2183 2323 2249 caetera,

291 2274 448 2333 quae
478 2266 621 2333 post
648 2264 902 2317 mortem
932 2256 1073 2317 Sex.
1103 2256 1313 2317 Roscii
1346 2258 1457 2318 abs
1489 2266 1577 2331 te,
1618 2258 1682 2322 T.
1710 2258 1929 2329 Rosci,
1972 2260 2129 2318 sacta
2185 2256 2324 2327 sint;

285 2356 446 2415 quae
470 2339 555 2401 ita
587 2346 800 2414 aperta
828 2347 887 2400 et
912 2338 1237 2401 manifesta
1262 2349 1421 2413 sunt,
1454 2350 1523 2401 ut
1550 2357 1645 2400 me
1678 2340 1815 2401 dius
1844 2340 2046 2412 fidius,
2076 2340 2324 2414 iudiceS,

283 2420 507 2483 invitus
537 2438 612 2483 ea
639 2421 856 2483 dicam.
920 2423 1156 2483 Vereor
1183 2422 1373 2496 enim,
1402 2421 1767 2505 cuicuimodi
1794 2439 1894 2497 es,
1922 2422 1987 2483 Τ.
2016 2422 2223 2495 Rosci,
2254 2440 2327 2483 ne

284 2503 369 2564 ita
393 2503 556 2564 hunc
580 2504 794 2564 videar
821 2502 1096 2567 voluisse
1130 2520 1410 2577 servare,
1450 2513 1521 2565 ‘ut
1552 2504 1656 2567 tibi
1684 2505 1927 2565 omnino
1952 2521 2075 2565 non
2110 2520 2326 2581 peper-

285 2585 488 2645 cerim.
555 2586 747 2659 Quum
777 2586 896 2649 hoc
921 2602 1141 2649 vereor
1169 2596 1231 2648 et
1258 2586 1438 2661 cupio
1468 2586 1575 2647 tibi
1605 2587 1807 2662 aliqua
1834 2604 1913 2647 ex
1942 2596 2131 2662 parte,
2162 2588 2328 2663 quod

285 2670 458 2728 salva
479 2669 602 2729 lide
626 2668 877 2743 possim,
910 2685 1180 2743 parcere,
1208 2685 1423 2729 rursus
1445 2668 1691 2731 immuto
1718 2671 2085 2730 voluntatem
2113 2685 2329 2730 meam.

284 2750 470 2827 Venit
512 2750 672 2810 enlm
716 2750 860 2811 mihi
900 2750 962 2810 ιιι
989 2759 1251 2812 mentem
1296 2751 1419 2811 oris
1457 2749 1562 2811 tui.
1639 2752 1833 2823 Tene,
1878 2769 2062 2826 quum
2104 2751 2331 2812 caeteri

287 2830 443 2891 socii
471 2835 555 2892 tui
585 2834 862 2907 fugerent
891 2846 964 2893 ac
994 2850 1064 2893 se
1094 2835 1489 2903 occultarent,
1525 2843 1589 2894 ut
1617 2836 1735 2894 hoc
1763 2832 2052 2894 iudicium
2086 2849 2210 2892 non
2253 2835 2333 2894 de

283 2913 523 2975 illorum
553 2917 808 2991 praeda,
837 2916 950 2976 sed
977 2916 1055 2975 de
1083 2915 1264 2977 huius
1292 2914 1591 2977 maleficio
1624 2916 1754 2976 fieri
1783 2914 2107 2988 videretur,
2136 2916 2333 2989 potis·

285 2996 503 3057 simum
543 2996 650 3058 tibi
687 3006 896 3072 partes
933 2997 1086 3061 istas
1125 2998 1605 3073 depoposcisse,
1646 3006 1713 3059 ut
1750 2996 1810 3057 in
1852 2996 2074 3058 iudicio
2118 3014 2332 3059 versa-

283 3095 418 3141 rere
447 3088 510 3141 et
535 3080 790 3141 sederes
816 3096 952 3141 cum
980 3088 1379 3142 accusatore?
1446 3080 1577 3154 Qua
1596 3082 1657 3140 in
1684 3096 1753 3140 re
1782 3080 1928 3141 nihil
1955 3080 2121 3141 aliud
2146 3082 2333 3141 adse-

281 3163 522 3239 queris,
576 3161 698 3221 nisi
734 3170 802 3224 ut
838 3164 916 3223 ab
944 3162 1225 3223 omnibus
1267 3163 1616 3225 mortalibus
1658 3162 1913 3225 audacia
1952 3170 2053 3223 tua
2098 3177 2333 3236 cogno·

281 3254 486 3307 scatur
513 3252 576 3306 et
607 3245 993 3343 impudentia.
1063 3245 1164 3307 96.
1223 3246 1441 3307 Occiso
1479 3246 1620 3307 Sex.
1652 3244 1877 3306 Roscio
1895 3247 2072 3321 ,quis
2091 3244 2333 3320 primus
2426 3300 2428 3345 ἰ

290 3326 594 3389 Ameriam
623 3327 890 3392 nuntiat?
958 3327 1198 3389 Mallius
1228 3329 1505 3401 Glaucia,
1547 3344 1727 3403 quem
1756 3327 1875 3387 iam
1916 3333 2097 3388 antea
2130 3324 2333 3388 nomi-

2426 3346 2428 3426 ἱ
