2459 3817
753 234 915 295 CAP.
949 242 1213 297 58—60.
1259 240 1310 301 s.
1343 242 1676 298 151-157.
2093 232 2211 299 171

156 383 343 479 dicat,
388 380 493 480 qui
540 384 650 443 abs
680 393 739 445 te
772 400 990 446 navem
1022 402 1194 446 suam
1229 400 1590 460 mercesque
1621 390 1886 458 repetat,
1940 383 2217 459 refellite,

155 483 204 526 si
235 475 496 541 poter1s=
540 484 741 527 meum
771 477 985 529 testem
1020 469 1330 541 deseram,
1375 468 1477 528 tibi
1521 468 1774 527 favebo:
1817 476 1906 539 te,
1952 467 2216 542 inquam,

154 550 487 642 adiuvabo:
535 550 838 611 ostendito
868 551 1006 613 illos
1042 567 1179 611 cum
1210 551 1480 613 Sertorio
1514 550 1734 624 fuisse,
1769 550 1845 609 ab
1876 548 2092 610 Dianio
2125 552 2217 610 fu-

152 641 385 706 gientes
434 633 514 693 ad
553 632 821 694 Siciliam
862 651 1003 696 esse
1047 635 1305 695 delatos.
1367 632 1523 693 Nihil
1565 642 1660 693 est
1697 634 1864 707 quod
1893 642 1951 693 te
1980 634 2218 693 mallem

154 717 711 811 purobareznullum
743 719 903 779 enim
924 717 1161 779 facinus
1194 718 1362 793 quod
1380 716 1608 777 maiore
1633 715 1935 791 supplicio
1968 716 2218 791 dignum

154 807 230 858 sn
274 814 531 873 repenrl
576 816 781 875 neque
828 799 1089 876 proferri
1141 807 1366 875 potest.
1430 798 1572 860 155.
1633 800 1948 859 Reducam
2003 799 2218 861 iterum

150 881 417 977 equitem
447 883 817 957 Romanum,
869 884 936 943 L.
969 883 1278 955 Flavium,
1329 882 1384 943 si
1412 884 1616 943 voles=
1685 881 1971 955 quoniam
2011 883 2217 957 priore

152 972 419 1036 actione,
461 974 528 1025 ut
555 968 791 1040 patroni
824 967 908 1027 tui
938 966 1240 1038 dictitant,
1281 982 1443 1027 nova
1485 965 1748 1040 quadam
1793 963 2123 1038 sapientia,
2154 976 2220 1026 ut

151 1063 363 1108 omnes
392 1046 758 1123 intelligunt,
795 1049 1173 1109 conscientia
1200 1057 1304 1109 tua
1345 1056 1530 1123 atque
1561 1046 1913 1107 auctoritate
1947 1063 2220 1108 meorum

150 1130 411 1203 testium,
448 1139 665 1191 testem
696 1134 925 1192 nullum
966 1132 1369 1205 interrogasti.
1434 1132 1843 1205 Interrogetur
1868 1128 2132 1201 FlaviuS,
2165 1131 2219 1191 si

147 1216 354 1306 voles,
386 1212 632 1287 quinam
666 1214 843 1274 fuerit
882 1217 945 1275 Ι..
972 1214 1344 1285 Herennius,
1375 1213 1449 1287 is,
1482 1228 1660 1287 quem
1692 1212 1792 1273 ille
1820 1212 2220 1288 argentariam

144 1297 323 1370 Lepti
355 1296 578 1355 recisse
612 1295 785 1356 dicit=
831 1297 935 1371 qui
980 1312 1167 1370 quum
1207 1296 1468 1370 amplius
1515 1304 1755 1356 eentum
1800 1294 1968 1355 cives
1997 1297 2218 1357 Roma·

148 1395 266 1439 nos
316 1377 570 1437 haberet
618 1394 696 1437 ex
736 1387 1041 1439 conventu
1071 1378 1465 1457 Syracusano
1548 1377 1652 1453 qui
1693 1395 1830 1438 eum
1863 1395 1984 1439 non
2018 1381 2216 1441 solum

149 1468 613 1536 cognoscerent,
644 1462 756 1521 sed
786 1461 961 1522 etiam
992 1462 1376 1523 lacrimantes
1405 1476 1478 1521 ac
1502 1470 1561 1522 te
1584 1461 1980 1537 implorantes
2006 1463 2216 1523 defen·

154 1546 394 1617 tierent,
442 1551 643 1604 tamen
695 1544 1178 1620 inspectantibus
1224 1544 1508 1606 omnibus
1555 1544 1967 1623 Syracusanis
2012 1545 2215 1606 securi

149 1642 486 1702 percussus
516 1635 627 1687 est.
696 1628 871 1688 Hunc
922 1645 1172 1703 quoque
1206 1637 1426 1689 testem
1466 1636 1678 1689 meum·
1705 1628 1900 1689 refelli
1947 1637 2007 1687 et
2047 1628 2214 1688 illum

147 1709 520 1770 Herennium
549 1709 961 1770 Sertorianum
992 1712 1185 1771 fuisse
1216 1713 1328 1771 abs
1359 1720 1417 1771 te
1447 1710 1852 1770 demonstrari
1885 1716 1946 1768 et
1970 1709 2219 1783 probari

150 1795 313 1853 volo.
377 1792 499 1852 Lx.
561 1789 701 1853 156.
766 1794 921 1867 Quid
967 1794 1045 1853 de
1095 1794 1195 1853 illa
1243 1792 1622 1853 multitudine
1665 1791 1940 1850 dicemus
1986 1806 2216 1861 eorum,
2277 1810 2284 1817 ·

148 1880 251 1955 qui
283 1876 589 1953 capitibus
610 1875 904 1935 involutis
928 1874 988 1935 in
1012 1875 1348 1948 piratarum
1373 1869 1758 1944 captivorum
1789 1876 2043 1921 numero
2070 1874 2214 1933 pro-

147 1963 560 2031 ducebantur,
608 1968 677 2019 ut
719 1957 925 2017 securi
965 1956 1334 2015 ferirentur?
1409 1953 1578 2026 Quae
1623 1948 1742 2009 ista
1771 1960 1936 2005 nova
1963 1942 2218 2017 diligen·

146 2046 261 2118 tia,
291 2060 473 2119 quam
507 2043 587 2102 ob
624 2056 872 2101 causam
900 2039 1011 2098 abs
1042 2046 1101 2098 te
1127 2033 1515 2110 excogitata?
1553 2048 1632 2091 an
1655 2040 1716 2091 te
1749 2030 1814 2090 L.
1845 2029 2038 2090 Flavii
2076 2045 2213 2089 cae-

145 2139 541 2201 terorumque
572 2126 649 2185 de
670 2123 749 2181 L..
764 2120 1069 2183 Herennio
1102 2117 1458 2179 vociferatio
1494 2114 1960 2176 commovebat?
2004 2129 2081 2172 an
2133 2112 2215 2171 Μ.

144 2210 374 2283 Annii,
404 2207 749 2285 gravissimi
776 2216 961 2281 atque
992 2199 1411 2264 honestissimi
1437 2200 1577 2271 viri,
1615 2214 1852 2259 summa
1884 2196 2214 2257 auctoritas

148 2296 357 2371 paullo
388 2291 827 2367 diligentiorem
873 2286 1362 2359 timidioremque
1403 2285 1674 2344 fecerat?
1717 2281 1820 2355 qui
1862 2294 2060 2353 nuper
2101 2293 2215 2352 pro

146 2375 494 2439 testimonio
525 2391 646 2435 non
676 2374 975 2433 advenam
1009 2368 1219 2430 nescio
1254 2382 1436 2442 quem
1466 2380 1581 2425 nec
1611 2362 1908 2434 alienum,
1938 2362 2051 2421 sed
2078 2374 2218 2420 eum

148 2460 351 2521 civem
377 2460 744 2530 Romanum,
796 2454 901 2530 qui
938 2452 1221 2514 omnibus
1272 2451 1331 2511 in
1374 2449 1476 2509 illo
1509 2454 1814 2508 conventu
1842 2452 2055 2518 notus,
2113 2442 2219 2517 qui

150 2542 482 2619 Syracusis
512 2550 689 2600 natus
720 2546 916 2610 esset,
966 2536 1078 2596 abs
1120 2544 1180 2596 te
1220 2531 1422 2594 securi
1459 2545 1820 2606 percussum
1864 2542 2007 2588 esse
2047 2524 2219 2586 dixit.

150 2625 297 2687 157.
362 2624 507 2686 Post
536 2624 693 2683 lianc
726 2622 966 2682 illorum
999 2616 1530 2685 vociferationem,
1587 2621 1729 2687 post
1763 2613 1921 2669 hane
1949 2624 2220 2671 commu-

148 2726 293 2769 nem
326 2709 548 2767 l'amam
581 2716 761 2781 atque
792 2701 1232 2779 querimoniam
1263 2716 1383 2759 non
1417 2696 1617 2757 mitior
1643 2695 1703 2754 in
1740 2692 2077 2768 supplicio,
2107 2690 2222 2751 sed

149 2792 499 2867 diligentior
538 2806 679 2850 esse
726 2786 949 2863 coepit.
1018 2784 1332 2859 Capitibus
1370 2777 1660 2840 involutis
1701 2778 1868 2836 cives
1908 2776 2222 2835 Romanos

148 2877 233 2935 ad
286 2890 499 2935 necem
540 2874 883 2947 producere
922 2867 1204 2928 institnit:
1254 2880 1415 2939 quos
1454 2870 1655 2923 tamen
1697 2858 1926 2919 idcirco
1966 2858 2225 2919 necabat

150 2959 375 3034 palam,
405 2956 573 3031 quod
603 2954 881 3015 homines
922 2952 983 3011 in
1018 2956 1323 3011 conventu
1349 2944 1522 3005 -id
1560 2943 1730 3019 quod
1758 2950 1938 3003 antea
1973 2941 2100 3003 dixi
2140 2972 2226 2985 —-·

150 3042 403 3102 nimium
432 3038 750 3113 diligenter
772 3036 1155 3111 praedonum
1178 3045 1494 3091 numerum
1517 3025 1926 3101 requirebant.
1956 3023 2227 3084 Haecine

152 3124 321 3201 plebi
349 3124 659 3184 Romanae
688 3129 746 3181 te
780 3126 1060 3194 praetore
1094 3124 1189 3177 est
1218 3111 1544 3192 constituta
1571 3108 1901 3171 condicio?
1939 3107 2092 3166 haec
2125 3120 2226 3165 ne-

151 3208 305 3283 gotii
368 3204 621 3281 gerendi
672 3209 863 3278 spes?
924 3201 1043 3261 hoc
1094 3196 1314 3273 capitis
1369 3195 1655 3268 vitaeque
1685 3191 2057 3252 discrimen?
2117 3186 2226 3244 Pa-

150 3306 372 3351 rumne
401 3288 585 3349 multa
616 3282 1055 3347 mercatoribus
1086 3288 1228 3343 sunt
1268 3275 1622 3339 necessario
1652 3273 1928 3349 pericula
1959 3269 2226 3331 subeun-

151 3375 237 3433 da
272 3376 583 3443 fortunae,
622 3368 739 3429 nisi
770 3366 949 3428 etiam
980 3366 1097 3425 hae
1132 3361 1488 3424 formidines
1528 3359 1606 3418 ab
1647 3354 1876 3416 nostris
1909 3350 2224 3427 magistra-

152 3457 322 3520 tibus
358 3463 543 3532 atque
575 3452 635 3514 in
676 3449 905 3512 nostris
949 3446 1283 3525 provinciis
1325 3439 1806 3517 impendebuntv
1875 3436 1976 3497 Ad
2015 3450 2230 3495 eamne
