2459 3817
287 156 378 255 50
785 168 860 227 ΙΝ
891 167 959 240 Ω.
987 166 1397 227 CAECILIUM
1426 166 1839 227 mleA'rlO.

297 334 418 393 que
446 316 500 377 is
533 332 653 377 non
687 326 804 376 tam
832 322 1078 390 propter
1097 316 1353 375 Verrem
1380 314 1628 387 laborat,
1666 330 1847 389 quam
1870 315 2037 390 quod
2060 332 2199 377 eum
2228 318 2335 378 mi*

295 399 456 459 nime
494 412 594 457 res
634 406 760 459 tota
801 399 1074 458 delectat.
1129 397 1315 457 Videt
1354 396 1543 469 enim,
1584 397 1639 455 si
1676 412 1713 455 a
1754 397 1963 471 pueris
2004 397 2332 473 nobilibuS,

300 494 458 554 quos
497 479 696 539 adhuc
745 478 950 551 elusit,
1002 479 1056 539 si
1099 495 1138 538 a
1182 477 1778 553 quadruplatoribus,
1834 495 1991 553 quos
2031 495 2155 540 non
2198 483 2335 542 sine

301 576 492 620 causa
517 560 881 636 contempsit
919 576 1161 634 semper
1202 575 1275 619 ac
1316 576 1426 634 pro
1470 558 1653 619 nihilo
1695 560 1954 634 putavit,
1998 564 2333 622 accusandi

301 642 578 702 voluntas
620 643 699 701 ad
729 642 892 704 viros
921 644 1110 703 fortes
1143 649 1573 717 spectatosque
1600 641 1876 703 homines
1903 646 2193 703 translata
2234 645 2328 717 sit,

299 738 442 784 sese
468 723 530 782 in
558 723 796 783 iudiciis
825 724 1050 783 diutius
1081 722 1376 784 dominari
1404 738 1527 781 non
1556 738 1762 798 posse.
1804 724 1964 783 vul.
2020 723 2124 783 25.
2171 726 2330 786 Huic

298 821 414 879 ego
442 805 668 867 homini
697 805 815 867 iam
855 814 994 866 ante
1040 803 1379 882 denuntio„
1415 803 1469 864 si
1506 822 1543 865 a
1581 820 1677 863 me
1724 821 1970 865 causam
2014 807 2172 867 hanc
2210 824 2328 870 vos

297 888 395 963 agi
437 888 773 961 volueritis,
815 889 1103 947 rationem
1144 886 1228 946 illi
1270 886 1635 947 defendendi
1676 895 1857 947 totam
1913 903 2055 948 esse
2096 899 2327 949 mutan-

297 971 438 1029 dam
493 978 554 1030 et
607 970 690 1031 ita
745 978 941 1030 tamen
995 969 1371 1041 mutandam,
1423 976 1517 1040 ut,
1570 969 1817 1029 meliore
1868 978 1929 1031 et
1975 969 2328 1031 honestiore

297 1051 655 1112 condicione
717 1066 898 1125 quam
951 1066 1072 1125 qua
1130 1050 1266 1123 ipse
1313 1050 1469 1121 vult,
1532 1048 1791 1110 imitetur
1844 1050 2121 1112 homines
2184 1069 2326 1125 θος,
2440 1112 2442 1135 Ι

299 1148 458 1207 quos
492 1132 628 1206 ipse
671 1132 823 1192 vidit
864 1130 1303 1206 amplissimOS‚
1344 1130 1410 1189 L.
1440 1131 1723 1192 Crassum
1770 1140 1830 1194 et
1870 1132 1949 1192 M.
1978 1134 2326 1207 Antonium,
2440 1148 2442 1205 5

297 1212 401 1289 qui
441 1212 588 1273 nihil
627 1230 696 1274 se
739 1212 1178 1274 arbitrabantur
1215 1213 1296 1272 ad
1347 1211 1570 1273 iudicia
1610 1228 1954 1289 causasque
1994 1214 2325 1276 amicorum

295 1303 535 1370 praeter
557 1296 739 1355 fidem
768 1304 831 1356 et
858 1294 1162 1369 ingenium
1194 1295 1432 1355 adferre
1460 1304 1757 1368 oportere.
1815 1296 1972 1355 Nihil
2018 1296 2130 1358 erit
2160 1300 2321 1371 quod

294 1394 392 1435 me
424 1384 642 1449 agente
669 1376 986 1437 arbitretur
1007 1375 1293 1436 iudicium
1316 1376 1448 1435 sine
1469 1392 1686 1451 magno
1710 1379 2029 1439 multorum
2054 1378 2323 1453 periculo

296 1472 488 1532 posse
513 1456 834 1530 corrumpi.
879 1457 978 1517 26.
1018 1458 1146 1530 Ego
1177 1457 1235 1515 in
1258 1458 1375 1517 hoc
1396 1456 1619 1518 iudicio
1648 1457 1791 1521 mihi
1815 1458 2153 1521 Siculorum
2184 1476 2321 1520 cau·

298 1554 429 1599 sam
455 1546 792 1612 receptam,
834 1538 1047 1613 populi
1077 1538 1333 1598 Romani
1368 1547 1715 1615 susceptam
1753 1556 1896 1602 esse
1937 1542 2229 1614 arbitror,
2261 1551 2325 1602 ut

295 1620 437 1681 mihi
480 1636 603 1680 non
645 1635 802 1679 unus
847 1620 1028 1681 homo
1072 1619 1383 1693 improbus
1424 1622 1859 1696 opprimendus
1902 1624 2008 1695 sit,
2051 1624 2115 1683 id
2159 1625 2323 1698 quod

293 1703 478 1763 Siculi
520 1701 884 1777 petiverunt,
910 1704 1024 1765 sed
1048 1700 1293 1763 omnino
1320 1702 1702 1778 improbitas,
1746 1703 1809 1763 id
1850 1707 2016 1779 quod
2058 1707 2321 1780 populus

289 1787 602 1846 Romanus
629 1784 748 1845 iam
783 1786 888 1847 diu
928 1788 1180 1859 flagitat,
1221 1785 1662 1859 exstinguenda
1698 1792 1882 1861 atque
1927 1788 2187 1847 delenda
2229 1787 2321 1847 sit.

291 1869 358 1925 ln
389 1884 511 1942 quo
549 1867 690 1939 quid
728 1867 870 1928 eniti
897 1875 999 1928 aut
1030 1867 1177 1943 quid
1215 1867 1461 1927 efficere
1499 1865 1735 1941 possim
1764 1869 1922 1927 malo
1966 1869 2025 1928 in
2070 1868 2321 1931 aliorum

294 1962 407 2021 spe
434 1948 780 2021 relinquere
809 1966 990 2024 quam
1016 1949 1075 2009 in
1112 1948 1386 2009 oratione
1413 1964 1549 2009 mea
1581 1965 1827 2023 ponere.

457 2026 556 2087 27.
597 2029 686 2089 Tu
713 2046 890 2102 vero,
927 2031 1173 2101 Caecili,
1205 2031 1352 2106 quid
1380 2038 1599 2104 potes?
1628 2046 1748 2104 quo
1776 2039 2049 2106 tempore
2075 2040 2182 2092 aut
2204 2049 2321 2107 qua

291 2109 350 2169 in
381 2125 449 2171 rc
476 2125 599 2169 non
626 2112 810 2171 modo
841 2112 1094 2171 caeteris
1137 2110 1446 2185 specimen
1476 2111 1725 2187 aliquod
1754 2112 2004 2185 dedisti,
2054 2114 2167 2174 sed
2204 2122 2320 2175 tute

290 2190 378 2252 tui
405 2192 740 2266 periculum
769 2190 1008 2253 fecisti?
1047 2194 1114 2251 ln
1141 2202 1399 2254 mentem
1430 2192 1534 2254 tibi
1564 2210 1687 2255 non
1716 2194 1880 2255 venit
1908 2193 2056 2269 quid
2084 2198 2310 2270 negotii

293 2274 372 2335 sit
399 2290 648 2335 causam
676 2274 980 2350 publicam
1019 2275 1346 2348 sustinere,
1383 2273 1569 2336 vitam
1608 2275 1853 2337 alterius
1899 2284 2085 2336 totam
2133 2277 2319 2351 expu-

291 2370 432 2417 care
471 2364 654 2431 atque
692 2373 825 2418 eam
865 2372 987 2416 non
1013 2357 1196 2418 modo
1225 2356 1286 2415 in
1320 2356 1534 2416 animis
1560 2356 1854 2430 iudicum,
1898 2357 2009 2417 sed
2042 2357 2225 2418 etiam
2262 2358 2321 2417 in

291 2438 484 2498 oculis
519 2447 976 2513 conspectuque
1013 2436 1277 2499 omnium
1317 2453 1653 2512 exponere,
1694 2438 1997 2500 sociorum
2052 2441 2323 2512 salutem,

291 2520 610 2580 commoda
635 2520 1106 2593 provinciarum,
1148 2520 1273 2579 vim
1301 2521 1529 2594 legum,
1572 2520 1924 2593 gravitatem
1964 2519 2322 2582 iudiciorum

291 2600 660 2661 defendere?
701 2602 798 2660 IX.
838 2602 1152 2676 Cognosce
1186 2618 1264 2661 ex
1292 2618 1407 2674 me,
1438 2600 1723 2676 quoniam
1744 2602 1861 2662 hoc
1890 2602 2149 2677 primum
2176 2611 2323 2664 tem·
2434 2644 2436 2647 <

288 2698 408 2757 pus
438 2680 712 2742 discendi
742 2692 954 2744 nactus
983 2700 1080 2755 οε,
1113 2700 1293 2758 quam
1320 2683 1506 2743 multa
1532 2698 1674 2743 esse
1704 2691 1981 2757 oporteat
2007 2683 2068 2743 in
2090 2700 2188 2757 eo,
2222 2684 2325 2761 qui

288 2765 539 2825 alterum
567 2774 843 2826 accuset:
872 2782 952 2826 ex
982 2764 1200 2839 quibus
1231 2764 1286 2825 si
1313 2780 1499 2826 unum
1528 2765 1777 2839 aliquod
1823 2764 1885 2823 in
1926 2774 1986 2825 te
2016 2780 2325 2839 cognove-

287 2845 401 2918 ris,
446 2861 559 2921 ego
600 2846 719 2907 lam
759 2846 870 2907 tibi·
905 2846 1042 2921 ipse
1086 2844 1270 2920 istuc,
1322 2846 1488 2922 quod
1527 2844 1793 2919 expetis,
1835 2862 1969 2905 mea
2012 2847 2327 2908 voluntate

288 2931 638 2989 concedam.
701 2928 961 2989 Primum
990 2927 1386 3004 integritatem
1413 2936 1598 3003 atque
1623 2926 2029 2988 innocentiam
2056 2927 2326 3003 singula-

285 3027 430 3069 rem.
479 3011 634 3069 Nihil
663 3018 757 3071 est
784 3011 941 3071 enim
973 3012 1140 3086 quod
1161 3009 1357 3071 minus
1382 3009 1693 3071 ferendum
1716 3008 1795 3068 sit
1819 3026 2000 3083 quam
2027 3009 2327 3071 rationem

287 3092 364 3152 ab
393 3092 582 3151 altero
614 3092 772 3152 vitae
799 3109 1126 3168 reposcere
1155 3109 1319 3165 eum,
1352 3092 1453 3167 qui
1482 3106 1604 3151 non
1632 3090 1832 3163 possit
1862 3107 2012 3152 suae
2041 3092 2325 3152 reddere.

284 3172 385 3236 28.
441 3174 553 3233 Hic
589 3190 705 3249 ego
737 3174 901 3236 dete
934 3176 1110 3251 plura
1138 3190 1261 3233 non
1290 3171 1515 3234 dicam=
1557 3188 1744 3233 unum
1783 3169 1931 3232 illud
1961 3173 2146 3233 credo
2196 3191 2323 3233 om-

284 3272 398 3316 nes
428 3255 925 3327 animadvertere,
951 3264 1012 3317 tc
1042 3256 1241 3316 adhuc
1270 3272 1307 3315 a
1335 3255 1515 3316 nullis
1544 3252 1660 3314 nisi
1688 3253 1765 3312 ab
1794 3252 2016 3313 Siculis
2042 3254 2326 3327 potuisse

284 3336 611 3411 cognosoi=
642 3336 884 3398 Siculos
905 3336 1028 3397 hoc
1057 3338 1290 3407 dicere,
1324 3353 1504 3408 quum
1534 3334 1730 3396 eidem
1767 3333 1887 3394 sint
1918 3334 2082 3406 irati,
2126 3338 2228 3395 cui
2256 3346 2325 3397 tu
