2459 3817
801 150 964 209 CAP.
1001 158 1154 212 18—
1173 160 1261 211 20.
1304 158 1356 217 S.
1388 160 1649 215 78-85,
2182 159 2266 222 23

205 307 344 360 stus
370 297 484 359 sim
519 298 730 373 vobis,
763 298 1033 374 iudiceS,
1063 309 1169 362 aut
1195 317 1275 360 ne
1301 300 1561 377 ingeniis
1592 301 1813 363 vestris
1852 302 2065 363 videar
2103 302 2261 365 diffi-

199 384 385 454 dere,
431 380 485 442 si
519 382 598 443 de
629 392 751 442 tam
791 382 1140 457 perspicuis
1180 384 1369 445 rebus
1411 384 1637 445 diutius
1674 385 1991 451 disseram.
2057 386 2262 447 Erucii

204 464 542 525 criminatio
571 472 726 537 tota,
757 474 825 525 ut
850 465 1136 537 arbitror,
1169 466 1470 528 dissoluta
1498 476 1619 537 est;
1668 466 1787 527 nisi
1835 470 1992 529 forte
2039 484 2261 543 exspe-

197 547 384 608 ctatis
411 553 480 607 ut
497 546 602 607 illa
631 549 870 619 diluam,
906 564 1065 624 quae
1093 550 1172 609 de
1201 550 1487 623 peculatu
1508 566 1581 610 ac
1612 551 1690 610 de
1719 548 1853 611 eius
1876 550 2043 611 modi
2071 552 2257 613 rebus

199 628 644 691 commenticiis
671 630 942 691 inaudita
979 631 1158 693 nobis
1181 640 1323 692 ante
1350 632 1469 692 hoc
1500 640 1741 707 tempus
1774 648 1849 692 ac
1888 649 2053 693 nova
2093 634 2257 693 obie-

196 712 318 783 cit;
344 726 506 787 quae
527 712 671 772 mihi
693 713 810 774 iste
833 713 1003 775 visus
1027 722 1222 773 estex
1244 714 1368 773 alia
1386 714 1661 777 oratione
1684 715 2044 788 declamare,
2074 732 2259 789 quam

198 796 264 853 in
294 795 478 854 alium
503 811 676 855 reum
707 805 1243 865 commentaretur;
1278 796 1361 857 ita
1400 813 1603 871 neque
1642 798 1724 857 ad
1752 796 1979 857 crimen
2006 798 2244 873 parrici-

197 875 288 936 dii
318 892 521 951 neque
553 880 633 947 ad
663 894 828 954 eum,
861 880 964 953 qui
995 894 1246 939 causam
1274 878 1447 953 dicit,
1480 876 1888 953 pertinebant=
1924 881 2003 941 de
2034 881 2258 956 quibus

205 960 501 1033 quoniam
531 962 720 1021 verbo
747 960 974 1035 arguit,
1013 962 1204 1021 verbo
1255 960 1405 1021 satis
1434 970 1531 1022 est
1569 978 1815 1036 negare.
1873 962 1939 1023 Si
1983 964 2131 1038 quid
2164 972 2260 1023 est

197 1043 376 1116 quod
402 1042 482 1101 ad
509 1050 700 1103 testes
727 1052 1027 1116 reservet,
1076 1042 1158 1102 ibi
1191 1061 1441 1118 quoque
1481 1061 1628 1116 noS,
1670 1053 1737 1105 ut
1780 1043 1842 1104 in
1880 1045 2021 1121 ipsa
2050 1061 2257 1118 causa,

195 1124 542 1199 paratiores
570 1125 836 1199 reperiet
855 1142 1039 1200 quam
1067 1128 1339 1201 putabat.
1382 1126 1564 1185 XXX.
1608 1126 1710 1188 83.
1752 1126 1952 1187 Venio
1978 1144 2139 1187 nunc
2162 1144 2254 1199 eo,
2308 1180 2315 1185 .

197 1222 328 1279 quo
355 1222 454 1265 me
481 1222 606 1266 non
635 1207 935 1283 cupiditas
966 1208 1160 1280 ducit,
1203 1209 1319 1268 sed
1348 1209 1525 1269 fides.
1601 1210 1751 1269 Nam
1783 1226 1837 1270 si
1872 1208 2017 1269 mihi
2042 1208 2259 1269 liberet

194 1303 532 1361 accusare,
579 1304 930 1349 accusarem
975 1289 1130 1349 alios
1163 1290 1401 1364 potiuS,
1446 1306 1527 1351 ex
1568 1291 1789 1366 quibus
1834 1309 2085 1367 possem
2128 1308 2255 1352 cre-

197 1384 408 1431 scere:
444 1372 613 1444 quod
643 1380 871 1431 certum
899 1380 1142 1431 estnon
1171 1373 1391 1446 facere,
1424 1374 1567 1433 dum
1595 1374 1891 1435 utrumvis
1918 1373 2141 1436 licebit.
2194 1374 2256 1433 Is

194 1451 365 1513 enim
398 1452 543 1513 mihi
572 1453 810 1515 videtur
842 1453 1287 1529 amplissimus,
1334 1453 1443 1531 qui
1483 1473 1597 1518 sua
1630 1456 1850 1517 virtute
1889 1455 1951 1515 in
1981 1454 2257 1517 altiorem

199 1546 403 1595 *ocum
435 1536 745 1611 pervenit,
779 1554 902 1597 non
947 1536 1054 1611 qai.
1081 1536 1359 1598 ascendit
1384 1554 1499 1613 per
1526 1538 1773 1599 alterius
1802 1538 2255 1600 incommodum

193 1624 261 1677 et
290 1617 705 1679 calamitatem.
768 1618 1133 1681 Desinamus
1161 1620 1495 1695 aliquando
1522 1637 1597 1681 ea
1620 1620 1897 1695 scrutari,
1933 1638 2091 1696 quae
2112 1629 2256 1683 sunt

197 1700 431 1759 mania=
477 1717 841 1775 quaeramus
870 1702 954 1761 ibi
983 1700 1377 1775 maleficium,
1404 1702 1511 1764 ubi
1534 1712 1596 1763 et
1628 1711 1724 1764 est
1746 1711 1808 1764 et
1832 1702 2092 1763 inveniri
2120 1712 2253 1778 pot·

191 1790 314 1845 est.
377 1784 502 1844 lam
539 1782 873 1859 intelligeS‚
907 1784 1119 1855 Eruci,
1164 1794 1395 1845 certum
1432 1784 1659 1845 crimen
1697 1800 1878 1857 quam
1906 1784 2107 1845 multis
2150 1803 2251 1845 su-

195 1866 580 1940 spicionibus
609 1874 993 1941 coarguatur.
1057 1866 1323 1926 Tametsi
1344 1882 1547 1940 neque
1577 1865 1779 1925 omnia
1800 1865 1997 1925 dicam
2026 1874 2087 1926 et
2104 1866 2252 1926 levi-

193 1957 292 2008 ter
329 1965 518 2009 unum
570 1950 838 2024 quidque
897 1956 1158 2021 tangam.
1232 1948 1446 2022 Neque
1488 1946 1647 2007 enim
1694 1946 1760 2007 id
1798 1948 2092 2021 facerem,
2135 1948 2253 2009 nisi

197 2047 462 2090 necesse
491 2037 688 2101 esset,
729 2037 790 2089 et
817 2028 878 2087 id
908 2030 1023 2089 erit
1049 2028 1206 2103 signi
1235 2046 1332 2091 me
1360 2029 1612 2091 invitum
1652 2031 1883 2104 facere,
1934 2032 2103 2107 quod
2128 2048 2248 2093 non

198 2118 544 2187 persequar
576 2110 847 2186 longius,
891 2127 1076 2186 quam
1104 2112 1271 2172 salus
1299 2112 1481 2177 huius
1522 2121 1583 2174 et
1624 2129 1759 2175 mea
1788 2114 1943 2175 fides
1980 2117 2249 2189 postula-

196 2194 304 2255 bit.
365 2192 468 2256 84.
513 2195 768 2253 Causam
791 2201 855 2254 tu
879 2194 1102 2255 nullam
1125 2194 1477 2270 reperiebas
1500 2195 1560 2255 in
1587 2195 1731 2257 Sex.
1756 2197 2015 2259 Roscio:
2048 2206 2112 2257 at
2132 2212 2247 2271 ego

193 2278 260 2337 in
288 2278 353 2336 T.
383 2276 614 2338 Roscio
639 2276 903 2351 reperio.
966 2278 1190 2337 Tecum
1236 2277 1395 2337 enim
1432 2278 1579 2339 mihi
1623 2296 1727 2339 res
1766 2288 1893 2352 est,
1933 2280 1997 2338 Τ.
2040 2278 2246 2349 Rosci,

197 2360 488 2435 quoniam
512 2358 651 2419 istic
680 2360 865 2420 sedes
895 2375 968 2419 ac
1001 2368 1058 2421 te
1082 2362 1283 2435 palam
1309 2360 1731 2423 adversarium
1758 2376 1903 2421 esse
1920 2361 2248 2435 profiteris.

194 2445 285 2502 De
309 2442 604 2517 Capitone
626 2450 772 2517 post
792 2441 1142 2515 viderimus,
1173 2443 1245 2516 si,
1278 2443 1787 2518 quemadmodum
1808 2450 2084 2517 paratum
2107 2458 2249 2504 esse

190 2526 400 2598 audio,
424 2524 600 2585 testis
625 2524 942 2598 prodierit:
965 2533 1092 2585 tum
1115 2526 1267 2585 alias
1290 2542 1539 2601 quoque
1572 2542 1719 2587 suas
1752 2526 1989 2600 palmas
2022 2541 2251 2601 cogno-

198 2616 358 2679 scet,
399 2608 478 2667 de
509 2605 733 2681 quibus
769 2622 866 2666 me
896 2620 975 2666 ne
1003 2607 1259 2668 audisse
1298 2607 1545 2683 quidem
1574 2607 1940 2683 suspicatur.
1999 2608 2066 2668 1..
2104 2607 2246 2668 Cas-

193 2689 328 2749 sius
358 2688 490 2762 ille,
522 2704 704 2764 quem
731 2690 996 2764 populus
1022 2690 1335 2751 Romanus
1364 2688 1749 2752 verissimum
1778 2699 1839 2751 et
1868 2688 2248 2766 sapientissi-

195 2786 361 2831 mum
388 2770 652 2831 iudicem
683 2772 958 2846 putabat,
987 2770 1337 2834 idemtidem
1359 2772 1421 2832 in
1442 2774 1647 2835 causis
1676 2788 1973 2848 quaerere
1994 2774 2248 2844 solebat,

191 2858 298 2915 cui
329 2854 476 2914 bono
507 2854 738 2927 fuisset.
817 2853 919 2914 Sic
965 2854 1092 2915 vita
1127 2854 1441 2916 hominum
1484 2863 1608 2929 est,
1659 2862 1729 2917 ut
1766 2856 1847 2915 ad
1885 2854 2247 2915 maleficium

196 2952 375 2996 nemo
399 2943 654 2997 conetur
677 2936 810 2997 sine
831 2952 948 3011 spe
959 2945 1146 3011 atque
1167 2941 1573 2999 emolumento
1594 2938 1909 2999 aceedere.
1940 2936 2041 2999 85.
2069 2939 2247 2998 Hunc

192 3017 611 3093 quaesitorem
639 3034 720 3078 ac.
733 3018 996 3080 iudicem
1023 3019 1335 3095 fugiebant
1355 3030 1541 3096 atque
1563 3021 1893 3081 horrebant
1918 3020 1991 3095 ii,
2022 3020 2244 3095 quibus

195 3100 533 3176 periculum
563 3102 910 3174 creabatur,
937 3101 1078 3163 ideo
1110 3103 1307 3176 quod,
1352 3102 1591 3163 tametsi
1616 3102 1889 3165 veritatis
1928 3111 2059 3165 erat
2096 3100 2245 3161 ami-

193 3199 338 3257 ωε,
388 3191 590 3244 tamen
645 3190 860 3244 natura
899 3200 1022 3245 non
1067 3194 1186 3246 tam
1229 3200 1581 3261 propensus
1632 3187 1715 3246 ad
1765 3182 2243 3247 misericordiam

193 3282 380 3341 quam
407 3264 752 3341 implicatus
780 3268 861 3327 ad
891 3266 1279 3329 severitatem
1306 3267 1641 3329 videbatur.
1686 3268 1849 3342 Ego,
1874 3280 2241 3342 quamquam

193 3357 442 3425 praeest
471 3348 615 3409 huic
645 3347 989 3426 quaestioni
1011 3350 1105 3410 vir
1131 3359 1191 3410 et
1213 3358 1425 3411 contra
1444 3349 1761 3411 audaciam
1787 3345 2151 3411 fortissimus
2182 3355 2247 3407 et
