<?xml version="1.0" encoding="UTF-8"?>
<!DOCTYPE html PUBLIC "-//W3C//DTD XHTML 1.0 Transitional//EN"
    "http://www.w3.org/TR/xhtml1/DTD/xhtml1-transitional.dtd">
<html xmlns="http://www.w3.org/1999/xhtml" xml:lang="en" lang="en">
 <head>
  <title>
</title>
<meta http-equiv="Content-Type" content="text/html;charset=utf-8" />
  <meta name='ocr-system' content='tesseract 3.04.00' />
  <meta name='ocr-capabilities' content='ocr_page ocr_carea ocr_par ocr_line ocrx_word'/>
</head>
<body>
  <div class='ocr_page' id='page_1' title='image "./mtulliiciceroni00klotgoog_0332.png"; bbox 0 0 2459 3817; ppageno 0'>
   <div class='ocr_carea' id='block_1_1' title="bbox 844 165 2266 234">
    <p class='ocr_par' dir='ltr' id='par_1_1' title="bbox 844 165 2266 234">
     <span class='ocr_line' id='line_1_1' title="bbox 844 165 2266 234; baseline 0.005 -7"><span class='ocrx_word' id='word_1_1' title='bbox 844 165 1009 228; x_wconf 76' lang='lat' dir='ltr'>CAP.</span> <span class='ocrx_word' id='word_1_2' title='bbox 1039 177 1233 232; x_wconf 77' lang='lat' dir='ltr'><strong>o-s.</strong></span> <span class='ocrx_word' id='word_1_3' title='bbox 1277 173 1332 233; x_wconf 83' lang='lat' dir='ltr'><strong>s.</strong></span> <span class='ocrx_word' id='word_1_4' title='bbox 1367 178 1520 232; x_wconf 80' lang='lat'><strong>13-</strong></span> <span class='ocrx_word' id='word_1_5' title='bbox 1542 177 1628 232; x_wconf 79' lang='lat' dir='ltr'><strong>ie.</strong></span> <span class='ocrx_word' id='word_1_6' title='bbox 2185 170 2266 234; x_wconf 82' lang='lat'><strong>37</strong></span> 
     </span>
    </p>
   </div>
   <div class='ocr_carea' id='block_1_2' title="bbox 167 317 2270 3384">
    <p class='ocr_par' dir='ltr' id='par_1_2' title="bbox 167 317 2269 1393">
     <span class='ocr_line' id='line_1_2' title="bbox 207 317 2268 394; baseline 0 -11"><span class='ocrx_word' id='word_1_7' title='bbox 207 321 427 383; x_wconf 82' lang='lat' dir='ltr'>minem</span> <span class='ocrx_word' id='word_1_8' title='bbox 458 317 829 394; x_wconf 73' lang='lat' dir='ltr'><strong>Africanum,</strong></span> <span class='ocrx_word' id='word_1_9' title='bbox 864 335 945 380; x_wconf 87' lang='lat' dir='ltr'><strong>ex</strong></span> <span class='ocrx_word' id='word_1_10' title='bbox 970 317 1089 381; x_wconf 85' lang='lat' dir='ltr'><strong>hoc</strong></span> <span class='ocrx_word' id='word_1_11' title='bbox 1117 319 1179 380; x_wconf 83' lang='lat' dir='ltr'><strong>C.</strong></span> <span class='ocrx_word' id='word_1_12' title='bbox 1201 319 1490 393; x_wconf 88' lang='lat' dir='ltr'><strong>Laelium,</strong></span> <span class='ocrx_word' id='word_1_13' title='bbox 1521 319 1589 380; x_wconf 90' lang='lat' dir='ltr'><strong>L.</strong></span> <span class='ocrx_word' id='word_1_14' title='bbox 1617 318 1881 394; x_wconf 88' lang='lat' dir='ltr'><strong>Furium,</strong></span> <span class='ocrx_word' id='word_1_15' title='bbox 1911 320 2268 384; x_wconf 86' lang='lat' dir='ltr'><strong>moderatis-</strong></span> 
     </span>
     <span class='ocr_line' id='line_1_3' title="bbox 208 397 2267 476; baseline -0.001 -10"><span class='ocrx_word' id='word_1_16' title='bbox 208 403 401 466; x_wconf 83' lang='lat' dir='ltr'>simos</span> <span class='ocrx_word' id='word_1_17' title='bbox 422 405 699 466; x_wconf 87' lang='lat' dir='ltr'><strong>homines</strong></span> <span class='ocrx_word' id='word_1_18' title='bbox 722 412 785 466; x_wconf 86' lang='lat' dir='ltr'><strong>et</strong></span> <span class='ocrx_word' id='word_1_19' title='bbox 804 397 1379 476; x_wconf 74' lang='lat' dir='ltr'><strong>continentissimus,</strong></span> <span class='ocrx_word' id='word_1_20' title='bbox 1410 420 1489 467; x_wconf 88' lang='lat' dir='ltr'><strong>ex</strong></span> <span class='ocrx_word' id='word_1_21' title='bbox 1509 404 1628 466; x_wconf 89' lang='lat' dir='ltr'><strong>hoc</strong></span> <span class='ocrx_word' id='word_1_22' title='bbox 1653 403 2052 470; x_wconf 75' lang='lat' dir='ltr'><strong>fortissimum</strong></span> <span class='ocrx_word' id='word_1_23' title='bbox 2075 403 2267 467; x_wconf 85' lang='lat' dir='ltr'><strong>virum</strong></span> 
     </span>
     <span class='ocr_line' id='line_1_4' title="bbox 216 485 2267 563; baseline 0 -13"><span class='ocrx_word' id='word_1_24' title='bbox 216 498 271 551; x_wconf 75' lang='lat' dir='ltr'><strong>et</strong></span> <span class='ocrx_word' id='word_1_25' title='bbox 288 487 409 550; x_wconf 90' lang='lat' dir='ltr'><strong>illis</strong></span> <span class='ocrx_word' id='word_1_26' title='bbox 438 487 815 563; x_wconf 80' lang='lat' dir='ltr'><strong>temporibus</strong></span> <span class='ocrx_word' id='word_1_27' title='bbox 836 485 1274 556; x_wconf 83' lang='lat' dir='ltr'><strong>doctissimum.</strong></span> <span class='ocrx_word' id='word_1_28' title='bbox 1299 489 1378 548; x_wconf 85' lang='grc' dir='ltr'><strong>Μ.</strong></span> <span class='ocrx_word' id='word_1_29' title='bbox 1393 488 1686 548; x_wconf 87' lang='lat' dir='ltr'><strong>Catonem</strong></span> <span class='ocrx_word' id='word_1_30' title='bbox 1703 487 1868 548; x_wconf 89' lang='lat' dir='ltr'><strong>illum</strong></span> <span class='ocrx_word' id='word_1_31' title='bbox 1893 499 2137 546; x_wconf 84' lang='lat' dir='ltr'><strong>senem:</strong></span> <span class='ocrx_word' id='word_1_32' title='bbox 2161 486 2267 562; x_wconf 87' lang='lat' dir='ltr'><strong>qui</strong></span> 
     </span>
     <span class='ocr_line' id='line_1_5' title="bbox 210 568 2266 648; baseline 0 -16"><span class='ocrx_word' id='word_1_33' title='bbox 210 573 489 648; x_wconf 77' lang='lat' dir='ltr'><strong>prolecto</strong></span> <span class='ocrx_word' id='word_1_34' title='bbox 518 571 573 630; x_wconf 80' lang='lat' dir='ltr'><strong>si</strong></span> <span class='ocrx_word' id='word_1_35' title='bbox 598 568 745 632; x_wconf 85' lang='lat' dir='ltr'>nihil</span> <span class='ocrx_word' id='word_1_36' title='bbox 776 571 857 632; x_wconf 85' lang='lat' dir='ltr'><strong>ad</strong></span> <span class='ocrx_word' id='word_1_37' title='bbox 894 568 1350 646; x_wconf 78' lang='lat' dir='ltr'><strong>percipiendam</strong></span> <span class='ocrx_word' id='word_1_38' title='bbox 1387 568 1830 645; x_wconf 73' lang='lat' dir='ltr'><strong>colendamque</strong></span> <span class='ocrx_word' id='word_1_39' title='bbox 1861 568 2146 632; x_wconf 86' lang='lat' dir='ltr'><strong>virtutem</strong></span> <span class='ocrx_word' id='word_1_40' title='bbox 2171 571 2266 634; x_wconf 89' lang='lat' dir='ltr'><strong>lit-</strong></span> 
     </span>
     <span class='ocr_line' id='line_1_6' title="bbox 167 653 2265 730; baseline -0.002 -10"><span class='ocrx_word' id='word_1_41' title='bbox 167 716 171 720; x_wconf 77' lang='lat'>.</span> <span class='ocrx_word' id='word_1_42' title='bbox 210 653 355 716; x_wconf 77' lang='lat' dir='ltr'><strong>teris</strong></span> <span class='ocrx_word' id='word_1_43' title='bbox 383 653 842 728; x_wconf 87' lang='lat' dir='ltr'><strong>adiuvarentur,</strong></span> <span class='ocrx_word' id='word_1_44' title='bbox 872 671 1201 730; x_wconf 76' lang='lat' dir='ltr'><strong>numquam</strong></span> <span class='ocrx_word' id='word_1_45' title='bbox 1230 670 1302 716; x_wconf 86' lang='lat' dir='ltr'><strong>se</strong></span> <span class='ocrx_word' id='word_1_46' title='bbox 1331 654 1412 717; x_wconf 90' lang='lat' dir='ltr'><strong>ad</strong></span> <span class='ocrx_word' id='word_1_47' title='bbox 1439 669 1648 718; x_wconf 82' lang='lat' dir='ltr'><strong>earum</strong></span> <span class='ocrx_word' id='word_1_48' title='bbox 1677 653 1944 716; x_wconf 86' lang='lat' dir='ltr'><strong>studium</strong></span> <span class='ocrx_word' id='word_1_49' title='bbox 1973 654 2265 718; x_wconf 82' lang='lat' dir='ltr'><strong>contulis-</strong></span> 
     </span>
     <span class='ocr_line' id='line_1_7' title="bbox 209 736 2266 811; baseline 0 -11"><span class='ocrx_word' id='word_1_50' title='bbox 209 746 360 800; x_wconf 88' lang='lat' dir='ltr'><strong>sent.</strong></span> <span class='ocrx_word' id='word_1_51' title='bbox 456 737 631 811; x_wconf 85' lang='lat' dir='ltr'><strong>Quod</strong></span> <span class='ocrx_word' id='word_1_52' title='bbox 658 736 713 797; x_wconf 90' lang='lat' dir='ltr'><strong>si</strong></span> <span class='ocrx_word' id='word_1_53' title='bbox 749 754 871 799; x_wconf 88' lang='lat' dir='ltr'><strong>non</strong></span> <span class='ocrx_word' id='word_1_54' title='bbox 912 737 1012 798; x_wconf 84' lang='lat' dir='ltr'><strong>hic</strong></span> <span class='ocrx_word' id='word_1_55' title='bbox 1058 746 1260 802; x_wconf 83' lang='lat' dir='ltr'><strong>tantus</strong></span> <span class='ocrx_word' id='word_1_56' title='bbox 1296 742 1528 800; x_wconf 76' lang='lat' dir='ltr'><strong>tructus</strong></span> <span class='ocrx_word' id='word_1_57' title='bbox 1557 738 1982 802; x_wconf 67' lang='lat' dir='ltr'><strong>ostenderetur</strong></span> <span class='ocrx_word' id='word_1_58' title='bbox 2008 745 2071 798; x_wconf 89' lang='lat' dir='ltr'><strong>et</strong></span> <span class='ocrx_word' id='word_1_59' title='bbox 2095 737 2152 798; x_wconf 88' lang='lat' dir='ltr'><strong>si</strong></span> <span class='ocrx_word' id='word_1_60' title='bbox 2183 754 2266 800; x_wconf 82' lang='lat' dir='ltr'><strong>ex</strong></span> 
     </span>
     <span class='ocr_line' id='line_1_8' title="bbox 208 819 2266 896; baseline -0.001 -14"><span class='ocrx_word' id='word_1_61' title='bbox 208 821 303 882; x_wconf 84' lang='lat' dir='ltr'><strong>his</strong></span> <span class='ocrx_word' id='word_1_62' title='bbox 330 820 549 883; x_wconf 89' lang='lat' dir='ltr'><strong>studiis</strong></span> <span class='ocrx_word' id='word_1_63' title='bbox 580 820 899 884; x_wconf 71' lang='lat' dir='ltr'><strong>delectatio</strong></span> <span class='ocrx_word' id='word_1_64' title='bbox 927 822 1064 884; x_wconf 86' lang='lat' dir='ltr'><strong>sola</strong></span> <span class='ocrx_word' id='word_1_65' title='bbox 1089 827 1426 896; x_wconf 89' lang='lat' dir='ltr'><strong>peteretur,</strong></span> <span class='ocrx_word' id='word_1_66' title='bbox 1466 828 1700 893; x_wconf 80' lang='lat' dir='ltr'><strong>tamen,</strong></span> <span class='ocrx_word' id='word_1_67' title='bbox 1730 829 1796 883; x_wconf 93' lang='lat' dir='ltr'><strong>ut</strong></span> <span class='ocrx_word' id='word_1_68' title='bbox 1825 819 2072 896; x_wconf 77' lang='lat' dir='ltr'><strong>opinor,</strong></span> <span class='ocrx_word' id='word_1_69' title='bbox 2105 820 2266 880; x_wconf 84' lang='lat' dir='ltr'><strong>bane</strong></span> 
     </span>
     <span class='ocr_line' id='line_1_9' title="bbox 206 901 2264 968; baseline -0.001 0"><span class='ocrx_word' id='word_1_70' title='bbox 206 904 388 968; x_wconf 84' lang='lat' dir='ltr'><strong>animi</strong></span> <span class='ocrx_word' id='word_1_71' title='bbox 426 904 853 966; x_wconf 81' lang='lat' dir='ltr'><strong>adversionem</strong></span> <span class='ocrx_word' id='word_1_72' title='bbox 889 903 1386 968; x_wconf 80' lang='lat' dir='ltr'><strong>humanissimam</strong></span> <span class='ocrx_word' id='word_1_73' title='bbox 1411 918 1488 968; x_wconf 76' lang='lat' dir='ltr'><strong>ac</strong></span> <span class='ocrx_word' id='word_1_74' title='bbox 1529 902 2008 967; x_wconf 72' lang='lat' dir='ltr'><strong>liberalissimam</strong></span> <span class='ocrx_word' id='word_1_75' title='bbox 2037 901 2264 965; x_wconf 83' lang='lat' dir='ltr'><strong>iudiea-</strong></span> 
     </span>
     <span class='ocr_line' id='line_1_10' title="bbox 205 987 2267 1062; baseline -0.002 -15"><span class='ocrx_word' id='word_1_76' title='bbox 205 987 369 1049; x_wconf 84' lang='lat' dir='ltr'><strong>retis.</strong></span> <span class='ocrx_word' id='word_1_77' title='bbox 450 987 601 1048; x_wconf 76' lang='lat' dir='ltr'><strong>Nam</strong></span> <span class='ocrx_word' id='word_1_78' title='bbox 680 997 922 1050; x_wconf 85' lang='lat' dir='ltr'><strong>ceterae</strong></span> <span class='ocrx_word' id='word_1_79' title='bbox 962 1003 1167 1062; x_wconf 87' lang='lat' dir='ltr'><strong>neque</strong></span> <span class='ocrx_word' id='word_1_80' title='bbox 1203 995 1543 1062; x_wconf 88' lang='lat' dir='ltr'><strong>temporum</strong></span> <span class='ocrx_word' id='word_1_81' title='bbox 1585 995 1728 1047; x_wconf 88' lang='lat' dir='ltr'><strong>sunt</strong></span> <span class='ocrx_word' id='word_1_82' title='bbox 1767 1001 1969 1059; x_wconf 83' lang='lat' dir='ltr'><strong>neque</strong></span> <span class='ocrx_word' id='word_1_83' title='bbox 2000 993 2267 1048; x_wconf 85' lang='lat' dir='ltr'><strong>aetatum</strong></span> 
     </span>
     <span class='ocr_line' id='line_1_11' title="bbox 206 1067 2266 1145; baseline -0.003 -13"><span class='ocrx_word' id='word_1_84' title='bbox 206 1069 475 1133; x_wconf 89' lang='lat' dir='ltr'><strong>omnium</strong></span> <span class='ocrx_word' id='word_1_85' title='bbox 516 1085 719 1145; x_wconf 89' lang='lat' dir='ltr'><strong>neque</strong></span> <span class='ocrx_word' id='word_1_86' title='bbox 755 1072 1060 1132; x_wconf 83' lang='lat' dir='ltr'><strong>locorum=</strong></span> <span class='ocrx_word' id='word_1_87' title='bbox 1119 1070 1276 1134; x_wconf 77' lang='lat' dir='ltr'><strong>haec</strong></span> <span class='ocrx_word' id='word_1_88' title='bbox 1313 1069 1516 1130; x_wconf 84' lang='lat' dir='ltr'><strong>studia</strong></span> <span class='ocrx_word' id='word_1_89' title='bbox 1552 1067 2030 1132; x_wconf 77' lang='lat' dir='ltr'><strong>adolescentiam</strong></span> <span class='ocrx_word' id='word_1_90' title='bbox 2079 1069 2266 1141; x_wconf 85' lang='lat' dir='ltr'><strong>alunt,</strong></span> 
     </span>
     <span class='ocr_line' id='line_1_12' title="bbox 207 1149 2266 1226; baseline -0.001 -12"><span class='ocrx_word' id='word_1_91' title='bbox 207 1159 581 1215; x_wconf 84' lang='lat' dir='ltr'><strong>senectutem</strong></span> <span class='ocrx_word' id='word_1_92' title='bbox 609 1152 943 1224; x_wconf 81' lang='lat' dir='ltr'><strong>oblectant,</strong></span> <span class='ocrx_word' id='word_1_93' title='bbox 994 1149 1301 1212; x_wconf 73' lang='lat' dir='ltr'><strong>secundas</strong></span> <span class='ocrx_word' id='word_1_94' title='bbox 1331 1167 1432 1212; x_wconf 89' lang='lat' dir='ltr'><strong>res</strong></span> <span class='ocrx_word' id='word_1_95' title='bbox 1464 1160 1709 1224; x_wconf 86' lang='lat' dir='ltr'><strong>ornant,</strong></span> <span class='ocrx_word' id='word_1_96' title='bbox 1752 1151 2031 1212; x_wconf 88' lang='lat' dir='ltr'><strong>adversis</strong></span> <span class='ocrx_word' id='word_1_97' title='bbox 2061 1151 2266 1226; x_wconf 83' lang='lat' dir='ltr'><strong>perlu-</strong></span> 
     </span>
     <span class='ocr_line' id='line_1_13' title="bbox 206 1233 2269 1311; baseline -0.001 -15"><span class='ocrx_word' id='word_1_98' title='bbox 206 1235 371 1311; x_wconf 85' lang='lat' dir='ltr'><strong>gium</strong></span> <span class='ocrx_word' id='word_1_99' title='bbox 399 1251 473 1296; x_wconf 85' lang='lat' dir='ltr'><strong>ac</strong></span> <span class='ocrx_word' id='word_1_100' title='bbox 500 1233 797 1296; x_wconf 79' lang='lat' dir='ltr'><strong>solacium</strong></span> <span class='ocrx_word' id='word_1_101' title='bbox 826 1234 1149 1309; x_wconf 76' lang='lat' dir='ltr'><strong>praebent,</strong></span> <span class='ocrx_word' id='word_1_102' title='bbox 1197 1235 1502 1296; x_wconf 86' lang='lat' dir='ltr'><strong>delectant</strong></span> <span class='ocrx_word' id='word_1_103' title='bbox 1540 1233 1733 1307; x_wconf 85' lang='lat' dir='ltr'><strong>domi,</strong></span> <span class='ocrx_word' id='word_1_104' title='bbox 1780 1251 1903 1296; x_wconf 88' lang='lat' dir='ltr'><strong>non</strong></span> <span class='ocrx_word' id='word_1_105' title='bbox 1933 1233 2269 1308; x_wconf 88' lang='lat' dir='ltr'><strong>impediunt</strong></span> 
     </span>
     <span class='ocr_line' id='line_1_14' title="bbox 207 1316 2097 1393; baseline 0.001 -15"><span class='ocrx_word' id='word_1_106' title='bbox 207 1317 389 1393; x_wconf 80' lang='lat' dir='ltr'><strong>roris,</strong></span> <span class='ocrx_word' id='word_1_107' title='bbox 424 1325 785 1393; x_wconf 86' lang='lat' dir='ltr'><strong>pernoctant</strong></span> <span class='ocrx_word' id='word_1_108' title='bbox 811 1317 1160 1391; x_wconf 84' lang='lat' dir='ltr'><strong>nobiscum,</strong></span> <span class='ocrx_word' id='word_1_109' title='bbox 1192 1316 1684 1393; x_wconf 81' lang='lat' dir='ltr'><strong>peregrinantur,</strong></span> <span class='ocrx_word' id='word_1_110' title='bbox 1710 1318 2097 1382; x_wconf 79' lang='lat' dir='ltr'><strong>rusticamur.</strong></span> 
     </span>
    </p>

    <p class='ocr_par' dir='ltr' id='par_1_3' title="bbox 202 1397 2270 3384">
     <span class='ocr_line' id='line_1_15' title="bbox 372 1397 2264 1478; baseline 0 -16"><span class='ocrx_word' id='word_1_111' title='bbox 372 1397 473 1464; x_wconf 88' lang='grc'><strong>17.</strong></span> <span class='ocrx_word' id='word_1_112' title='bbox 502 1401 678 1476; x_wconf 80' lang='lat' dir='ltr'><strong>Quod</strong></span> <span class='ocrx_word' id='word_1_113' title='bbox 698 1399 756 1461; x_wconf 88' lang='lat' dir='ltr'><strong>si</strong></span> <span class='ocrx_word' id='word_1_114' title='bbox 774 1399 900 1477; x_wconf 89' lang='lat' dir='ltr'><strong>ipsi</strong></span> <span class='ocrx_word' id='word_1_115' title='bbox 914 1401 1069 1464; x_wconf 80' lang='lat' dir='ltr'><strong>haec</strong></span> <span class='ocrx_word' id='word_1_116' title='bbox 1092 1417 1294 1477; x_wconf 87' lang='lat' dir='ltr'><strong>neque</strong></span> <span class='ocrx_word' id='word_1_117' title='bbox 1314 1402 1610 1476; x_wconf 84' lang='lat' dir='ltr'><strong>attingere</strong></span> <span class='ocrx_word' id='word_1_118' title='bbox 1631 1417 1836 1478; x_wconf 88' lang='lat' dir='ltr'><strong>neque</strong></span> <span class='ocrx_word' id='word_1_119' title='bbox 1849 1417 2040 1464; x_wconf 88' lang='lat' dir='ltr'><strong>sensu</strong></span> <span class='ocrx_word' id='word_1_120' title='bbox 2051 1407 2264 1464; x_wconf 87' lang='lat' dir='ltr'><strong>nostro</strong></span> 
     </span>
     <span class='ocr_line' id='line_1_16' title="bbox 204 1484 2264 1562; baseline -0.002 -14"><span class='ocrx_word' id='word_1_121' title='bbox 204 1494 453 1562; x_wconf 82' lang='lat' dir='ltr'><strong>gustare</strong></span> <span class='ocrx_word' id='word_1_122' title='bbox 483 1500 841 1561; x_wconf 73' lang='lat' dir='ltr'><strong>possemne,</strong></span> <span class='ocrx_word' id='word_1_123' title='bbox 876 1493 1076 1548; x_wconf 83' lang='lat' dir='ltr'><strong>tamen</strong></span> <span class='ocrx_word' id='word_1_124' title='bbox 1104 1501 1178 1546; x_wconf 87' lang='lat' dir='ltr'><strong>ea</strong></span> <span class='ocrx_word' id='word_1_125' title='bbox 1206 1484 1409 1548; x_wconf 87' lang='lat' dir='ltr'><strong>mirari</strong></span> <span class='ocrx_word' id='word_1_126' title='bbox 1437 1485 1831 1558; x_wconf 79' lang='lat' dir='ltr'><strong>deberemuS,</strong></span> <span class='ocrx_word' id='word_1_127' title='bbox 1867 1485 2047 1548; x_wconf 89' lang='lat' dir='ltr'><strong>etiam</strong></span> <span class='ocrx_word' id='word_1_128' title='bbox 2078 1500 2264 1560; x_wconf 86' lang='lat' dir='ltr'><strong>quum</strong></span> 
     </span>
     <span class='ocr_line' id='line_1_17' title="bbox 204 1565 2264 1642; baseline -0.003 -12"><span class='ocrx_word' id='word_1_129' title='bbox 204 1571 265 1630; x_wconf 89' lang='lat' dir='ltr'><strong>in</strong></span> <span class='ocrx_word' id='word_1_130' title='bbox 304 1567 442 1630; x_wconf 85' lang='lat' dir='ltr'><strong>aliis</strong></span> <span class='ocrx_word' id='word_1_131' title='bbox 482 1567 848 1631; x_wconf 84' lang='lat' dir='ltr'><strong>videremus.</strong></span> <span class='ocrx_word' id='word_1_132' title='bbox 940 1569 1099 1628; x_wconf 81' lang='lat' dir='ltr'><strong>vlu.</strong></span> <span class='ocrx_word' id='word_1_133' title='bbox 1140 1568 1290 1642; x_wconf 83' lang='lat' dir='ltr'><strong>Quis</strong></span> <span class='ocrx_word' id='word_1_134' title='bbox 1332 1575 1606 1633; x_wconf 83' lang='lat' dir='ltr'><strong>nostrum</strong></span> <span class='ocrx_word' id='word_1_135' title='bbox 1636 1578 1758 1630; x_wconf 86' lang='lat' dir='ltr'><strong>tam</strong></span> <span class='ocrx_word' id='word_1_136' title='bbox 1798 1568 2000 1630; x_wconf 85' lang='lat' dir='ltr'><strong>animo</strong></span> <span class='ocrx_word' id='word_1_137' title='bbox 2040 1565 2264 1642; x_wconf 80' lang='lat' dir='ltr'><strong>agresti</strong></span> 
     </span>
     <span class='ocr_line' id='line_1_18' title="bbox 202 1647 2266 1727; baseline -0.003 -11"><span class='ocrx_word' id='word_1_138' title='bbox 202 1669 279 1716; x_wconf 85' lang='lat' dir='ltr'><strong>ac</strong></span> <span class='ocrx_word' id='word_1_139' title='bbox 306 1653 461 1712; x_wconf 87' lang='lat' dir='ltr'><strong>duro</strong></span> <span class='ocrx_word' id='word_1_140' title='bbox 493 1651 631 1726; x_wconf 80' lang='lat' dir='ltr'><strong>ruit,</strong></span> <span class='ocrx_word' id='word_1_141' title='bbox 659 1659 727 1712; x_wconf 90' lang='lat' dir='ltr'><strong>ut</strong></span> <span class='ocrx_word' id='word_1_142' title='bbox 750 1651 961 1712; x_wconf 82' lang='lat' dir='ltr'><strong>Roscii</strong></span> <span class='ocrx_word' id='word_1_143' title='bbox 994 1660 1189 1714; x_wconf 90' lang='lat' dir='ltr'><strong>morte</strong></span> <span class='ocrx_word' id='word_1_144' title='bbox 1217 1668 1415 1727; x_wconf 86' lang='lat' dir='ltr'><strong>nuper</strong></span> <span class='ocrx_word' id='word_1_145' title='bbox 1442 1669 1566 1714; x_wconf 88' lang='lat' dir='ltr'><strong>non</strong></span> <span class='ocrx_word' id='word_1_146' title='bbox 1593 1657 2120 1714; x_wconf 66' lang='lat' dir='ltr'><strong>commoveretur?</strong></span> <span class='ocrx_word' id='word_1_147' title='bbox 2159 1647 2266 1724; x_wconf 89' lang='lat' dir='ltr'><strong>qui</strong></span> 
     </span>
     <span class='ocr_line' id='line_1_19' title="bbox 204 1735 2266 1811; baseline -0.002 -15"><span class='ocrx_word' id='word_1_148' title='bbox 204 1749 393 1811; x_wconf 89' lang='lat' dir='ltr'><strong>quum</strong></span> <span class='ocrx_word' id='word_1_149' title='bbox 420 1741 589 1794; x_wconf 87' lang='lat' dir='ltr'><strong>esset</strong></span> <span class='ocrx_word' id='word_1_150' title='bbox 615 1749 810 1794; x_wconf 81' lang='lat' dir='ltr'><strong>senex</strong></span> <span class='ocrx_word' id='word_1_151' title='bbox 829 1743 1121 1806; x_wconf 85' lang='lat' dir='ltr'><strong>mortuus,</strong></span> <span class='ocrx_word' id='word_1_152' title='bbox 1154 1743 1350 1796; x_wconf 82' lang='lat' dir='ltr'><strong>tamen</strong></span> <span class='ocrx_word' id='word_1_153' title='bbox 1380 1743 1632 1810; x_wconf 88' lang='lat' dir='ltr'><strong>propter</strong></span> <span class='ocrx_word' id='word_1_154' title='bbox 1656 1735 2054 1794; x_wconf 79' lang='lat' dir='ltr'><strong>excellentem</strong></span> <span class='ocrx_word' id='word_1_155' title='bbox 2075 1740 2266 1792; x_wconf 85' lang='lat' dir='ltr'><strong>artem</strong></span> 
     </span>
     <span class='ocr_line' id='line_1_20' title="bbox 204 1813 2264 1888; baseline -0.002 -12"><span class='ocrx_word' id='word_1_156' title='bbox 204 1833 279 1878; x_wconf 84' lang='lat' dir='ltr'><strong>ac</strong></span> <span class='ocrx_word' id='word_1_157' title='bbox 320 1823 700 1876; x_wconf 81' lang='lat' dir='ltr'><strong>venustatem</strong></span> <span class='ocrx_word' id='word_1_158' title='bbox 738 1815 1059 1877; x_wconf 85' lang='lat' dir='ltr'><strong>videbatur</strong></span> <span class='ocrx_word' id='word_1_159' title='bbox 1088 1816 1334 1879; x_wconf 88' lang='lat' dir='ltr'><strong>omnino</strong></span> <span class='ocrx_word' id='word_1_160' title='bbox 1376 1817 1530 1879; x_wconf 89' lang='lat' dir='ltr'><strong>mori</strong></span> <span class='ocrx_word' id='word_1_161' title='bbox 1567 1832 1689 1876; x_wconf 89' lang='lat' dir='ltr'><strong>non</strong></span> <span class='ocrx_word' id='word_1_162' title='bbox 1731 1814 2040 1876; x_wconf 87' lang='lat' dir='ltr'><strong>debuisse.</strong></span> <span class='ocrx_word' id='word_1_163' title='bbox 2101 1813 2264 1888; x_wconf 81' lang='lat' dir='ltr'><strong>Ergo</strong></span> 
     </span>
     <span class='ocr_line' id='line_1_21' title="bbox 206 1895 2265 1973; baseline -0.003 -13"><span class='ocrx_word' id='word_1_164' title='bbox 206 1899 308 1960; x_wconf 86' lang='lat' dir='ltr'><strong>ille</strong></span> <span class='ocrx_word' id='word_1_165' title='bbox 348 1897 629 1973; x_wconf 87' lang='lat' dir='ltr'><strong>corporis</strong></span> <span class='ocrx_word' id='word_1_166' title='bbox 670 1907 839 1959; x_wconf 91' lang='lat' dir='ltr'><strong>motu</strong></span> <span class='ocrx_word' id='word_1_167' title='bbox 878 1905 1109 1965; x_wconf 82' lang='lat' dir='ltr'><strong>tantum</strong></span> <span class='ocrx_word' id='word_1_168' title='bbox 1151 1914 1422 1960; x_wconf 84' lang='lat' dir='ltr'><strong>amorem</strong></span> <span class='ocrx_word' id='word_1_169' title='bbox 1461 1897 1579 1961; x_wconf 86' lang='lat' dir='ltr'><strong>sibi</strong></span> <span class='ocrx_word' id='word_1_170' title='bbox 1618 1896 1971 1960; x_wconf 88' lang='lat' dir='ltr'><strong>conciliarat</strong></span> <span class='ocrx_word' id='word_1_171' title='bbox 2007 1915 2045 1956; x_wconf 83' lang='lat' dir='ltr'><strong>a</strong></span> <span class='ocrx_word' id='word_1_172' title='bbox 2085 1895 2265 1956; x_wconf 88' lang='lat' dir='ltr'><strong>nobis</strong></span> 
     </span>
     <span class='ocr_line' id='line_1_22' title="bbox 207 1979 2265 2052; baseline -0.002 -9"><span class='ocrx_word' id='word_1_173' title='bbox 207 1981 519 2043; x_wconf 86' lang='lat' dir='ltr'><strong>omnibus=</strong></span> <span class='ocrx_word' id='word_1_174' title='bbox 574 1997 691 2042; x_wconf 90' lang='lat' dir='ltr'><strong>nos</strong></span> <span class='ocrx_word' id='word_1_175' title='bbox 730 1981 1067 2042; x_wconf 84' lang='lat' dir='ltr'><strong>animorum</strong></span> <span class='ocrx_word' id='word_1_176' title='bbox 1104 1979 1494 2042; x_wconf 83' lang='lat' dir='ltr'><strong>incredibiles</strong></span> <span class='ocrx_word' id='word_1_177' title='bbox 1533 1989 1734 2043; x_wconf 88' lang='lat' dir='ltr'><strong>motus</strong></span> <span class='ocrx_word' id='word_1_178' title='bbox 1773 1979 2265 2052; x_wconf 85' lang='lat' dir='ltr'><strong>celeritatemque</strong></span> 
     </span>
     <span class='ocr_line' id='line_1_23' title="bbox 205 2060 2266 2142; baseline -0.003 -16"><span class='ocrx_word' id='word_1_179' title='bbox 205 2064 585 2142; x_wconf 81' lang='lat' dir='ltr'><strong>ingeniorum</strong></span> <span class='ocrx_word' id='word_1_180' title='bbox 626 2063 1048 2140; x_wconf 66' lang='lat' dir='ltr'><strong>negligemus?</strong></span> <span class='ocrx_word' id='word_1_181' title='bbox 1128 2062 1227 2126; x_wconf 89' lang='grc'><strong>18.</strong></span> <span class='ocrx_word' id='word_1_182' title='bbox 1271 2060 1566 2139; x_wconf 80' lang='lat' dir='ltr'><strong>Quotiens</strong></span> <span class='ocrx_word' id='word_1_183' title='bbox 1615 2081 1732 2139; x_wconf 85' lang='lat' dir='ltr'><strong>ego</strong></span> <span class='ocrx_word' id='word_1_184' title='bbox 1781 2063 1944 2125; x_wconf 87' lang='lat' dir='ltr'><strong>hunc</strong></span> <span class='ocrx_word' id='word_1_185' title='bbox 1979 2061 2266 2124; x_wconf 86' lang='lat' dir='ltr'><strong>Archiam</strong></span> 
     </span>
     <span class='ocr_line' id='line_1_24' title="bbox 206 2145 2265 2222; baseline -0 -16"><span class='ocrx_word' id='word_1_186' title='bbox 206 2147 365 2222; x_wconf 86' lang='lat' dir='ltr'><strong>vidi,</strong></span> <span class='ocrx_word' id='word_1_187' title='bbox 413 2146 675 2218; x_wconf 89' lang='lat' dir='ltr'><strong>iudices,</strong></span> <span class='ocrx_word' id='word_1_188' title='bbox 706 2179 793 2202; x_wconf 91' lang='lat'><strong>—-.-</strong></span> <span class='ocrx_word' id='word_1_189' title='bbox 822 2156 960 2208; x_wconf 87' lang='lat' dir='ltr'><strong>utar</strong></span> <span class='ocrx_word' id='word_1_190' title='bbox 987 2147 1145 2208; x_wconf 90' lang='lat' dir='ltr'><strong>enim</strong></span> <span class='ocrx_word' id='word_1_191' title='bbox 1182 2157 1387 2212; x_wconf 86' lang='lat' dir='ltr'><strong>vestra</strong></span> <span class='ocrx_word' id='word_1_192' title='bbox 1412 2147 1812 2222; x_wconf 80' lang='lat' dir='ltr'><strong>benignitate,</strong></span> <span class='ocrx_word' id='word_1_193' title='bbox 1849 2145 2138 2221; x_wconf 83' lang='lat' dir='ltr'><strong>quoniam</strong></span> <span class='ocrx_word' id='word_1_194' title='bbox 2167 2161 2265 2205; x_wconf 92' lang='lat' dir='ltr'><strong>me</strong></span> 
     </span>
     <span class='ocr_line' id='line_1_25' title="bbox 206 2229 2265 2306; baseline -0.002 -14"><span class='ocrx_word' id='word_1_195' title='bbox 206 2231 270 2292; x_wconf 91' lang='lat' dir='ltr'><strong>in</strong></span> <span class='ocrx_word' id='word_1_196' title='bbox 297 2231 415 2292; x_wconf 85' lang='lat' dir='ltr'><strong>hoc</strong></span> <span class='ocrx_word' id='word_1_197' title='bbox 442 2246 605 2291; x_wconf 86' lang='lat' dir='ltr'><strong>novo</strong></span> <span class='ocrx_word' id='word_1_198' title='bbox 628 2245 855 2306; x_wconf 84' lang='lat' dir='ltr'><strong>genere</strong></span> <span class='ocrx_word' id='word_1_199' title='bbox 883 2229 1128 2292; x_wconf 89' lang='lat' dir='ltr'><strong>dicendi</strong></span> <span class='ocrx_word' id='word_1_200' title='bbox 1157 2239 1279 2292; x_wconf 87' lang='lat' dir='ltr'><strong>tam</strong></span> <span class='ocrx_word' id='word_1_201' title='bbox 1310 2229 1628 2304; x_wconf 84' lang='lat' dir='ltr'><strong>diligenter</strong></span> <span class='ocrx_word' id='word_1_202' title='bbox 1648 2229 1954 2292; x_wconf 88' lang='lat' dir='ltr'><strong>attenditis</strong></span> <span class='ocrx_word' id='word_1_203' title='bbox 1977 2262 2083 2301; x_wconf 81' lang='grc'><strong>---,</strong></span> <span class='ocrx_word' id='word_1_204' title='bbox 2113 2244 2265 2303; x_wconf 84' lang='lat' dir='ltr'><strong>quo-</strong></span> 
     </span>
     <span class='ocr_line' id='line_1_26' title="bbox 210 2311 2266 2389; baseline -0.002 -15"><span class='ocrx_word' id='word_1_205' title='bbox 210 2313 367 2374; x_wconf 82' lang='lat' dir='ltr'><strong>tiens</strong></span> <span class='ocrx_word' id='word_1_206' title='bbox 388 2330 504 2389; x_wconf 85' lang='lat' dir='ltr'><strong>ego</strong></span> <span class='ocrx_word' id='word_1_207' title='bbox 523 2314 685 2374; x_wconf 89' lang='lat' dir='ltr'><strong>hunc</strong></span> <span class='ocrx_word' id='word_1_208' title='bbox 703 2311 846 2386; x_wconf 83' lang='lat' dir='ltr'><strong>vidi,</strong></span> <span class='ocrx_word' id='word_1_209' title='bbox 871 2331 1057 2388; x_wconf 88' lang='lat' dir='ltr'><strong>quum</strong></span> <span class='ocrx_word' id='word_1_210' title='bbox 1072 2313 1325 2377; x_wconf 85' lang='lat' dir='ltr'><strong>litteram</strong></span> <span class='ocrx_word' id='word_1_211' title='bbox 1343 2312 1698 2389; x_wconf 85' lang='lat' dir='ltr'><strong>scripsisset</strong></span> <span class='ocrx_word' id='word_1_212' title='bbox 1713 2313 1953 2384; x_wconf 86' lang='lat' dir='ltr'><strong>nullam,</strong></span> <span class='ocrx_word' id='word_1_213' title='bbox 1979 2327 2266 2386; x_wconf 81' lang='lat' dir='ltr'><strong>magnum</strong></span> 
     </span>
     <span class='ocr_line' id='line_1_27' title="bbox 210 2394 2266 2472; baseline -0.001 -17"><span class='ocrx_word' id='word_1_214' title='bbox 210 2412 521 2460; x_wconf 87' lang='lat' dir='ltr'><strong>numerum</strong></span> <span class='ocrx_word' id='word_1_215' title='bbox 552 2396 915 2471; x_wconf 83' lang='lat' dir='ltr'><strong>optimorum</strong></span> <span class='ocrx_word' id='word_1_216' title='bbox 945 2414 1230 2460; x_wconf 85' lang='lat' dir='ltr'><strong>versuum</strong></span> <span class='ocrx_word' id='word_1_217' title='bbox 1263 2396 1341 2460; x_wconf 89' lang='lat' dir='ltr'><strong>de</strong></span> <span class='ocrx_word' id='word_1_218' title='bbox 1381 2396 1456 2459; x_wconf 86' lang='lat' dir='ltr'><strong>iis</strong></span> <span class='ocrx_word' id='word_1_219' title='bbox 1496 2394 1652 2472; x_wconf 83' lang='lat' dir='ltr'><strong>ipsis</strong></span> <span class='ocrx_word' id='word_1_220' title='bbox 1689 2397 1906 2466; x_wconf 90' lang='lat' dir='ltr'><strong>rebus,</strong></span> <span class='ocrx_word' id='word_1_221' title='bbox 1953 2411 2112 2470; x_wconf 84' lang='lat' dir='ltr'><strong>quae</strong></span> <span class='ocrx_word' id='word_1_222' title='bbox 2140 2403 2266 2456; x_wconf 90' lang='lat' dir='ltr'><strong>tum</strong></span> 
     </span>
     <span class='ocr_line' id='line_1_28' title="bbox 208 2478 2266 2556; baseline -0.002 -16"><span class='ocrx_word' id='word_1_223' title='bbox 208 2487 558 2554; x_wconf 87' lang='lat' dir='ltr'><strong>agerentur,</strong></span> <span class='ocrx_word' id='word_1_224' title='bbox 591 2478 796 2542; x_wconf 86' lang='lat' dir='ltr'><strong>dicere</strong></span> <span class='ocrx_word' id='word_1_225' title='bbox 826 2495 907 2540; x_wconf 87' lang='lat' dir='ltr'><strong>ex</strong></span> <span class='ocrx_word' id='word_1_226' title='bbox 934 2488 1240 2556; x_wconf 76' lang='lat' dir='ltr'><strong>tempore!</strong></span> <span class='ocrx_word' id='word_1_227' title='bbox 1291 2479 1577 2553; x_wconf 87' lang='lat' dir='ltr'><strong>quotiens</strong></span> <span class='ocrx_word' id='word_1_228' title='bbox 1605 2487 1960 2540; x_wconf 85' lang='lat' dir='ltr'><strong>revocatum</strong></span> <span class='ocrx_word' id='word_1_229' title='bbox 1989 2478 2266 2538; x_wconf 85' lang='lat' dir='ltr'><strong>eamdem</strong></span> 
     </span>
     <span class='ocr_line' id='line_1_29' title="bbox 208 2561 2264 2638; baseline -0 -17"><span class='ocrx_word' id='word_1_230' title='bbox 208 2578 337 2622; x_wconf 86' lang='lat' dir='ltr'><strong>rem</strong></span> <span class='ocrx_word' id='word_1_231' title='bbox 374 2561 580 2623; x_wconf 88' lang='lat' dir='ltr'><strong>dicere</strong></span> <span class='ocrx_word' id='word_1_232' title='bbox 620 2563 999 2625; x_wconf 87' lang='lat' dir='ltr'><strong>commutatis</strong></span> <span class='ocrx_word' id='word_1_233' title='bbox 1040 2562 1244 2624; x_wconf 89' lang='lat' dir='ltr'><strong>verbis</strong></span> <span class='ocrx_word' id='word_1_234' title='bbox 1273 2573 1458 2638; x_wconf 86' lang='lat' dir='ltr'><strong>atque</strong></span> <span class='ocrx_word' id='word_1_235' title='bbox 1495 2561 1844 2624; x_wconf 81' lang='lat' dir='ltr'><strong>sententiis!</strong></span> <span class='ocrx_word' id='word_1_236' title='bbox 1909 2562 2076 2634; x_wconf 78' lang='lat' dir='ltr'><strong>Quae</strong></span> <span class='ocrx_word' id='word_1_237' title='bbox 2117 2575 2264 2620; x_wconf 87' lang='lat' dir='ltr'><strong>vero</strong></span> 
     </span>
     <span class='ocr_line' id='line_1_30' title="bbox 210 2643 2268 2722; baseline -0.001 -17"><span class='ocrx_word' id='word_1_238' title='bbox 210 2655 492 2707; x_wconf 82' lang='lat' dir='ltr'><strong>accurate</strong></span> <span class='ocrx_word' id='word_1_239' title='bbox 522 2645 907 2720; x_wconf 82' lang='lat' dir='ltr'><strong>cogitateque</strong></span> <span class='ocrx_word' id='word_1_240' title='bbox 935 2646 1318 2722; x_wconf 82' lang='lat' dir='ltr'><strong>scripsisset,</strong></span> <span class='ocrx_word' id='word_1_241' title='bbox 1359 2663 1436 2706; x_wconf 87' lang='lat' dir='ltr'><strong>ea</strong></span> <span class='ocrx_word' id='word_1_242' title='bbox 1476 2646 1566 2706; x_wconf 89' lang='lat' dir='ltr'><strong>sic</strong></span> <span class='ocrx_word' id='word_1_243' title='bbox 1610 2644 1736 2704; x_wconf 88' lang='lat' dir='ltr'><strong>vidi</strong></span> <span class='ocrx_word' id='word_1_244' title='bbox 1774 2643 2050 2719; x_wconf 88' lang='lat' dir='ltr'><strong>probari,</strong></span> <span class='ocrx_word' id='word_1_245' title='bbox 2093 2651 2160 2704; x_wconf 89' lang='lat' dir='ltr'><strong>ut</strong></span> <span class='ocrx_word' id='word_1_246' title='bbox 2186 2643 2268 2702; x_wconf 86' lang='lat' dir='ltr'><strong>ad</strong></span> 
     </span>
     <span class='ocr_line' id='line_1_31' title="bbox 212 2724 2266 2808; baseline -0.001 -22"><span class='ocrx_word' id='word_1_247' title='bbox 212 2737 481 2808; x_wconf 80' lang='lat' dir='ltr'><strong>veterum</strong></span> <span class='ocrx_word' id='word_1_248' title='bbox 509 2726 873 2802; x_wconf 87' lang='lat' dir='ltr'><strong>scriptorum</strong></span> <span class='ocrx_word' id='word_1_249' title='bbox 899 2729 1140 2790; x_wconf 85' lang='lat' dir='ltr'><strong>laudem</strong></span> <span class='ocrx_word' id='word_1_250' title='bbox 1178 2727 1548 2805; x_wconf 87' lang='lat' dir='ltr'><strong>perveniret.</strong></span> <span class='ocrx_word' id='word_1_251' title='bbox 1671 2727 1848 2788; x_wconf 90' lang='lat' dir='ltr'><strong>Hunc</strong></span> <span class='ocrx_word' id='word_1_252' title='bbox 1878 2743 1995 2802; x_wconf 86' lang='lat' dir='ltr'><strong>ego</strong></span> <span class='ocrx_word' id='word_1_253' title='bbox 2024 2743 2148 2788; x_wconf 89' lang='lat' dir='ltr'><strong>non</strong></span> <span class='ocrx_word' id='word_1_254' title='bbox 2177 2724 2266 2785; x_wconf 85' lang='lat' dir='ltr'><strong>di·</strong></span> 
     </span>
     <span class='ocr_line' id='line_1_32' title="bbox 208 2809 2270 2886; baseline -0.003 -14"><span class='ocrx_word' id='word_1_255' title='bbox 208 2809 423 2886; x_wconf 87' lang='lat' dir='ltr'><strong>ligam,</strong></span> <span class='ocrx_word' id='word_1_256' title='bbox 459 2825 581 2870; x_wconf 89' lang='lat' dir='ltr'><strong>non</strong></span> <span class='ocrx_word' id='word_1_257' title='bbox 610 2810 901 2884; x_wconf 84' lang='lat' dir='ltr'><strong>admirer,</strong></span> <span class='ocrx_word' id='word_1_258' title='bbox 932 2828 1055 2874; x_wconf 89' lang='lat' dir='ltr'><strong>non</strong></span> <span class='ocrx_word' id='word_1_259' title='bbox 1084 2811 1250 2872; x_wconf 90' lang='lat' dir='ltr'><strong>omni</strong></span> <span class='ocrx_word' id='word_1_260' title='bbox 1275 2811 1510 2872; x_wconf 86' lang='lat' dir='ltr'><strong>ratione</strong></span> <span class='ocrx_word' id='word_1_261' title='bbox 1539 2810 1992 2872; x_wconf 79' lang='lat' dir='ltr'><strong>defendendum</strong></span> <span class='ocrx_word' id='word_1_262' title='bbox 2023 2814 2270 2884; x_wconf 65' lang='lat' dir='ltr'><strong>putemt</strong></span> 
     </span>
     <span class='ocr_line' id='line_1_33' title="bbox 208 2891 2268 2970; baseline -0.001 -16"><span class='ocrx_word' id='word_1_263' title='bbox 208 2896 413 2970; x_wconf 87' lang='lat' dir='ltr'><strong>Atque</strong></span> <span class='ocrx_word' id='word_1_264' title='bbox 428 2892 519 2954; x_wconf 87' lang='lat' dir='ltr'><strong>sie</strong></span> <span class='ocrx_word' id='word_1_265' title='bbox 556 2909 595 2952; x_wconf 85' lang='lat' dir='ltr'><strong>a</strong></span> <span class='ocrx_word' id='word_1_266' title='bbox 634 2892 887 2957; x_wconf 82' lang='lat' dir='ltr'><strong>summis</strong></span> <span class='ocrx_word' id='word_1_267' title='bbox 928 2894 1276 2955; x_wconf 88' lang='lat' dir='ltr'><strong>hominibus</strong></span> <span class='ocrx_word' id='word_1_268' title='bbox 1314 2891 1865 2968; x_wconf 87' lang='lat' dir='ltr'><strong>eruditissimisque</strong></span> <span class='ocrx_word' id='word_1_269' title='bbox 1894 2891 2268 2968; x_wconf 80' lang='lat' dir='ltr'><strong>accepimus,</strong></span> 
     </span>
     <span class='ocr_line' id='line_1_34' title="bbox 210 2976 2268 3051; baseline -0.003 -11"><span class='ocrx_word' id='word_1_270' title='bbox 210 2987 555 3040; x_wconf 88' lang='lat' dir='ltr'><strong>ceter-arum</strong></span> <span class='ocrx_word' id='word_1_271' title='bbox 628 2992 831 3046; x_wconf 75' lang='lat' dir='ltr'><strong>retum</strong></span> <span class='ocrx_word' id='word_1_272' title='bbox 876 2977 1077 3036; x_wconf 88' lang='lat' dir='ltr'><strong>studia</strong></span> <span class='ocrx_word' id='word_1_273' title='bbox 1125 2986 1186 3036; x_wconf 90' lang='lat' dir='ltr'><strong>et</strong></span> <span class='ocrx_word' id='word_1_274' title='bbox 1231 2977 1508 3038; x_wconf 86' lang='lat' dir='ltr'><strong>doctrina</strong></span> <span class='ocrx_word' id='word_1_275' title='bbox 1553 2984 1615 3036; x_wconf 90' lang='lat' dir='ltr'><strong>et</strong></span> <span class='ocrx_word' id='word_1_276' title='bbox 1655 2976 1997 3051; x_wconf 86' lang='lat' dir='ltr'><strong>praeceptis</strong></span> <span class='ocrx_word' id='word_1_277' title='bbox 2039 2983 2101 3037; x_wconf 92' lang='lat' dir='ltr'><strong>et</strong></span> <span class='ocrx_word' id='word_1_278' title='bbox 2137 2983 2268 3035; x_wconf 77' lang='lat' dir='ltr'><strong>arte</strong></span> 
     </span>
     <span class='ocr_line' id='line_1_35' title="bbox 210 3055 2269 3134; baseline -0.002 -14"><span class='ocrx_word' id='word_1_279' title='bbox 210 3067 516 3134; x_wconf 85' lang='lat' dir='ltr'><strong>constare,</strong></span> <span class='ocrx_word' id='word_1_280' title='bbox 580 3061 823 3133; x_wconf 79' lang='lat' dir='ltr'><strong>poetam</strong></span> <span class='ocrx_word' id='word_1_281' title='bbox 857 3068 1069 3120; x_wconf 87' lang='lat' dir='ltr'><strong>natura</strong></span> <span class='ocrx_word' id='word_1_282' title='bbox 1105 3057 1243 3134; x_wconf 85' lang='lat' dir='ltr'><strong>ipsa</strong></span> <span class='ocrx_word' id='word_1_283' title='bbox 1275 3060 1479 3119; x_wconf 88' lang='lat' dir='ltr'><strong>valere</strong></span> <span class='ocrx_word' id='word_1_284' title='bbox 1507 3067 1568 3120; x_wconf 91' lang='lat' dir='ltr'><strong>et</strong></span> <span class='ocrx_word' id='word_1_285' title='bbox 1594 3058 1812 3119; x_wconf 88' lang='lat' dir='ltr'><strong>mentis</strong></span> <span class='ocrx_word' id='word_1_286' title='bbox 1839 3058 2073 3120; x_wconf 88' lang='lat' dir='ltr'><strong>viribus</strong></span> <span class='ocrx_word' id='word_1_287' title='bbox 2103 3055 2269 3119; x_wconf 83' lang='lat' dir='ltr'><strong>exci-</strong></span> 
     </span>
     <span class='ocr_line' id='line_1_36' title="bbox 210 3140 2268 3217; baseline -0.001 -15"><span class='ocrx_word' id='word_1_288' title='bbox 210 3142 326 3202; x_wconf 81' lang='lat' dir='ltr'><strong>tari</strong></span> <span class='ocrx_word' id='word_1_289' title='bbox 358 3150 419 3203; x_wconf 82' lang='lat' dir='ltr'><strong>et</strong></span> <span class='ocrx_word' id='word_1_290' title='bbox 450 3140 627 3217; x_wconf 85' lang='lat' dir='ltr'><strong>quasi</strong></span> <span class='ocrx_word' id='word_1_291' title='bbox 668 3140 876 3203; x_wconf 89' lang='lat' dir='ltr'><strong>divino</strong></span> <span class='ocrx_word' id='word_1_292' title='bbox 910 3143 1174 3217; x_wconf 88' lang='lat' dir='ltr'><strong>quodam</strong></span> <span class='ocrx_word' id='word_1_293' title='bbox 1202 3141 1419 3217; x_wconf 88' lang='lat' dir='ltr'><strong>spiritu</strong></span> <span class='ocrx_word' id='word_1_294' title='bbox 1451 3140 1670 3204; x_wconf 86' lang='lat' dir='ltr'><strong>inflari.</strong></span> <span class='ocrx_word' id='word_1_295' title='bbox 1733 3143 1863 3216; x_wconf 79' lang='lat' dir='ltr'><strong>Qua</strong></span> <span class='ocrx_word' id='word_1_296' title='bbox 1889 3159 1958 3202; x_wconf 93' lang='lat' dir='ltr'><strong>re</strong></span> <span class='ocrx_word' id='word_1_297' title='bbox 1993 3157 2107 3202; x_wconf 89' lang='lat' dir='ltr'><strong>suo</strong></span> <span class='ocrx_word' id='word_1_298' title='bbox 2136 3141 2268 3201; x_wconf 89' lang='lat' dir='ltr'><strong>iure</strong></span> 
     </span>
     <span class='ocr_line' id='line_1_37' title="bbox 212 3221 2266 3301; baseline -0.001 -17"><span class='ocrx_word' id='word_1_299' title='bbox 212 3232 424 3286; x_wconf 89' lang='lat' dir='ltr'><strong>noster</strong></span> <span class='ocrx_word' id='word_1_300' title='bbox 454 3223 557 3286; x_wconf 90' lang='lat' dir='ltr'><strong>ille</strong></span> <span class='ocrx_word' id='word_1_301' title='bbox 584 3224 815 3286; x_wconf 83' lang='lat' dir='ltr'><strong>Ennius</strong></span> <span class='ocrx_word' id='word_1_302' title='bbox 844 3234 1095 3286; x_wconf 89' lang='lat' dir='ltr'><strong>sanctos</strong></span> <span class='ocrx_word' id='word_1_303' title='bbox 1126 3227 1394 3301; x_wconf 85' lang='lat' dir='ltr'><strong>appellat</strong></span> <span class='ocrx_word' id='word_1_304' title='bbox 1421 3228 1670 3301; x_wconf 80' lang='lat' dir='ltr'><strong>poetas,</strong></span> <span class='ocrx_word' id='word_1_305' title='bbox 1712 3226 1879 3300; x_wconf 91' lang='lat' dir='ltr'><strong>quod</strong></span> <span class='ocrx_word' id='word_1_306' title='bbox 1914 3221 2090 3298; x_wconf 88' lang='lat' dir='ltr'><strong>quasi</strong></span> <span class='ocrx_word' id='word_1_307' title='bbox 2119 3223 2266 3283; x_wconf 88' lang='lat' dir='ltr'><strong>deo-</strong></span> 
     </span>
     <span class='ocr_line' id='line_1_38' title="bbox 211 3301 2266 3384; baseline -0.002 -17"><span class='ocrx_word' id='word_1_308' title='bbox 211 3324 341 3367; x_wconf 83' lang='lat' dir='ltr'><strong>rum</strong></span> <span class='ocrx_word' id='word_1_309' title='bbox 372 3307 579 3384; x_wconf 87' lang='lat' dir='ltr'><strong>aliquo</strong></span> <span class='ocrx_word' id='word_1_310' title='bbox 620 3309 786 3369; x_wconf 91' lang='lat' dir='ltr'><strong>dono</strong></span> <span class='ocrx_word' id='word_1_311' title='bbox 824 3316 1012 3383; x_wconf 85' lang='lat' dir='ltr'><strong>atque</strong></span> <span class='ocrx_word' id='word_1_312' title='bbox 1050 3325 1301 3370; x_wconf 88' lang='lat' dir='ltr'><strong>munere</strong></span> <span class='ocrx_word' id='word_1_313' title='bbox 1342 3307 1750 3368; x_wconf 87' lang='lat' dir='ltr'><strong>commendati</strong></span> <span class='ocrx_word' id='word_1_314' title='bbox 1787 3305 1968 3370; x_wconf 88' lang='lat' dir='ltr'><strong>nobis</strong></span> <span class='ocrx_word' id='word_1_315' title='bbox 2007 3319 2151 3365; x_wconf 90' lang='lat' dir='ltr'><strong>esse</strong></span> <span class='ocrx_word' id='word_1_316' title='bbox 2181 3301 2266 3363; x_wconf 83' lang='lat' dir='ltr'><strong>vi-</strong></span> 
     </span>
    </p>
   </div>
  </div>
 </body>
</html>
