2459 3817
232 133 315 200 ‘18
841 139 991 205 mo
1021 142 1086 203 P.
1116 141 1382 204 SESTIO
1413 140 1724 205 ORATIO.

234 295 297 360 ln
326 295 697 358 necessitate
726 293 1152 355 defendendae
1186 295 1585 356 salutis·suae
1613 293 2053 372 praesidioque
2081 300 2232 359 cont
2243 311 2318 358 ra

236 381 359 444 vim
388 389 451 442 et
476 397 717 441 manum
748 379 1183 454 comparando.

358 464 561 525 XLlll.
600 462 703 524 93.
750 461 799 522 Ο
828 461 891 522 di
921 461 1319 523 immortales!
1365 477 1688 538 quemnam
1717 461 2039 524 ostenditis
2067 460 2308 524 exitum

233 547 458 610 nobis?
501 561 683 621 quam
718 561 895 620 spem
936 544 1027 606 rei
1064 545 1347 621 publicae
1375 545 1578 606 datis?
1629 555 1854 620 quotus
1898 545 2166 621 quisque
2209 545 2307 605 in·

234 629 512 692 venietur
536 635 705 689 tanta
734 628 953 689 virtute
980 628 1090 700 vir,
1126 628 1231 702 qui
1261 627 1551 703 optimam
1585 645 1894 704 quamque
1927 645 2178 688 causam
2209 627 2308 688 rei

234 711 518 791 publicae
548 712 973 786 amplectatur,
1008 710 1111 786 qui
1138 710 1320 772 bonis
1353 711 1504 772 viris
1539 710 1871 784 deserviat,
1903 710 2008 786 qui
2041 711 2312 771 solidam

236 796 477 858 laudem
508 810 837 870 veramque
870 801 1165 868 quaerat?
1196 810 1386 870 quum
1419 794 1574 856 sciat
1609 795 1734 857 duo
1768 793 1871 854 illa
1900 793 1989 853 rei
2020 794 2310 868 publicae

236 895 433 960 paene
462 879 603 952 fata,
636 877 956 938 Gabinium
985 886 1046 938 et
1074 877 1374 951 Pisonem,
1411 880 1665 939 alterum
1698 877 1940 937 haurire
1968 877 2191 937 cotidie
2220 893 2305 937 ex

234 962 643 1038 pacatissimis
680 969 864 1036 atque
891 959 1372 1036 opulentissimis
1403 961 1620 1038 Syriae
1659 959 1828 1036 gazis
1861 958 2304 1020 innumerabile

237 1045 481 1122 pondus
512 1044 675 1108 auri:
706 1046 932 1105 bellum
958 1043 1185 1105 inferre
1220 1043 1696 1120 quiescentibus,
1718 1051 1784 1103 ut
1815 1059 2027 1102 eorum
2057 1049 2300 1102 veteres

236 1128 619 1204 illibatasque
673 1127 917 1189 divitias
972 1127 1033 1188 in
1087 1126 1632 1202 profundissimum
1685 1124 1998 1186 libidinum
2050 1141 2302 1186 suarum

236 1213 533 1288 gurgitem
568 1211 925 1286 profundatn
956 1210 1157 1270 villam
1186 1211 1514 1272 aedificare
1545 1209 1605 1270 in
1637 1209 1834 1270 oculis
1865 1207 2132 1270 omnium
2167 1215 2300 1268 tan-

236 1303 389 1366 tam,
422 1293 725 1369 tugurium
753 1302 819 1354 ιιι
852 1293 970 1353 iam
1002 1292 1282 1354 videatur
1310 1308 1454 1354 esse
1487 1293 1590 1353 illa
1616 1291 1788 1364 villa,
1821 1308 2004 1366 quam
2033 1292 2170 1366 ipse
2197 1289 2300 1352 tri-

236 1378 439 1437 bunus
476 1376 673 1450 plebis
699 1374 922 1449 pictam
946 1376 1087 1435 olim
1118 1374 1181 1435 in
1205 1375 1594 1436 contionibus
1621 1375 1984 1450 explicabat,
2023 1390 2148 1450 quo
2179 1376 2300 1434 for-

236 1459 538 1521 tissimum
560 1473 632 1516 ac
656 1474 957 1518 summum
988 1457 1185 1518 civem
1214 1457 1276 1518 in
1304 1459 1594 1519 invidiam
1622 1459 1804 1518 homo
1834 1466 2045 1518 castus
2074 1474 2148 1516 ac
2177 1474 2302 1517 non

240 1541 499 1616 cupidus
527 1549 809 1602 vocaret=
844 1541 945 1602 94.
974 1542 1223 1601 alterum
1249 1541 1581 1603 Thracibus
1611 1557 1684 1602 ac
1712 1541 2014 1601 Dardanis
2041 1539 2302 1615 primum

238 1641 455 1703 pacem
490 1624 753 1686 maxima
795 1622 1057 1700 pecunia
1089 1623 1470 1697 vendidisse,
1508 1625 1728 1687 deinde
1771 1633 1836 1685 ut
1861 1623 1946 1683 illi
1980 1623 2304 1698 pecuniam

240 1711 543 1772 conticere
572 1717 857 1785 possent,
888 1709 1233 1770 vexandam
1275 1707 1350 1769 iis
1377 1707 1798 1769 Macedoniam
1823 1715 1886 1768 et
1913 1706 2300 1782 spolianda-m

239 1794 582 1866 tradidisse,
600 1793 1004 1869 eumdemque
1026 1793 1189 1853 bona
1212 1792 1596 1864 creditorum,
1621 1791 1842 1852 civium
1867 1792 2300 1864 Romanorum,

198 1894 201 1897 ·
239 1893 377 1938 cum
408 1877 783 1939 debitoribus
812 1875 1063 1938 Graecis
1092 1875 1400 1950 divisisse,
1433 1891 1656 1950 cogere
1679 1872 1970 1949 pecunias
2003 1875 2302 1936 maximas

238 1976 275 2020 a
309 1960 762 2039 Dyrrhachinis,
798 1962 1065 2035 spoliare
1090 1960 1442 2033 Thessalos,
1467 1967 1690 2019 certam
1713 1957 1980 2018 Achaeis
2008 1955 2070 2016 in
2099 1973 2302 2018 annos

240 2043 514 2116 singulos
548 2042 864 2117 pecuniam
896 2043 1319 2119 imperavisse,
1350 2058 1552 2118 neque
1585 2051 1783 2102 tamen
1816 2042 1938 2100 ullo
1967 2039 2027 2098 in
2055 2039 2300 2115 publico

238 2134 343 2185 aut
376 2125 664 2199 religioso
694 2127 834 2184 loco
868 2127 1109 2201 signum
1141 2135 1247 2188 aut
1273 2126 1537 2188 tabulam
1569 2133 1672 2185 aut
1712 2131 2134 2184 ornamentum
2165 2123 2300 2184 reli·

240 2206 453 2282 quisse
468 2229 482 2262 ε
498 2207 633 2268 illos
654 2206 745 2267 sic
760 2206 1033 2290 illudere,
1058 2210 1279 2284 quibus
1303 2225 1480 2269 omne
1503 2207 1870 2282 supplicium
1893 2216 2080 2282 atque
2101 2205 2300 2266 omnis

238 2289 370 2350 iure
397 2291 626 2367 optimo
654 2307 853 2364 poena
872 2293 1155 2352 debetur=
1187 2307 1331 2352 reos
1353 2307 1496 2352 esse
1525 2291 1640 2350 hos
1671 2291 1850 2363 duos,
1874 2307 2033 2364 quos
2055 2290 2299 2350 videtis.

240 2371 457 2434 Omitto
499 2374 614 2432 iam
654 2373 1030 2449 Numerium,
1062 2374 1407 2445 Serranum,
1437 2374 1710 2446 Aelium,
1743 2371 2106 2449 quisquilias
2137 2372 2296 2432 sedi-

236 2455 418 2518 tionis
449 2455 807 2516 Clodianae=
851 2458 961 2516 sed
994 2467 1193 2518 tamen
1226 2456 1288 2516 hi
1329 2473 1578 2531 quoque
1611 2455 1792 2517 etiam
1833 2471 1995 2515 nunc
2029 2455 2298 2526 volitant,

236 2547 304 2600 ut
332 2537 571 2611 videtis,
602 2555 749 2611 nec,
794 2538 936 2598 dum
967 2556 1082 2599 vos
1110 2541 1189 2600 de
1218 2539 1398 2601 vobis
1430 2539 1662 2616 aliquid
1702 2537 2022 2612 timebitis,
2053 2537 2142 2598 illi
2169 2553 2298 2599 um·

240 2637 423 2697 quam
453 2622 531 2682 de
559 2638 630 2682 se
660 2621 1109 2699 pertimescent.

404 2703 610 2765 Xle.
664 2704 765 2767 95.
816 2706 965 2766 Nam
1011 2706 1157 2781 quid
1196 2721 1312 2781 ego
1369 2707 1448 2768 de
1485 2707 1683 2767 aedile
1722 2706 1866 2782 ipso
1907 2706 2154 2781 loquar,
2191 2704 2302 2778 qui

238 2785 417 2848 etiam
460 2789 618 2850 diem
659 2787 810 2850 dixit
849 2797 910 2850 et
958 2789 1277 2850 accusavit
1314 2790 1392 2850 de
1432 2789 1492 2851 vi
1535 2791 1863 2850 Milonem?
1944 2790 2158 2863 Neque
2199 2786 2304 2854 hie

236 2879 436 2932 tamen
459 2873 581 2932 ulla
603 2890 891 2948 umquam
915 2872 1129 2934 iniuria
1157 2874 1510 2946 adducetur,
1530 2882 1596 2934 ut
1623 2891 1760 2934 eum
1791 2872 1895 2932 tali
1920 2873 2138 2933 virtute
2169 2879 2302 2930 tan·

236 2962 421 3028 taque
461 2955 739 3016 firmitate
778 2956 961 3017 animi
1004 2974 1073 3018 se
1122 2955 1181 3017 in
1223 2973 1352 3016 rem
1394 2957 1699 3032 publicam
1731 2955 1928 3016 luisse
1957 2953 2304 3030 poeniteat:

238 3037 347 3099 sed
384 3037 485 3112 qui
514 3038 668 3098 haec
698 3039 906 3100 vident
942 3040 1371 3100 adolescentes
1405 3055 1672 3113 quonam
1707 3055 1856 3098 suas
1885 3047 2120 3099 mentes
2154 3051 2304 3096 con·

237 3122 475 3182 serent?
526 3121 663 3194 Ille,
694 3122 799 3196 qui
826 3131 1216 3182 monumenta
1247 3122 1516 3196 publica,
1569 3118 1892 3197 qoeaedes
1921 3137 2163 3194 sacras,
2195 3117 2306 3193 qui

237 3205 457 3266 domos
479 3203 856 3275 inimicorum
886 3221 1131 3264 suorum
1148 3207 1551 3280 oppugnavit,
1578 3206 1856 3274 exscidit,
1874 3202 2161 3274 incendit,
2197 3199 2306 3275 qui

238 3286 497 3362 stipatus
532 3303 776 3361 semper
806 3286 1071 3351 sicariis,
1102 3295 1354 3360 saeptus
1381 3284 1628 3345 armatis
1646 3330 1662 3359 ,
1699 3287 1966 3346 munitus
1995 3284 2305 3345 indicibus

240 3366 367 3440 fuit,
404 3386 659 3442 quorum
693 3367 877 3430 hodie
918 3367 1101 3442 copia
1139 3367 1471 3434 redundat.
1517 3367 1622 3440 qui
1663 3377 1724 3429 et
1763 3369 2148 3443 peregrinam
2175 3383 2304 3426 ma-
