2459 3817
819 104 983 166 cAP.
1025 110 1293 173 27-229·
1337 109 1390 175 S·
1433 109 1698 173 62—67.
2217 99 2302 166 8¹2

239 246 516 321 ciperem
545 244 739 315 oculis
768 262 951 322 quam
982 249 1248 323 populus
1275 249 1608 313 Romanus.
1671 248 1796 313 Iste
1822 245 1972 323 petit
1997 264 2038 307 a
2066 264 2208 323 rege
2237 259 2296 311 et

240 345 379 389 eum
411 328 685 403 pluribus
713 328 921 393 verbis
946 340 1149 406 rogat,
1179 338 1246 393 ut
1271 330 1334 389 id
1361 330 1442 389 ad
1475 346 1544 391 se
1573 328 1793 397 mittete
1838 345 2063 405 cupere
2094 348 2164 390 se
2205 331 2292 391 di-

239 411 323 470 cit
372 411 677 486 inspicere
731 426 933 485 neque
978 428 1048 473 se
1088 412 1223 475 aliis
1259 412 1510 473 videndi
1535 420 1905 487 potestatem
1931 428 2072 473 csse
2103 414 2291 477 factu·

240 510 393 553 rum.
450 492 550 558 65.
610 492 984 564 Αηιίοοὴιιε,
1044 494 1147 569 qui
1188 494 1390 559 animo
1438 502 1500 555 et
1542 494 1762 571 puerili
1799 503 1967 564 esset
2003 504 2065 556 et
2103 495 2288 571 regio,

242 575 389 638 nihil
430 577 509 637 de
551 575 729 643 istius
768 576 1151 653 improbitate
1180 576 1532 653 suspicatus
1575 586 1698 638 est:
1743 577 2000 655 imperat
2039 578 2201 652 suis,
2230 589 2295 641 ut

240 658 305 719 id
355 660 415 717 in
469 659 841 735 praetorium
892 658 1231 725 involutum
1280 676 1462 735 quam
1511 658 1920 722 occultissime
1969 661 2273 723 deferrent

238 740 373 815 Quo
428 749 647 816 postea
696 758 879 817 quam
932 744 1258 807 attulerunt
1295 741 1752 815 involucrisque
1796 741 2038 803 reiectis
2067 743 2292 805 consti-

241 833 515 897 tuerunt,
550 826 811 887 clamare
841 823 957 885 iste
983 826 1217 900 coepit,
1243 824 1490 899 dignam
1514 840 1642 884 rem
1670 839 1812 884 esse
1841 840 2031 899 regno
2055 826 2272 903 Syriae

238 907 483 980 dignam
534 907 705 981 regio
753 922 1031 979 munere,
1085 908 1329 981 dignam
1382 906 1698 980 Capitolio.
1771 905 2006 970 Etenim
2047 917 2174 969 erat
2213 924 2290 967 eo

238 990 601 1064 splendore,
641 988 747 1063 qui
786 1005 867 1049 ex
908 988 1264 1053 clarissimis
1305 997 1366 1049 et
1409 986 1830 1063 pulcherrimis
1860 988 2112 1061 gemmis
2151 1006 2293 1049 esse

242 1072 534 1133 debebat=
580 1088 655 1131 ea
684 1072 975 1133 varietate
1004 1088 1294 1147 operum,
1333 1080 1400 1132 ut
1427 1087 1527 1134 ars
1559 1079 1792 1132 certare
1820 1070 2128 1139 videretur
2156 1087 2290 1131 eum

237 1153 456 1227 copia=
488 1169 561 1213 ca
588 1153 1029 1228 magnitudine,
1069 1162 1139 1214 ut
1166 1153 1415 1227 intelligi
1443 1160 1658 1227 pessel¹
1695 1168 1818 1211 non
1864 1154 1946 1218 ad
1983 1152 2290 1221 hominum

240 1243 636 1309 apparatum,
664 1235 778 1295 sed
803 1236 885 1296 ad
910 1235 1270 1309 amplissimi
1298 1234 1504 1309 templi
1543 1243 1818 1295 ornatum
1863 1251 2004 1300 esse
2054 1236 2292 1305 saeuum-

240 1316 443 1389 Quum
472 1316 623 1377 satis
658 1314 777 1383 iam
804 1317 1207 1393 perspexisse
1245 1316 1583 1389 videretur,
1625 1317 1833 1381 tollere
1863 1316 2186 1393 incipiunt,
2228 1324 2290 1377 ut

201 1475 209 1481 .
238 1400 555 1461 referrent.
616 1398 739 1463 Iste
767 1398 852 1465 ait
884 1416 955 1462 se
984 1399 1140 1459 velle
1167 1399 1318 1460 illud
1354 1398 1534 1460 etiam
1561 1407 1750 1473 atque
1788 1398 1971 1463 etiam
2009 1398 2286 1465 conside·

239 1498 407 1551 rare·
438 1497 825 1557 nequaquam
858 1497 929 1544 se
959 1498 1103 1545 esse
1132 1483 1434 1574 satiatum:
1491 1482 1664 1545 Iubet
1690 1481 1828 1541 illos
1862 1480 2184 1550 discedere
2233 1492 2285 1540 e·

239 1564 677 1627 candelabrum
708 1563 1073 1641 relinquere.
1137 1564 1242 1625 Sic
1280 1564 1364 1625 illi
1413 1559 1529 1625 iam
1561 1564 1784 1627 inanes
1817 1566 1898 1627 ad
1923 1565 2283 1629 Antiochum

239 1654 637 1711 revertuntur

405 1730 615 1795 XXIX
670 1728 773 1797 66
826 1730 962 1792 Rex
1001 1729 1195 1806 primo
1245 1727 1391 1792 nihil
1433 1737 1732 1799 metuere,
1775 1727 1918 1787 nihil
1960 1725 2292 1801 suspicari:

238 1812 373 1875 dies
406 1829 597 1885 unuS,
628 1813 809 1887 alter,
843 1814 1087 1889 plures·
1122 1828 1246 1874 non
1275 1810 1507 1873 referri.
1569 1810 1721 1873 Tum
1751 1808 1954 1882 mittit,
2002 1808 2057 1869 si
2089 1807 2289 1877 videa-

240 1903 363 1968 tur,
390 1904 461 1959 'ut
484 1857 717 1957 red'dat
777 1896 951 1960 Iubet
978 1894 1097 1957 iste
1122 1892 1430 1970 posterius
1457 1892 1540 1955 ad
1567 1908 1638 1955 se
1665 1890 1905 1953 reverti.
1965 1890 2182 1953 Mirum
2208 1887 2294 1951 illi

248 1977 459 2043 videri.
521 1975 705 2039 Mittit
726 1975 971 2041 iterum=
1030 1992 1154 2039 non
1193 1974 1486 2041 redditur.
1551 1976 1694 2052 lpse
1733 1972 2036 2039 hominem
2078 1975 2292 2049 appel-

245 2061 353 2121 lat.
382 2066 560 2133 rogat
588 2066 657 2119 ut
682 2058 917 2123 reddat.
980 2058 1062 2121 Os
1090 2056 1354 2123 hominis
1390 2056 1817 2133 insignemque
1855 2056 2290 2133 impudentiam

220 2141 619 2217 cognoscite.
680 2140 859 2215 Quod
887 2142 1097 2214 sciret,
1130 2140 1298 2217 quod
1329 2155 1410 2203 ex
1435 2139 1574 2215 ipso
1604 2156 1750 2213 rege
1793 2140 2067 2203 audisset
2089 2138 2152 2200 in
2182 2138 2288 2200 Ca-

244 2224 462 2300 pitolio
498 2240 641 2289 esse
682 2224 1067 2299 ponendum,
1118 2224 1286 2299 quod
1315 2224 1450 2283 Iovi
1499 2222 1730 2299 optimo
1782 2222 2078 2294 maximo,
2125 2222 2286 2296 quod

244 2307 477 2383 populo
504 2308 782 2371 Romano
812 2306 1041 2373 servari
1075 2306 1339 2379 videret,
1390 2305 1456 2365 id
1500 2305 1616 2371 sibi
1659 2314 1723 2366 ut
1750 2306 2030 2375 donaret,
2074 2319 2292 2377 rogare

241 2399 307 2451 et
340 2387 875 2453 vehementissime
905 2396 1113 2465 petere
1142 2388 1372 2463 eoepit..
1433 2388 1626 2463 Quum
1668 2387 1770 2451 ille
1798 2403 1869 2451 se
1897 2393 1960 2453 et
1999 2384 2292 2459 religione

242 2470 411 2534 lovis
447 2470 767 2548 Capitolini
792 2470 1199 2538 athomum
1237 2469 1682 2537 existimatione
1719 2466 2001 2545 impediri
2046 2466 2289 2540 diceret,

242 2554 415 2629 quod
445 2555 665 2619 multae
697 2553 973 2617 nationes
995 2562 1185 2619 testes
1217 2561 1430 2617 essent
1463 2553 1624 2615 illius
1653 2552 1860 2627 operis
1893 2568 1966 2615 ac
2008 2550 2292 2623 muneriS‚

242 2638 363 2698 iste
412 2635 641 2701 homini
688 2636 901 2699 minari
946 2636 1244 2699 acerrime
1283 2635 1502 2713 coepit.
1563 2634 1682 2697 Ubi
1721 2634 1888 2695 videt
1923 2650 2062 2697 eum
2107 2634 2292 2693 nihilo

241 2717 449 2793 magis
468 2718 646 2785 minis
678 2735 857 2793 quam
884 2719 1173 2795 precibus
1216 2718 1552 2790 removeri,
1587 2726 1840 2792 repente
1877 2716 2182 2777 hominem
2217 2716 2294 2775 de

242 2800 565 2877 provincia
585 2800 753 2863 iubet
778 2810 919 2865 ante
946 2810 1185 2865 noctem
1216 2802 1548 2867 decedere·
1589 2800 1680 2863 ait
1712 2816 1783 2863 se
1809 2798 2186 2878 comperisse
2215 2814 2295 2859 ex

240 2884 383 2949 eius
414 2899 604 2958 regno
636 2883 865 2958 piratas
894 2884 975 2947 ad
1004 2883 1274 2949 Siciliam
1299 2899 1444 2947 esse
1470 2891 1780 2947 venturos.
1843 2880 1946 2943 67.
2011 2884 2142 2943 Rex
2171 2896 2295 2943 ma·

172 3014 175 3017 .
242 2966 412 3031 ximo
442 2974 747 3031 conventu
770 2964 1124 3045 Syracusis,
1166 2966 1227 3028 in
1258 2967 1426 3037 foro,
1467 2981 1546 3024 ne
1589 2966 1730 3041 quis
1769 2965 1921 3029 forte
1949 2981 2048 3027 me
2075 2964 2136 3029 in
2181 2962 2296 3029 cri-

244 3049 409 3109 mine
440 3049 711 3111 obscuro
728 3048 961 3111 versari
989 3057 1174 3121 atque
1198 3049 1510 3124 adfingere
1537 3046 1774 3122 aliquid
1801 3045 2140 3123 suspicioni
2186 3044 2294 3105 ho·

243 3130 474 3191 minum
514 3130 861 3202 arbitretur,
944 3131 1005 3191 in
1064 3132 1233 3204 roro,
1291 3130 1570 3205 inquam,
1621 3127 1950 3207 syracusis
2007 3125 2166 3187 flens
2223 3138 2296 3182 ac

246 3214 406 3273 deos
432 3211 834 3289 hominesque
868 3221 1252 3283 comestam,
1294 3213 1556 3277 clamare
1586 3209 1818 3285 coepit,
1866 3209 2294 3269 candelabrum

248 3297 473 3357 factum
504 3295 846 3371 egemmis,
878 3296 1041 3370 quod
1069 3294 1131 3355 in
1163 3292 1848 3371 Capitoliummissurus
1891 3298 2086 3362 esset,
2130 3289 2294 3367 quod
