2459 3817
300 152 428 217 204
692 152 794 213 DE
826 148 1140 233 IMPERIO
1174 150 1288 211 CN.
1315 150 1623 212 ΡΟΜΡΕΠ
1654 150 1957 213 ORATIO.

297 304 545 381 quando
584 300 685 363 isti
728 300 1035 377 principes
1076 309 1138 363 et
1166 298 1285 361 sibi
1335 310 1398 365 et
1443 301 1661 364 ceteris
1694 301 1908 378 populi
1939 302 2199 363 Romani
2229 302 2357 365 uni-

294 384 461 448 versi
509 383 853 447 auctoritati
900 383 1240 458 parendum
1289 399 1434 445 esse
1479 386 1796 446 fateantur.
1883 386 2088 460 Atque
2132 386 2194 445 in
2236 387 2359 448 hoc

296 470 457 531 bello
486 466 769 529 Asiatico
812 475 874 527 et
908 466 1081 541 regio
1110 482 1233 527 non
1270 468 1472 529 solum
1497 466 1772 529 militaris
1799 467 1904 529 illa
1932 468 2156 542 virtus,
2201 486 2360 545 quae

295 559 390 613 est
430 551 494 611 iu
539 549 645 611 Cn.
688 548 982 625 Pompeio
1026 548 1388 625 singularis,
1437 551 1551 612 sed
1601 550 1759 614 aliae
1810 566 2059 626 quoque
2105 550 2359 613 virtutes

295 633 481 695 animi
523 649 781 709 magnae
824 641 886 695 et
922 634 1147 695 multae
1186 632 1598 708 requiruntur.
1663 632 1927 695 Difficile
1970 643 2066 697 est
2096 633 2158 696 in
2185 635 2356 706 Asia,

296 716 532 791 Cilicia,
575 714 757 795 Syria
784 715 1117 795 regnisque
1144 713 1500 777 interiorum
1535 714 1844 777 nationum
1879 714 1962 777 ita
1987 717 2224 779 versari
2251 735 2359 778 no·

295 812 486 863 strum
526 798 954 875 imperatorem
970 845 987 873 ,
1028 804 1095 860 ut
1127 798 1276 859 nihil
1303 798 1468 860 aliud
1497 798 1616 860 nisi
1647 799 1726 859 de
1757 799 1936 861 hoste
1964 815 2038 861 ac
2073 800 2151 861 de
2179 801 2358 861 laude

295 882 539 961 cogitet.
609 882 845 945 Deinde
894 882 1074 943 etiam
1116 882 1169 942 si
1212 880 1319 957 qui
1360 889 1505 943 sunt
1549 882 1790 957 pudore
1837 899 1912 943 ac
1961 884 2358 959 ,temperantia

292 964 753 1037 moderatioreS,
788 974 987 1031 tamen
1018 980 1130 1027 eos
1160 980 1306 1027 esse
1331 965 1486 1027 tales
1518 973 1774 1041 propter
1789 965 2232 1030 multitudinem
2255 982 2384 1041 cus

292 1050 579 1127 pidorum
615 1046 927 1111 hominum
957 1062 1137 1110 nemo
1168 1046 1510 1110 arbitratur.
1583 1046 1687 1111 65.
1749 1046 2014 1111 Difficile
2045 1056 2142 1111 est
2173 1049 2360 1125 dictu,

298 1132 593 1209 QuiriteS‚
640 1140 868 1209 quanto
915 1130 977 1191 in
1024 1129 1167 1193 odio
1214 1129 1406 1191 simus
1435 1130 1602 1207 apud
1631 1138 1876 1193 exteras
1907 1131 2190 1195 nationes
2217 1148 2360 1207 pro-

293 1225 431 1290 pter
471 1231 713 1288 eorum,
761 1230 921 1291 quos
966 1214 1047 1275 ad
1087 1230 1197 1275 eas
1225 1230 1339 1289 per
1363 1214 1482 1275 hos
1511 1229 1710 1275 annos
1737 1230 1898 1277 cum.
1909 1214 2170 1291 imperio
2195 1215 2360 1277 misi·

292 1316 463 1372 muS,
504 1296 793 1359 libidines
827 1306 888 1360 et
916 1296 1189 1357 iniurias,
1253 1296 1432 1371 Quod
1473 1298 1631 1359 enim
1661 1299 1866 1359 fanum
1897 1297 2122 1374 putatis
2149 1296 2213 1358 in
2239 1297 2358 1359 illis

295 1382 473 1443 terris
503 1380 731 1463 nestris
766 1378 1215 1454 magistratibus
1243 1378 1633 1455 religiosum,
1676 1396 1858 1457 quam
1887 1379 2189 1443 civitatem
2221 1398 2358 1443 san-

298 1472 485 1534 ctam,
521 1478 704 1537 quam
734 1463 982 1523 domum
1014 1460 1163 1523 satis
1194 1464 1466 1524 clausam
1495 1479 1569 1525 ae
1593 1463 1883 1527 munitam
1909 1462 2149 1527 fuisse?
2175 1465 2360 1525 urbes

294 1546 415 1606 iam
456 1508 797 1621 locupletes
845 1552 905 1607 et
947 1542 1242 1620 copiosae
1277 1544 1699 1623 requiruntur,
1747 1547 1971 1623 quibus
1997 1561 2186 1609 causa
2217 1545 2364 1609 belli

299 1636 549 1705 propter
589 1626 927 1703 diripiendi,
950 1626 1343 1703 cupiditatem
1369 1630 1678 1693 inferatur.
1753 1630 1856 1698 66.
1887 1630 2182 1693 Libenter
2205 1631 2359 1691 haec

295 1729 504 1775 >coram
536 1728 677 1775 cum
704 1712 773 1787 Q.
804 1712 1012 1777 Catulo
1040 1720 1107 1774 et
1135 1712 1203 1787 Q.
1237 1712 1599 1789 Hortensio,
1631 1713 1884 1777 summis
1911 1720 1972 1776 et
2005 1712 2359 1777 clarissimis

294 1794 443 1858 viris
456 1826 481 1871 ‚·
512 1794 917 1873 disputarem:
982 1804 1290 1857 noverunt
1321 1795 1484 1857 enim
1507 1798 1824 1865 ‚sociorum
1855 1798 2124 1869 vulnera,
2154 1796 2357 1857 vident

296 1896 508 1941 eorum
536 1879 929 1955 calamitatcS,
958 1878 1375 1957 querimonias
1405 1880 1675 1943 audiunt.
1716 1881 1833 1941 Pro
1853 1879 2044 1945 sociis
2067 1893 2184 1943 vos
2213 1895 2358 1940 con-

294 1972 389 2023 tra
430 1962 642 2027 hostes
672 1961 1006 2027 exercitum
1038 1961 1274 2025 mittere
1307 1968 1534 2039 putatis
1562 1980 1640 2025 an
1675 1962 1944 2028 hostium
1975 1961 2356 2025 sim-ulatione

298 2052 511 2105 contra
555 2044 764 2107 socios
806 2054 992 2121 atque
1030 2046 1310 2107 amicos?
1359 2045 1548 2120 Quae
1563 2045 1778 2107 civitas
1805 2054 1904 2109 est
1929 2048 1990 2106 in
2017 2047 2172 2109 Asia
2201 2060 2356 2122 quae

296 2142 420 2187 non
464 2126 647 2187 modo
698 2126 1087 2223 imperatoris
1116 2136 1223 2190 aut
1248 2128 1464 2203 legati,
1503 2131 1618 2191 sed
1645 2128 1826 2218 unius
1855 2130 2074 2191 tribuni
2109 2128 2356 2193 militum

298 2210 537 2271 animos
565 2225 639 2270 ac
670 2209 919 2285 spiritus
950 2226 1175 2286 capere
1202 2209 1446 2308 possit?

462 2292 671 2354 XXIII.
718 2294 846 2366 Qua
874 2310 961 2367 re,
990 2293 1170 2354 etiam
1200 2295 1256 2353 si
1287 2310 1466 2370 quem
1493 2295 1732 2358 habetis
1765 2295 1870 2372 qui
1901 2296 2138 2359 collatis
2169 2284 2362 2373 signis

296 2374 603 2437 exercitus
648 2375 859 2450 regios
904 2392 1201 2453 superare
1243 2394 1438 2453 posse
1477 2379 1786 2455 videatur,
1837 2389 2038 2441 tamen
2088 2378 2208 2441 nisi
2249 2379 2365 2439 erit

293 2458 487 2531 idem,
522 2457 627 2533 qui
656 2474 727 2520 se
756 2475 795 2518 a
822 2458 1105 2534 pecuniis
1140 2462 1482 2537 sociorum,
1512 2460 1618 2537 qui
1643 2464 1722 2523 ab
1751 2480 1964 2525 eorum
1998 2460 2362 2539 coniugibus

294 2558 369 2601 ac
412 2538 657 2614 liberis,
713 2541 819 2617 qui
863 2542 941 2603 ab
984 2542 1359 2607 ornamentis
1406 2546 1710 2607 fanorum
1737 2555 1925 2621 atque
1977 2546 2365 2623 oppidorum,

298 2619 404 2701 qui
430 2624 509 2683 ab
548 2640 699 2685 auro
734 2642 1013 2702 gazaque
1039 2625 1213 2702 regia
1237 2643 1475 2704 manuS,
1507 2630 1744 2703 oculoS,
1772 2630 2044 2692 animum
2071 2628 2365 2691 cohibere

293 2704 525 2782 possit,
552 2723 677 2769 non
709 2708 821 2770 erit
849 2709 1112 2772 idoneus
1142 2711 1248 2786 qui
1279 2711 1359 2771 ad
1385 2712 1610 2773 bellum
1642 2676 1978 2776 Asiaticum
2003 2711 2366 2788 regiumque

293 2788 577 2851 mittatur.
643 2788 723 2855 67
728 2833 747 2853 .
788 2792 1061 2870 Ecquam
1083 2792 1310 2870 putatis
1335 2792 1640 2857 civitatem
1669 2804 1950 2871 pacatam
1981 2795 2177 2857 ruisse
2205 2811 2366 2871 quae

294 2872 577 2947 locuples
610 2874 733 2937 sit?
760 2891 1020 2951 ecquam
1048 2892 1193 2941 esse
1217 2878 1586 2965 locupletem
1617 2895 1779 2953 quae
1811 2880 1946 2941 istis
1974 2886 2194 2955 pacata
2221 2894 2368 2938 esse

294 2955 616 3018 videatur?
646 2956 775 3018 Ora
803 2960 1132 3035 maritima,
1162 2959 1454 3035 QuIrites,
1485 2961 1588 3023 Cn.
1617 2961 1974 3039 Pompeium
2005 2978 2130 3023 non
2164 2962 2368 3023 solum

294 3044 552 3117 propter
588 3039 681 3100 rei
722 3040 995 3115 militaris
1032 3044 1316 3119 gloriam,
1355 3044 1471 3105 sed
1512 3043 1692 3107 etiam
1721 3055 1976 3122 propter
2003 3044 2191 3107 anImi
2219 3061 2366 3108 con-

295 3120 607 3185 tinentiam
626 3123 968 3199 requisivit.
1003 3125 1268 3187 Videbat
1289 3126 1448 3189 enim
1471 3136 1790 3203 praetores
1807 3130 2170 3205 locupletari
2211 3139 2371 3205 quot

294 3204 469 3267 annis
496 3205 765 3283 pecunia
791 3207 1038 3282 publica
1066 3218 1310 3284 praeter
1337 3226 1605 3285 pauco-0³,
1647 3228 1852 3287 neque
1881 3229 1993 3276 eos
2029 3212 2369 3289 quidquam

296 3288 464 3350 aliud
504 3290 766 3366 adsequi
808 3291 1097 3353 classium
1132 3292 1378 3353 nomine
1407 3291 1527 3351 nisi
1541 3301 1626 3357 ιιι
1655 3294 2032 3359 detrimentis
2061 3294 2370 3369 accipien-

296 3370 394 3431 dis
434 3372 670 3435 maiore
703 3373 887 3435 adfici
916 3373 1291 3451 turpitudine
1333 3374 1702 3437 videremur.
1765 3378 1940 3439 Nunc
1976 3394 2098 3455 qua
2129 3376 2370 3455 cupidi·
