2459 3817
244 148 370 216 260
807 153 956 216 PRO
986 155 1051 213 L.
1080 155 1409 216 MURENA
1440 154 1744 216 ORATIO.

242 306 371 370 iure
401 305 559 369 civili
591 303 956 380 aequitatem
987 305 1391 382 reliquerunt,
1438 306 1624 366 verba
1657 307 1791 380 ipsa
1825 313 2169 378 tenuerunt,
2210 315 2281 382 ut,

243 391 386 466 quia
425 389 485 450 in
529 387 786 449 alicuius
829 386 998 447 libris
1039 390 1303 464 exempli
1350 404 1537 450 causa
1576 387 1639 449 id
1673 404 1891 450 nomen
1928 390 2285 466 invenerant,

241 480 529 550 putarunt
557 487 773 532 omnes
804 469 1108 545 mulieres,
1145 489 1304 546 quae
1334 471 1777 548 coemptionem
1810 473 2097 547 facerent,
2123 473 2285 534 Gaias

241 554 470 618 vocari.
539 556 666 614 lam
700 552 850 614 illud
887 551 1029 613 mihi
1073 554 1318 630 quidem
1351 555 1565 615 mIrum
1605 551 1798 614 videri
1839 556 2025 626 solet,
2069 564 2155 616 tot
2190 557 2285 616 ho·

242 640 456 713 mines,
489 645 609 700 tam
632 635 1005 712 ingeniosos,
1041 653 1153 712 per
1175 645 1264 698 tot
1283 654 1478 698 annos
1505 636 1684 698 etiam
1706 653 1867 696 nunc
1890 647 2157 699 statuere
2176 655 2287 700 non

244 724 522 800 potuisse
543 728 742 783 utrum
766 719 959 780 diem
983 718 1287 782 tertium
1312 737 1389 782 an
1414 717 1945 796 perendinum,
1972 718 2287 783 iudicem

245 823 320 867 an
345 804 742 878 arbitrum,
763 818 914 862 rem
935 817 1012 862 an
1037 802 1245 864 litem
1268 802 1386 864 dici
1404 810 1731 878 oporteret.
1779 803 2048 864 XHL28.
2073 805 2289 881 ltaque,

244 898 310 950 nt
350 887 507 961 dixi,
561 885 822 962 dignitas
864 884 924 944 in
965 883 1084 946 ista
1121 885 1376 947 scientia
1425 883 1764 948 consularis
1805 902 2136 962 numquam
2174 889 2289 962 fuit,

245 988 403 1047 quae
432 978 559 1032 tota
588 986 667 1030 ex
695 969 881 1031 rebus
909 967 1069 1030 fictis
1105 967 1667 1045 commenticiisque
1696 976 2031 1043 constaret,
2110 967 2289 1042 gratia

242 1071 389 1116 vero
421 1054 608 1114 multo
643 1051 821 1113 etiam
850 1050 1068 1112 minus.
1195 1051 1373 1126 Quod
1406 1051 1565 1112 enirn
1598 1051 1879 1113 omnibus
1912 1061 2080 1128 patet
2111 1061 2170 1115 et
2198 1071 2289 1114 ae-

246 1154 368 1214 que
411 1143 758 1214 promptum
790 1143 887 1197 est
914 1133 1059 1195 mihi
1101 1142 1162 1196 et
1191 1133 1547 1195 adversario
1576 1150 1747 1203 meo,
1788 1134 1850 1193 id
1887 1151 2030 1196 esse
2071 1145 2290 1211 gratum

247 1221 409 1282 nullo
455 1226 634 1297 pacto
683 1227 902 1293 potest.
990 1218 1202 1294 Itaque
1250 1235 1372 1280 non
1414 1219 1598 1279 modo
1640 1217 1923 1278 beneficii
1964 1218 2291 1280 collocandi

246 1319 442 1378 spem,
465 1304 578 1363 sed
601 1301 780 1363 etiam
804 1300 970 1374 illud,
997 1302 1164 1376 quod
1187 1301 1454 1377 aliquam
1477 1299 1583 1361 diu
1605 1298 1733 1373 fuit,
1761 1316 1927 1360 uem·
1951 1317 2293 1374 consumas,

245 1387 363 1444 iam
409 1382 780 1460 perdidistis.
853 1381 1114 1458 Sapiens
1156 1382 1488 1444 existimari
1530 1399 1707 1444 nemo
1738 1390 1943 1458 potest
1967 1383 2028 1444 in
2060 1401 2135 1445 ea
2163 1403 2295 1461 pru-

247 1466 468 1539 dentia,
507 1482 667 1542 quae
701 1481 902 1540 neque
933 1474 1105 1526 extra
1133 1467 1388 1527 Romam
1424 1482 1685 1540 usquam
1717 1483 1922 1542 neque
1948 1469 2176 1528 Romae
2206 1484 2297 1528 re-

247 1551 374 1612 bus·
386 1549 638 1626 prolatis
663 1547 993 1625 quidquam
1020 1545 1197 1610 valet.
1240 1547 1474 1611 Peritus
1497 1549 1637 1611 ideo
1660 1548 1873 1610 haberi
1888 1565 2066 1611 nemo
2084 1559 2299 1626 potest,

247 1634 414 1710 quod
455 1631 516 1694 in
545 1649 650 1705 eo,
698 1633 864 1708 quod
899 1631 1100 1694 sciunt
1136 1649 1381 1708 omneS,
1422 1635 1588 1694 nullo
1632 1633 1815 1694 modo
1852 1643 2118 1708 possunt
2151 1632 2302 1695 inter

247 1734 316 1778 se
351 1717 722 1793 discrepare.
783 1713 1062 1776 Difficilis
1096 1725 1299 1779 autem
1339 1731 1441 1777 res
1481 1717 1622 1778 ideo
1660 1733 1781 1776 non
1824 1723 2092 1792 putatur,
2138 1717 2305 1792 quod

245 1811 306 1863 et
342 1801 666 1877 perpaucis
710 1806 772 1861 et
810 1798 1053 1859 minime
1095 1799 1376 1862 obscuris
1420 1798 1632 1860 litteris
1674 1797 2031 1861 continetur.
2093 1801 2305 1874 Itaque

246 1885 299 1944 si
337 1882 482 1945 mihi
517 1881 746 1944 homini
789 1882 1178 1944 vehementer
1224 1890 1523 1959 occupato
1562 1883 1940 1944 stomachum
1974 1882 2305 1958 moveritiS,

247 1965 444 2028 triduo
488 1982 584 2026 me
625 1967 770 2026 iuris
813 1966 1157 2027 consultum
1187 1981 1330 2026 esse
1358 1966 1711 2042 profitebor.
1770 1963 2005 2027 Etenim
2041 1982 2200 2041 quae
2230 1967 2309 2025 de

247 2046 480 2123 scripto
511 2057 786 2122 aguntur,
819 2047 1048 2124 scripta
1076 2057 1219 2110 sunt
1250 2047 1469 2124 omnia,
1503 2066 1705 2124 neque
1740 2057 1939 2110 tamen
1976 2046 2308 2125 quidquam

247 2138 368 2192 tam
408 2139 668 2208 anguste
699 2132 989 2206 scriptum
1021 2138 1146 2206 est,
1191 2149 1315 2206 quo
1357 2148 1472 2206 ego
1502 2148 1623 2194 non
1653 2131 1921 2208 possim=
1978 2148 2099 2202 Qua
2128 2147 2205 2190 na
2233 2147 2311 2190 aa

247 2230 498 2288 acuon,
538 2215 787 2275 addere.
860 2215 1027 2288 Quae
1061 2216 1459 2277 consuluntur
1483 2223 1715 2288 autem,
1756 2213 2002 2276 minimo
2031 2213 2310 2291 periculo

247 2297 715 2372 respondentur.
761 2295 827 2358 Si
848 2295 930 2368 id,
958 2298 1126 2373 quod
1148 2306 1409 2374 oportet,
1431 2297 1847 2375 responderis,
1874 2297 2035 2358 idem
2058 2297 2313 2358 videare

246 2376 678 2455 respondisse,
717 2381 882 2454 quod
914 2379 1196 2442 Servium
1247 2379 1342 2442 sin
1372 2380 1573 2455 aliter,
1622 2380 1803 2444 etiam
1845 2390 2313 2443 controversum

247 2460 345 2524 ius
389 2479 578 2525 nosse
616 2469 679 2524 et
723 2471 982 2524 tractare
1025 2462 1291 2530 videare.
1373 2463 1474 2526 29.
1521 2465 1907 2541 Quapropter
1943 2481 2067 2526 non
2109 2465 2319 2526 solum

247 2543 351 2606 illa
387 2545 580 2620 gloria
620 2543 892 2609 militaris
941 2545 1164 2608 vestris
1205 2547 1482 2609 formulis
1526 2557 1711 2624 atque
1753 2547 2094 2609 actionibus
2140 2555 2321 2608 ante-

249 2630 536 2703 ponenda
565 2637 689 2703 est,
724 2645 931 2691 verum
962 2631 1140 2691 etiam
1169 2629 1413 2693 dicendi
1449 2633 1830 2694 consuetudo
1859 2634 2041 2707 longe
2069 2639 2130 2692 et
2159 2631 2322 2690 mul-

249 2720 373 2773 tum
402 2711 502 2774 isti
537 2720 778 2775 vestrae
805 2712 1223 2776 exercitationi
1259 2716 1337 2776 ad
1366 2715 1659 2777 honorem
1690 2709 2024 2781 antecellet.
2095 2714 2329 2788 Itaque

247 2793 391 2856 mihi
420 2794 702 2859 videntur
728 2798 1008 2873 plerique
1035 2795 1204 2859 initio
1235 2799 1421 2860 multo
1449 2799 1567 2861 hoc
1588 2797 1897 2874 maluisse,
1930 2803 2085 2874 post,
2119 2811 2331 2870 quum

246 2876 310 2939 id
351 2880 612 2956 adsequi
653 2897 774 2942 non
824 2878 1194 2957 potuissent,
1245 2879 1403 2944 istuc
1442 2881 1823 2959 potissimum
1868 2890 2007 2945 sunt
2046 2878 2332 2954 delapsi.

246 2960 326 3022 Ut
351 2961 520 3025 aiunt
552 2963 611 3024 in
645 2962 894 3025 Graecis
929 2963 1265 3026 artificibus
1300 2983 1411 3028 eos
1440 2968 1739 3029 auloedos
1771 2982 1930 3039 esse,
1984 2963 2087 3040 qui
2119 2962 2335 3024 citha-

245 3044 419 3106 roedi
446 3046 580 3108 fieri
609 3064 730 3108 non
761 3046 1094 3123 potuerint,
1131 3047 1220 3108 sic
1250 3064 1371 3111 non
1400 3051 1600 3111 nullos
1629 3049 1939 3123 videmus,
1974 3047 2077 3124 qui
2108 3055 2339 3108 orato-

245 3143 346 3188 res
389 3130 652 3190 evadere
688 3145 810 3191 non
853 3132 1186 3204 potuerint,
1256 3147 1366 3193 eos
1410 3133 1489 3192 ad
1518 3131 1668 3194 iuris
1700 3133 1963 3194 studium
1996 3129 2339 3194 devenire.

247 3209 503 3286 Magnus
536 3209 779 3272 dicendi
805 3212 1006 3286 labor,
1048 3229 1267 3290 magna
1304 3232 1431 3289 reS,
1476 3233 1695 3291 magna
1737 3215 2027 3290 dignitas,
2073 3229 2343 3276 summa

250 3307 448 3386 autem
493 3291 704 3368 gratia.
785 3291 1019 3355 Etenim
1059 3313 1096 3356 a
1134 3295 1313 3358 vobis
1349 3297 1672 3360 salubritas
1716 3301 2046 3374 quaedam,
2090 3299 2173 3360 ab
2224 3296 2343 3369 iis,

255 3387 355 3445 qui
385 3373 612 3444 dicunt,
645 3376 811 3436 salus
841 3375 976 3450 ipsa
1006 3377 1247 3454 petitur.
1303 3380 1535 3443 Deinde
1563 3390 1767 3444 vestra
1788 3398 2091 3449 responsa
2124 3389 2345 3456 atque
