2459 3817
332 98 455 166 122
790 98 869 157 ΙΝ
900 98 958 157 C.
988 97 1318 157 VERREM
1343 96 1514 157 ACT.
1543 98 1616 157 ll.
1657 98 1804 157 ΜΒ.
1839 98 1915 157 V.

326 255 543 325 parte?
594 264 777 322 quum
819 252 922 308 aut
953 244 1185 306 ratibus
1227 254 1330 307 aut
1361 245 1620 307 navibus
1651 252 2014 307 conarentur
2042 246 2380 305 accedere?

324 334 450 393 Nos
486 329 645 390 enim
678 328 824 389 nihil
851 345 1137 403 umquam
1164 344 1421 405 prorsus
1452 328 1810 395 audivimus,
1834 332 1946 386 sed
1964 326 2114 387 illud
2147 328 2378 387 audivi-

326 430 479 485 muS,
510 412 589 470 Μ.
621 412 842 485 Crassi,
872 412 1180 472 fortissimi
1208 411 1340 485 viri,
1375 411 1588 473 virtute
1622 410 2002 486 consilioque
2031 412 2270 482 factum,
2302 427 2378 469 ne

324 496 559 557 ratibus
588 494 924 555 coniunctis
968 495 1121 555 freto
1168 492 1404 569 fugitivi
1435 495 1515 554 ad
1555 495 1902 555 Messanam
1939 492 2196 553 transire
2239 508 2378 568 pos-

328 587 492 660 sent,
524 594 565 637 a
598 593 720 652 quo
748 576 835 636 illi
870 584 1093 638 conatu
1121 594 1244 637 non
1277 585 1438 638 tanto
1467 593 1656 653 opere
1697 575 2056 651 prohibendi
2095 576 2374 649 fuissent,

326 662 379 722 si
404 621 531 721 ul'l'a
558 658 621 717 in
653 658 859 719 Sicilia
882 658 1193 735 praesidia
1219 660 1299 719 ad
1327 659 1564 721 illorum
1593 660 1917 721 adventum
1947 658 2237 734 opposita
2266 675 2378 733 pu-

320 750 610 805 tarentur.
681 741 739 803 6.
782 743 865 803 At
889 759 1079 816 quum
1106 750 1278 803 esset
1303 742 1362 801 in
1392 742 1560 803 ltalia
1587 743 1810 802 bellurn
1839 749 1960 803 tam
1991 757 2191 816 prope
2219 757 2257 801 a
2287 739 2378 801 Si-

318 825 490 898 cilia,
532 832 731 885 tamen
767 823 829 883 in
864 824 1071 885 Sicilia
1097 841 1221 885 non
1253 824 1380 885 fuit.
1449 823 1607 897 Quid
1645 823 1900 885 mirqu
1958 840 2037 884 ne
2081 840 2268 898 quum
2315 824 2376 881 in

324 907 532 968 Sicilia
562 906 806 981 quidem
838 906 978 978 fuit,
1015 908 1233 968 eodem
1279 908 1593 968 intervallo
1635 923 1780 982 pars
1820 906 1955 967 eius
2000 906 2143 967 belli
2171 906 2230 965 in
2263 907 2373 966 Ita-

323 991 465 1051 liam
514 991 641 1049 ulla
685 988 972 1064 pervasit.
1055 990 1155 1050 111.-
1212 990 1452 1050 Etenim
1499 988 1926 1064 propinquitas
1977 990 2250 1049 locorum
2298 988 2378 1047 ad

320 1081 515 1133 utram
542 1079 777 1147 partem
807 1071 923 1131 hoc
956 1074 1093 1133 loco
1122 1074 1466 1146 profertur?
1516 1080 1712 1133 utrum
1741 1071 1970 1133 aditum
1999 1071 2236 1131 facilem
2267 1071 2377 1130 ho-

322 1156 519 1217 stibus
573 1171 652 1213 an
702 1154 1123 1229 contagionem
1176 1154 1450 1216 imitandi
1471 1212 1474 1215 ,
1495 1154 1637 1215 belli
1685 1154 2092 1230 periculosam
2148 1152 2380 1214 fuisse?

321 1238 540 1299 Aditus
571 1237 767 1298 omnis
795 1237 1141 1297 hominibus
1171 1237 1306 1297 sine
1335 1238 1455 1297 ulla
1475 1238 1756 1299 facultate
1777 1236 2024 1299 navium
2045 1252 2168 1297 non
2191 1235 2375 1295 modo

316 1320 689 1391 disiunctuS,
724 1320 837 1379 sed
876 1320 1055 1379 etiam
1097 1322 1345 1379 clausus
1375 1328 1499 1381 est·
1551 1328 1620 1381 ut
1643 1319 1790 1391 illis,
1845 1318 2064 1393 quibus
2107 1317 2378 1379 Siciliam

320 1402 723 1483 propinquam
760 1400 952 1461 fuisse
986 1401 1171 1476 dicis,
1214 1402 1452 1463 facilius
1489 1402 1668 1463 fuerit
1691 1403 1772 1462 ad
1819 1400 2124 1462 Oceanum
2157 1416 2379 1475 perve-

319 1484 451 1543 nire
495 1498 673 1558 quarn
714 1484 793 1542 ad
825 1483 1165 1543 Peloridem
1194 1486 1508 1545 accedere.
1587 1482 1644 1545 7.
1687 1485 1982 1560 Contegio
2013 1491 2216 1545 autem
2257 1481 2379 1543 ista

314 1564 561 1626 servilis
588 1564 730 1626 belli
776 1580 885 1625 cur
912 1567 1024 1626 abs
1062 1574 1123 1627 te
1163 1566 1368 1641 potius
1411 1582 1592 1641 quam
1633 1567 1710 1626 ab
1739 1566 1874 1629 istis
1912 1566 2226 1642 omnibuS,
2271 1564 2377 1639 qui

314 1657 592 1709 caeteras
634 1648 981 1723 provincias
1022 1648 1440 1725 obtinuerunt,
1479 1649 1904 1724 praedicaturi
1967 1652 2066 1711 An
2111 1649 2278 1723 quod
2315 1647 2376 1708 in

314 1730 525 1792 Sicilia
550 1732 671 1790 iam
701 1740 881 1792 antea
907 1732 1065 1792 bella
1092 1732 1481 1808 fugitivorum
1511 1734 1788 1793 fuerunt?
1831 1734 1912 1792 At
1932 1748 2008 1792 ea
2027 1732 2166 1807 ipsa
2187 1746 2379 1791 causa

300 1822 413 1874 est
440 1829 549 1873 cur
576 1814 694 1874 ista
722 1812 1038 1889 provincia
1067 1815 1312 1877 minimo
1341 1816 1404 1876 in
1437 1816 1712 1891 periculo
1746 1814 1825 1878 sit
1861 1824 1924 1876 ct
1961 1814 2157 1875 fuerit.
2225 1814 2378 1873 Nam

320 1905 534 1975 postea
577 1912 759 1970 quam
796 1897 961 1957 illinc
1000 1897 1102 1956 Μ’.
1144 1898 1425 1972 Aquilius
1466 1897 1763 1971 decessit,
1809 1899 2079 1959 omnium
2107 1896 2378 1957 instituta

310 1986 498 2050 atque
528 1978 728 2038 edicta
755 1989 1101 2055 praetorum
1130 1980 1372 2042 suerunt
1401 1980 1534 2043 eius
1583 1981 1777 2052 modi,
1833 1988 1902 2040 ut
1942 1996 2019 2041 nc
2055 1978 2196 2055 quis
2237 1994 2372 2039 cum

320 2061 438 2120 telo
466 2076 687 2121 servus
720 2070 906 2123 esset.
968 2064 1164 2123 Vetus
1206 2072 1304 2125 est
1334 2065 1500 2139 quod
1529 2064 1726 2123 dicam
1757 2070 1817 2125 et
1853 2070 2108 2139 propter
2145 2060 2372 2121 severi·

315 2149 496 2203 tatem
530 2145 793 2217 exempli
824 2142 1047 2203 nemini
1075 2146 1338 2205 sortasse
1369 2154 1640 2207 vestrum
1669 2145 2031 2207 inauditumz
2075 2145 2148 2207 L.
2171 2142 2375 2203 Domi·

313 2226 462 2286 tium
490 2234 831 2300 praetorem
863 2225 922 2284 in
946 2225 1170 2300 Sicilia,
1199 2244 1384 2302 quum
1418 2244 1570 2303 aper
1611 2228 1826 2303 ingens
1857 2228 1937 2288 ad
1967 2244 2108 2287 eum
2135 2228 2373 2287 adlatus

310 2317 507 2381 esset,
554 2308 915 2369 admiratum
954 2308 1293 2383 requisisse
1337 2309 1474 2386 quis
1515 2327 1651 2371 eum
1693 2309 2133 2385 percussisset2
2185 2324 2373 2381 quum

318 2390 591 2451 audisset
619 2398 926 2466 pastorem
970 2390 1286 2452 cuiusdam
1318 2392 1540 2466 fnisse,
1585 2410 1723 2453 eum
1762 2393 1973 2454 vocari
2013 2392 2093 2451 ad
2129 2407 2201 2452 se
2247 2391 2372 2451 ius·

310 2472 505 2533 sisse=
534 2473 699 2533 illum
728 2473 950 2548 cupide
980 2475 1060 2534 ad
1084 2483 1429 2549 praetorem
1462 2477 1638 2550 quasi
1679 2476 1759 2535 ad
1797 2476 2038 2537 laudem
2077 2482 2260 2549 atque
2294 2472 2374 2531 ad

316 2553 649 2631 praemium
676 2556 1132 2619 accuens-rissez
1175 2558 1498 2633 quaesisse
1526 2557 1846 2619 Domitium
1879 2556 1984 2632 qui
2011 2564 2238 2618 tantam
2267 2556 2373 2615 be·
2458 2622 2459 2627 ἵ

312 2636 488 2697 stiam
520 2639 957 2711 percussisset=
990 2638 1159 2699 illum
1182 2639 1604 2715 respondisse,
1634 2639 1961 2701 venabulo.
2025 2638 2240 2700 Statim
2269 2639 2372 2697 de-

310 2718 454 2779 inde
482 2718 657 2781 iussu
686 2720 982 2797 praetoris
1022 2721 1081 2781 in
1127 2738 1372 2783 crucem
1393 2738 1554 2798 ‚esse
1603 2724 1922 2785 sublatum.
1985 2723 2214 2783 Durum
2255 2720 2373 2781 hoc

316 2804 583 2863 fortasse
620 2803 927 2865 videatur-e
970 2820 1171 2879 neque
1202 2821 1318 2879 ego
1348 2807 1532 2865 ullam
1565 2804 1628 2865 in
1661 2814 1890 2881 partem
1923 2803 2202 2879 disputo=
2243 2810 2376 2862 tan-

312 2893 441 2944 tum
468 2882 757 2962 intelligo,
785 2886 1076 2947 maluisse
1097 2885 1420 2948 Domitium
1451 2889 1757 2949 crudelem
1797 2888 1858 2948 in
1887 2886 2377 2947 animadverten-

310 2966 395 3027 do
428 2982 608 3042 quam
638 2968 701 3029 in
736 2968 1268 3045 praetermittendo
1299 2971 1659 3032 dissolutum
1697 2970 1907 3031 videri.
1971 2971 2075 3029 IV.
2114 2968 2176 3029 8.
2209 2968 2378 3040 Ergo
2453 3012 2455 3015 Α

314 3048 413 3109 his
442 3048 729 3113 institutis
759 3051 1109 3127 provinciae
1138 3051 1260 3112 iam
1291 3061 1444 3123 tum,
1488 3071 1670 3129 quum
1715 3052 1874 3114 bello
1909 3050 2218 3113 sociorum
2247 3057 2382 3109 tota

312 3132 487 3193 Italia
514 3133 790 3207 arderet,
834 3134 1014 3195 homo
1044 3150 1168 3194 non
1199 3134 1532 3197 acerrimus
1563 3150 1676 3196 nec
1707 3132 2108 3205 fortissimus,
2137 3133 2203 3192 C.
2223 3132 2370 3191 Nor*

312 3214 545 3290 banuS,
582 3214 646 3277 in
690 3230 925 3278 summo
978 3216 1107 3277 otio
1142 3218 1283 3279 ruitz
1326 3216 1616 3293 perfacile
1643 3216 1806 3278 enim
1837 3232 1980 3277 sese
2003 3213 2212 3275 Sicilia
2251 3212 2382 3274 iam

314 3299 625 3371 tuebatur,
680 3310 746 3363 ut
782 3316 859 3363 ne
902 3302 1067 3376 quod
1108 3300 1364 3377 eit-ipsa
1390 3300 1612 3361 bellum
1638 3306 1860 3375 posset
1888 3297 2209 3360 exsistere.
2271 3295 2384 3355 Et·
