2459 3817
546 142 712 204 cAP.
752 149 1013 205 32—34.
1058 147 1111 209 s.
1140 149 1408 208 83—90.
1544 194 1578 207 -
1899 131 2022 200 149

0 309 97 354 um
126 291 329 356 nautis
360 294 701 370 paullisper
727 292 913 356 dedit.
978 291 1157 356 Stetit
1200 294 1474 356 soleatus
1521 301 1768 371 praetor
1795 296 2014 373 populi

0 373 197 438 omani
244 393 383 440 cum
423 375 609 453 pallio
650 393 965 454 purpureo
1012 378 1344 452 tunicaque
1392 378 1596 454 talari,
1655 379 2012 442 muliercula

0 475 151 534 XuS,
188 459 251 521 in
279 459 502 522 littore.
558 461 686 524 Iam
715 461 833 522 hoc
856 460 1041 522 istum
1070 459 1298 522 vestitu
1327 459 1518 526 Siculi
1561 461 1860 538 civesque
1888 464 2010 525 Ro-

0 542 97 603 ani
138 544 421 619 permulti
464 561 657 620 saepe
706 543 1009 608 viderunt.
1077 540 1180 606 87.
1236 543 1462 606 Postea
1515 561 1700 622 quam
1739 547 2014 623 paullum

0 634 229 688 evecta
264 626 485 689 elassis
516 636 614 690 est
643 635 705 690 et
730 627 1085 706 Pachynum
1118 625 1333 703 quinto
1369 627 1472 689 die
1497 629 1767 706 denique
1794 631 2012 706 appul-

0 735 37 782 l,
68 718 292 774 nautae
322 710 520 773 coacti
550 713 709 773 fame
732 710 981 772 radices
1008 713 1348 786 palmarum
1370 713 1720 787 agrestium,
1756 729 2016 789 quarum

0 801 66 855 ’at
92 798 153 855 in
186 792 305 856 illis
336 795 523 866 locis,
553 792 731 856 sicuti
760 793 823 855 in
864 810 1087 870 magna
1134 802 1310 870 parte
1337 794 1612 871 Siciliae,
1666 796 2006 868 multitudo,

0 875 302 952 ‚uigebant
358 887 421 939 et
471 876 549 938 iis
594 877 804 940 miseri
849 877 1194 955 perditique
1255 878 1588 940 alebantur.
1653 879 2012 942 Cleomenes

0 967 165 1034 utem,
204 959 310 1037 qui
338 963 596 1024 alterum
624 979 694 1024 se
720 963 977 1024 Verrem
1003 977 1191 1037 quum
1210 959 1456 1022 luxuria
1481 977 1558 1021 ac
1585 961 1858 1038 nequitia
1887 970 2010 1023 tum

0 1042 111 1104 iam
145 1043 406 1119 imperio
437 1053 707 1120 putaret,
752 1044 1028 1106 similiter
1054 1053 1221 1106 totos
1251 1044 1386 1106 dies
1434 1042 1498 1106 in
1539 1043 1768 1116 littore,
1812 1045 2012 1106 taber·

0 1127 153 1188 [culo
202 1126 437 1202 posito,
486 1129 867 1203 perpotabat.
942 1128 1211 1190 XXXIV.
1285 1129 1450 1190 Ecce
1490 1135 1694 1194 autem
1737 1135 2014 1203 repente,

0 1209 105 1269 »rio
140 1209 491 1283 Cleomene,
531 1209 943 1272 esurientibus
984 1212 1276 1285 caeteris,
1314 1215 1629 1276 nuntiatur
1677 1209 2011 1288 piratarum

0 1308 77 1352 se
106 1307 301 1353 naves
334 1290 398 1352 in
428 1301 609 1368 portu
646 1292 999 1370 Odysseaee
1045 1311 1189 1354 nam
1216 1293 1302 1356 ita
1328 1292 1382 1354 is
1418 1295 1595 1358 loeus
1635 1293 2008 1356 nominatum

0 1382 148 1437 »stra
175 1383 379 1436 autem
413 1375 635 1440 elassis
676 1385 807 1438 erat
838 1376 901 1440 in
929 1386 1115 1453 portu
1145 1376 1440 1456 Pachyni.
1504 1379 1866 1442 Cleomenes
1903 1394 2010 1440 au.-

0 1475 84 1532 m,
108 1459 305 1537 ,quod
356 1467 487 1522 erat
528 1467 817 1524 terrestre
859 1461 1238 1538 praesidium
1271 1479 1394 1524 non
1436 1477 1534 1537 re,
1588 1463 1702 1524 sed
1745 1460 2007 1535 nomine,

0 1541 209 1603 ·e1·avit
244 1539 323 1602 iis
364 1541 686 1618 militibus,
730 1560 887 1620 ques
938 1561 1131 1617 exeo
1158 1547 1300 1607 loco
1331 1546 1723 1620 deduxisset,
1755 1545 2010 1621 explere

0 1641 349 1688 2numerum
391 1637 709 1692 nautarum
754 1635 817 1688 et
856 1628 1154 1704 remig-um
1184 1645 1402 1704 posse.
1464 1630 1731 1704 Reperta
1777 1636 1878 1688 est
1908 1643 2009 1686 ea-

0 1725 71 1768 =m
120 1706 301 1772 istius
346 1709 609 1774 hominis
653 1709 999 1774 avarissimi
1037 1711 1193 1774 ratio
1240 1711 1304 1772 in
1365 1711 1693 1786 praesidiis
1745 1725 1906 1786 quae
1945 1707 2006 1768 in

0 1789 267 1854 assibus:
312 1809 453 1854 nam
498 1802 672 1856 erant
710 1793 1009 1868 perpauci
1044 1793 1286 1868 reliqui,
1319 1792 1546 1856 caeteri
1575 1791 1836 1854 dimissi.
1901 1791 2007 1854 88.

0 1873 223 1950 inceps
259 1874 617 1938 Cleomenes
647 1874 711 1936 in
741 1875 1110 1952 quadriremi
1146 1875 1540 1950 Centuripina
1571 1875 1798 1936 malum
1839 1872 2010 1950 erigi,

0 1958 69 2018 ila
105 1959 270 2032 fleri,
324 1957 600 2032 praecidi
642 1974 905 2020 ancoras
933 1958 1282 2039 imperavit,
1323 1967 1388 2020 et
1413 1958 1625 2032 simul,
1677 1965 1746 2020 ut
1771 1975 1843 2020 se
1871 1973 2011 2021 cae-

0 2039 47 2099 ri
83 2048 517 2115 sequerentur,
564 2042 807 2116 signum
842 2041 973 2104 dari
997 2041 1197 2104 iussit.
1262 2043 1432 2104 Haec
1468 2039 1860 2118 Centuripina
1902 2057 2009 2102 na·

0 2139 27 2182 s
53 2131 185 2182 erat
211 2122 555 2186 incredibili
584 2123 895 2188 celeritate
945 2124 1104 2190 velis
1120 2149 1136 2182 ε
1190 2143 1334 2188 nam
1370 2123 1533 2188 scire
1563 2125 1682 2188 isto
1722 2133 2038 2202 praetore·

0 2222 112 2267 imo
142 2214 386 2283 poterat
420 2207 569 2284 quid
608 2225 895 2285 quaeque
928 2208 1107 2272 navis
1139 2209 1330 2273 remis
1360 2211 1569 2277 facere
1602 2216 1849 2286 posset=
1890 2205 2008 2269 etsi

27 2289 145 2350 hac
171 2289 576 2368 quadriremi,
626 2300 883 2370 propter
919 2293 1221 2358 honorem
1253 2303 1316 2355 et
1353 2294 1610 2368 gratiam
1645 2289 2006 2363 CleomeniS‚

0 2370 177 2434 inime
203 2374 374 2436 multi
396 2375 661 2453 remiges
694 2385 754 2438 et
774 2375 997 2438 milites
1026 2378 1298 2440 deerant.
1342 2377 1632 2440 Evolarat
1658 2378 1780 2436 iam
1801 2391 1837 2435 e
1863 2389 2006 2436 con-

0 2464 154 2519 iectu
179 2458 309 2520 fere
338 2459 583 2535 fugiens
624 2459 1061 2536 quadriremis,
1104 2476 1294 2537 quum
1337 2460 1519 2524 etiam
1559 2470 1686 2522 tum
1726 2464 2008 2522 caeterae

0 2555 127 2602 lves
175 2559 301 2603 uno
351 2541 415 2604 in
458 2545 597 2605 loco
638 2543 1065 2608 moliebantur.
1126 2543 1229 2608 89.
1301 2545 1448 2606 Erat
1489 2543 1731 2606 animus
1773 2540 1835 2602 in
1866 2541 2006 2602 reli-

0 2621 95 2684 tis.
162 2624 543 2702 Quamquam
570 2635 745 2690 erant
772 2627 985 2704 pauci,
1018 2645 1274 2705 quoquo
1295 2629 1481 2690 modo
1502 2645 1606 2691 res
1626 2643 1697 2689 se
1723 2625 2007 2699 habebat,

0 2722 207 2780 ignare
240 2717 439 2772 tamen
470 2728 541 2772 se
568 2712 729 2772 velle
759 2713 1130 2786 clamabant,
1172 2720 1264 2784 et,
1315 2713 1485 2786 quod
1511 2709 1816 2788 reliquum
1841 2707 2006 2769 vitae

0 2789 276 2868 riumque
308 2795 503 2856 fames
536 2795 796 2870 fecerat,
825 2794 891 2856 id
921 2797 1083 2856 ferro
1112 2793 1504 2871 potissimum
1545 2796 1808 2856 reddere
1835 2792 2004 2852 vole-

0 2880 93 2934 mt.
180 2875 419 2950 Quodsi
470 2878 829 2940 Cleomenes
878 2889 1001 2941 non
1058 2885 1225 2940 tanto
1267 2886 1412 2939 ante
1460 2877 1750 2956 fugisset,
1795 2874 2005 2951 aliqua

0 2971 131 3018 men
180 2961 262 3020 ad
308 2959 719 3040 resistendum
772 2960 927 3025 ratio
974 2960 1213 3025 fuisset.
1303 2962 1451 3024 Erat
1501 2962 1664 3024 enim
1713 2961 1850 3024 sola
1903 2958 2008 3018 illa

0 3038 106 3102 ivis
138 3051 445 3106 constrata
476 3053 538 3106 et
560 3043 645 3107 ita
674 3061 925 3120 magna,
966 3054 1033 3107 ut
1068 3047 1533 3121 propugnaculo
1566 3043 1825 3108 caeteris
1859 3057 2007 3118 pos-

3 3131 28 3184 t
69 3141 245 3188 esse=
304 3144 494 3202 quae,
536 3127 688 3190 siin
732 3130 1110 3205 praedonum
1157 3145 1368 3205 pugna
1409 3138 1786 3200 versaretur,
1832 3123 2006 3184 urbis

0 3215 123 3268 star
150 3211 379 3272 habere
405 3211 561 3272 inter
586 3213 727 3274 illos
756 3211 1049 3288 piraticos
1072 3229 1492 3292 myoparones
1519 3212 1858 3280 videretur,
1891 3206 2005 3268 sed

0 3307 59 3351 m
92 3292 349 3369 inopes,
395 3294 591 3356 relicti
640 3297 717 3356 ab
748 3296 909 3357 duce
939 3298 1383 3373 praefectoque
1425 3293 1678 3367 classis,
1722 3289 2006 3354 eumdem

0 3377 297 3439 ’cessario
333 3394 579 3440 cursum
606 3387 817 3442 tenere
847 3388 1201 3456 coeperunt.
1275 3379 1377 3442 90.
1433 3378 1726 3439 Helorum
1767 3389 2008 3448 versus,
