2459 3817
269 149 392 214 162
703 151 848 213 pao
879 154 944 211 Τ.
977 127 1214 210 Ammo
1245 149 1535 210 ΜιιοΝΕ
1567 149 1868 210 oaArio.

263 303 430 378 apud
477 317 548 362 se
587 301 792 362 ebrios
841 303 1038 362 factos
1084 300 1204 361 sibi
1243 303 1571 362 confessos
1610 316 1757 360 esse
1794 299 1873 360 de
1904 299 2329 362 interficiendo

263 384 554 460 Pompeio
584 383 957 454 coniurasse,
981 383 1201 444 deinde
1221 391 1445 458 postea.
1462 401 1535 443 se
1554 382 1758 458 gladio
1789 398 2155 456 percussum
2186 399 2331 444 esse

263 469 340 529 ab
371 484 494 529 uno
539 467 617 526 de
644 465 796 538 illis,
817 469 906 526 ‘ne
938 464 1251 527 indIcaret.
1290 464 1581 540 Pompeio
1619 463 1683 524 in
1730 465 1942 526 hortos
1992 467 2329 538 nuntiavit,

263 565 548 612 arcessor
589 548 648 607 in
691 546 934 624 primisz
987 549 1066 607 de
1117 547 1450 608 amicorum
1492 545 1795 608 sententia
1826 563 1957 608 rem
2004 549 2207 608 defert
2250 551 2331 608 ad

263 641 558 693 senatum.
653 631 786 701 Non
839 639 1116 706 poteram
1169 631 1232 690 in
1288 629 1449 690 illius
1492 629 1607 690 mei
1654 631 2008 704 patriaeque
2045 631 2329 692 custodis

263 723 425 774 tanta
477 711 818 788 suspitione
859 729 980 774 non
1021 721 1184 774 metu
1229 711 1591 785 exanimari,
1642 713 1759 772 sed
1813 711 2077 773 mirabar
2121 722 2328 774 tamen

264 795 432 856 credi
458 811 682 870 popae,
713 796 1165 857 confessionem
1187 793 1746 866 servorumaudiri,
1780 796 1999 855 vulnus
2022 793 2083 853 in
2114 796 2324 868 latere,

263 881 430 954 quod
470 894 588 939 acu
625 885 916 954 punctum
959 877 1295 951 videretur,
1344 893 1457 952 pro
1498 876 1621 937 ictu
1660 877 2015 951 gladiatoris
2055 880 2323 952 probari.

263 962 364 1025 66.
391 963 638 1035 Verum,
675 970 738 1022 ut
763 959 1053 1036 intelligo,
1083 961 1340 1022 cavebat
1371 961 1566 1034 magis
1592 959 1917 1034 Pompeius
1942 976 2125 1035 quam
2154 962 2320 1022 timc-

264 1047 396 1117 bat,
437 1059 559 1105 non
595 1061 668 1105 ea
697 1045 926 1116 solum,
974 1060 1132 1117 quae
1159 1043 1425 1104 timenda
1452 1049 1653 1116 erant,
1688 1043 1803 1102 sed
1834 1043 2069 1114 omnia,
2100 1059 2181 1102 ne
2205 1060 2321 1104 vos

261 1127 491 1202 aliquid
519 1125 826 1188 timeretis.
914 1125 1278 1201 oppugnata
1308 1125 1527 1186 domus
1556 1125 1619 1184 c.
1654 1125 1933 1186 Caesaris
1952 1171 1967 1198 ‚
2002 1125 2321 1186 clarissimi

264 1217 322 1270 et
349 1207 662 1270 fortissimi
691 1207 820 1281 viri,
852 1224 964 1283 per
992 1211 1210 1269 multas
1238 1207 1433 1268 noctis
1460 1206 1643 1269 horas
1687 1208 2089 1268 nuntiabatur.
2130 1208 2319 1268 Nemo

261 1291 538 1353 audierat
567 1300 688 1352 tam
717 1291 943 1350 celebri
976 1292 1134 1365 loco,
1165 1307 1343 1350 nemo
1372 1299 1679 1351 senserate
1712 1299 1911 1351 tamen
1939 1290 2313 1351 audiebatur.

262 1375 394 1434 Non
424 1381 697 1447 poteram
732 1372 838 1431 Cn.
863 1370 1249 1447 Pompeium,
1292 1371 1816 1448 praestantissima
1860 1372 2075 1434 virtute
2108 1373 2327 1448 virum,

263 1454 536 1514 timidum
565 1454 895 1529 suspicari=
940 1453 1309 1529 diligentiam
1363 1463 1488 1516 tota
1518 1473 1586 1516 re
1623 1455 1868 1530 publica
1907 1464 2203 1531 suscepta
2230 1455 2315 1515 ni-

261 1537 440 1596 miam
475 1537 696 1596 nullam
726 1535 1032 1609 putabam.
1101 1537 1623 1612 Frequentissimo
1654 1545 1873 1598 senatu
1901 1553 2097 1612 nuper
2116 1537 2180 1598 in
2207 1537 2319 1599 Ca—

263 1619 469 1696 pitolio
501 1627 746 1680 senator
771 1618 1054 1681 inventus
1085 1628 1181 1680 est
1209 1619 1316 1694 qui
1341 1620 1629 1683 Milonem
1660 1636 1795 1681 cum
1824 1621 1947 1682 telo
1981 1635 2125 1680 esse
2154 1618 2318 1680 dice-

259 1710 369 1762 ret.
453 1701 718 1763 Nudavit
749 1717 818 1762 se
845 1702 910 1763 in
945 1701 1331 1764 sanctissimo
1357 1705 1600 1778 templo,
1634 1701 1917 1778 quoniam
1944 1703 2065 1764 vita
2091 1701 2233 1764 talis
2265 1713 2321 1764 et

260 1785 412 1846 civis
441 1794 502 1847 et
539 1784 648 1845 viri
679 1785 862 1846 fidem
889 1802 1012 1846 non
1045 1785 1320 1858 faciebat,
1350 1794 1417 1848 ut
1444 1803 1519 1847 eo
1548 1793 1785 1846 tacente
1807 1800 1907 1845 res
1935 1784 2075 1860 ipsa
2102 1786 2321 1860 loque·

257 1877 442 1930 retur.
513 1869 696 1928 XXV.
727 1866 829 1930 67.
862 1867 1074 1929 Omnia
1103 1869 1258 1928 falsa
1289 1876 1474 1942 atque
1507 1867 1805 1928 insidiose
1834 1867 1976 1928 ficta
2004 1877 2323 1942 comperta

259 1959 418 2012 sunt.
509 1951 702 2024 Quum
737 1960 968 2025 tamen,
1013 1950 1068 2010 si
1117 1948 1397 2010 metuitur
1438 1950 1615 2011 etiam
1646 1966 1807 2010 nunc
1834 1949 2010 2023 Milo,
2045 1966 2170 2010 non
2196 1950 2321 2010 iam

259 2035 376 2098 hoc
406 2034 758 2094 Clodianum
785 2033 1011 2093 crimen
1043 2032 1352 2105 timemuS,
1396 2032 1507 2092 sed
1536 2042 1671 2095 tuas
1689 2076 1705 2101 ,
1744 2033 1848 2092 Cn.
1870 2031 2120 2106 Pompei
2144 2063 2236 2078 ·-—-
2265 2043 2323 2094 te

260 2117 420 2177 enim
453 2115 572 2174 iam
617 2116 862 2190 appello
905 2123 966 2174 et
991 2131 1069 2176 ea
1091 2132 1264 2190 voce,
1290 2123 1358 2176 ut
1383 2131 1483 2175 me
1500 2113 1792 2174 exaudire
1823 2117 2139 2192 possis—
2160 2123 2319 2189 tuas,

261 2209 417 2270 tuas,
449 2196 715 2272 inquam,
757 2196 1134 2270 suspitiones
1155 2197 1705 2273 perhorrescimus:
1729 2197 1783 2257 si
1801 2197 2088 2260 Milonem
2116 2197 2321 2273 timeS,

262 2283 313 2340 si
339 2279 499 2341 hunc
534 2280 612 2338 de
647 2287 748 2340 tua
765 2273 895 2340 vita
915 2279 1143 2340 nefarie
1176 2290 1279 2341 ant
1308 2296 1468 2340 nunc
1496 2281 1762 2355 cogitare
1792 2289 1895 2341 aut
1915 2278 2187 2341 molitum
2210 2281 2321 2340 ali-

263 2363 508 2436 quando
541 2360 771 2435 aliquid
793 2371 990 2436 putaS,
1025 2363 1080 2423 si
1099 2363 1307 2424 Italiae
1338 2363 1613 2436 dilectuS,
1640 2372 1709 2425 ut
1736 2380 1857 2424 non
1888 2361 2033 2422 nulli
2060 2365 2319 2438 conqui-

261 2444 480 2505 sitores
503 2443 590 2512 tui
610 2443 985 2518 dictitamnt,
1021 2445 1074 2506 si
1098 2444 1251 2506 haec
1281 2463 1477 2520 arma,
1522 2445 1577 2507 si
1604 2445 1981 2522 Capitolinae
2008 2444 2319 2518 cohorteS,

261 2525 313 2586 si
337 2524 653 2601 excubiae,
684 2527 739 2587 si
765 2526 1018 2602 vigiliae,
1053 2529 1107 2587 si
1143 2526 1367 2589 dilecta
1384 2529 1683 2602 iuventus,
1716 2543 1874 2603 quae
1898 2535 2063 2588 tuum
2087 2543 2317 2603 corpus

258 2610 628 2684 domumque
661 2609 954 2683 custodit,
989 2618 1199 2670 contra
1225 2611 1469 2672 Milonis
1502 2611 1785 2686 impetum
1816 2619 2045 2672 armata
2073 2617 2201 2684 est,
2231 2621 2317 2674 at·

261 2709 380 2766 que
409 2693 511 2752 illa
546 2692 746 2753 omnia
777 2692 838 2752 in
871 2692 1030 2752 hunc
1067 2709 1250 2753 unum
1292 2693 1589 2767 instituta,
1631 2702 1867 2768 parata,
1896 2693 2127 2756 intenta
2156 2701 2314 2766 sunt,

257 2791 474 2850 magna
491 2777 552 2836 in
588 2778 708 2840 hoc
751 2784 915 2837 certe
938 2775 1032 2836 vis
1075 2783 1138 2835 et
1182 2773 1553 2838 incredibilis
1599 2777 1835 2849 animus
1878 2786 1941 2839 et
1978 2793 2100 2837 non
2132 2776 2315 2838 unius

263 2856 371 2916 viri
407 2857 566 2920 vires
597 2867 782 2934 atque
813 2875 964 2936 opes
993 2857 1367 2929 iudicantur,
1398 2859 1453 2918 si
1482 2860 1727 2933 quidem
1756 2859 1817 2920 in
1846 2860 2007 2920 hunc
2036 2876 2225 2920 unum
2258 2868 2320 2920 et

257 2940 816 3014 praestantissimus
861 2943 987 3002 dux
1015 2943 1247 3002 electus
1296 2950 1359 3001 et
1388 2949 1510 3002 tota
1537 2959 1638 3002 res
1670 2941 1915 3017 publica
1942 2949 2172 3002 armata
2202 2947 2317 3002 est.

254 3023 360 3086 68.
393 3019 518 3085 Sed
547 3025 682 3100 quis
717 3042 839 3087 non
867 3024 1142 3100 intelligit
1170 3041 1383 3084 omnes
1407 3023 1511 3084 tibi
1548 3022 1637 3083 rei
1665 3023 1946 3099 publicae
1974 3032 2181 3098 partes
2214 3040 2317 3086 ae-

257 3122 398 3181 gras
421 3116 481 3168 et
501 3108 794 3180 labanteS,
823 3117 889 3170 ut
911 3125 1017 3168 eas
1039 3107 1134 3169 liis
1159 3106 1342 3168 armis
1366 3123 1621 3171 sanares
1645 3114 1704 3166 et
1732 3109 2145 3180 confirmares,
2172 3121 2319 3167 esse

257 3189 659 3252 commissas?
686 3191 858 3264 Quod
887 3191 942 3252 si
968 3193 1142 3252 locus
1162 3189 1373 3250 Miloni
1398 3192 1576 3250 datus
1606 3199 1787 3262 esset,
1817 3189 2142 3264 probasset
2171 3204 2316 3264 pro-

258 3269 416 3333 lecto
447 3271 552 3333 tibi
589 3271 738 3347 ipsi,
781 3273 1076 3334 neminem
1107 3289 1395 3348 umquam
1431 3272 1733 3332 hominem
1764 3271 1991 3332 homini
2019 3268 2316 3332 cariorem

253 3351 450 3414 ruisse
488 3367 666 3425 quam
697 3361 758 3415 te
790 3353 936 3415 sibi:
980 3356 1209 3416 nullum
1256 3373 1326 3416 se
1367 3371 1651 3430 umquam
1690 3354 2021 3429 periculum
2058 3369 2172 3428 pro
2213 3366 2313 3414 tua
