2459 3817
730 115 898 181 CAP.
930 120 1193 177 11·-13.
1238 117 1291 180 S.
1321 121 1390 175 25
1411 146 1475 158 -
1495 120 1584 179 31.
2089 114 2206 181 231

94 268 418 337 clamavit
449 276 635 346 atque
662 266 722 329 ei
745 274 1164 343 recuperatam
1191 264 1530 329 libertatem
1563 272 1659 328 est
1683 266 2039 342 gratulatus.
2083 267 2207 329 Cur

99 356 273 419 mihi
305 354 739 432 potissimum?
778 350 922 426 quia
962 350 1272 411 sciebam?
1335 348 1496 411 Vide
1537 365 1614 409 ne
1652 349 1756 411 illa
1795 361 1986 411 eausa
2024 350 2206 412 suerit

100 436 483 517 appellandi
496 435 633 511 mei,
662 434 848 511 quod,
863 449 1048 510 quum
1060 448 1189 494 rem
1204 433 1506 508 gessisset
1519 428 1912 494 consimilem
1907 432 2120 494 rebus·
2105 432 2204 509 iis,

106 538 289 600 quas
320 521 461 597 ipse
488 532 820 595 gesseram,
849 532 948 578 me
968 514 1358 593 potissimum
1385 522 1642 578 testatus
1673 521 1770 577 est
1797 532 1867 577 se
1897 516 2202 577 aemulum

104 620 407 668 mearum
441 599 704 666 laudium
728 598 1059 663 exstitisse.
1142 598 1248 661 29.
1279 600 1368 661 Tu
1399 607 1632 674 autem,
1667 598 1937 661 omnium
1971 598 2199 661 stultis·

106 690 318 761 sime,
352 702 475 749 nou
506 683 819 759 intelligis,
853 682 937 757 sl,
981 680 1049 743 id
1083 685 1249 758 quod
1285 697 1384 743 me
1425 682 1662 758 arguis,
1709 684 1986 745 voluisse
2018 682 2202 745 inter-

108 772 227 833 fici
260 771 585 831 Caesarem
613 768 837 829 crimen
868 765 975 840 sit,
1005 764 1185 827 etiam
1214 767 1501 827 laetatum
1529 780 1674 826 esse
1701 774 1894 825 morte
1921 766 2199 827 Caesaris

112 855 363 916 crimen
392 859 579 914 esse?
616 850 773 924 Quid
796 848 956 910 enim
982 848 1237 909 interest
1266 848 1423 909 inter
1451 862 1774 909 suasorem
1807 848 1950 908 faeti
1979 856 2040 909 et
2061 865 2202 925 pro-

114 938 451 998 batorem?
491 943 595 995 aut
634 934 781 1009 quid
819 932 1006 993 refert
1042 939 1239 993 utrum
1282 930 1582 992 voluerim
1616 930 1750 991 fleri
1787 946 1865 990 an
1898 932 2199 1005 gaudeam

118 1022 402 1081 tactum?
483 1014 714 1091 Ecquis
763 1018 861 1073 est
909 1011 1095 1089 igitur
1142 1013 1423 1090 exceptis
1487 1013 1581 1085 iis,
1613 1013 1718 1090 qui
1750 1014 1917 1073 illum
1943 1030 2202 1089 regnare

116 1100 500 1177 gaudebant,
533 1099 636 1173 qui
666 1098 815 1158 illud
844 1103 947 1157 aut
973 1096 1105 1156 fieri
1134 1096 1394 1158 noluerit
1419 1104 1523 1157 aut
1551 1098 1774 1158 factum
1809 1098 2204 1171 improbaritr

118 1185 363 1245 Omnes
391 1196 538 1255 ergo
568 1181 631 1241 in
660 1182 858 1255 culpa.
912 1178 1147 1240 Etenim
1178 1194 1395 1241 omnes
1425 1179 1598 1253 boni,
1632 1188 1923 1256 quantum
1951 1179 2011 1239 in
2042 1179 2199 1255 ipsis

120 1266 273 1340 fuit,
320 1266 643 1327 Caesarem
690 1261 1059 1325 occiderunt.
1145 1261 1301 1323 Aliis
1355 1260 1708 1337 consilium,
1759 1260 1896 1323 aliis
1938 1261 2198 1341 animuS,

122 1350 267 1411 aliis
293 1346 543 1411 occasio
576 1345 795 1408 deluit·
824 1346 1105 1407 voluntas
1133 1344 1376 1407 nemini.
1462 1344 1564 1409 30.
1595 1345 1719 1407 Sed
1748 1354 2060 1421 stuporem
2089 1334 2198 1407 ho-

121 1432 311 1494 minis
349 1432 447 1492 vel
476 1429 675 1493 dicam
706 1429 963 1504 pecudis
993 1428 1301 1491 attendite.
1369 1428 1471 1491 Sic
1503 1428 1664 1490 enim
1691 1429 1868 1489 dixit:
1912 1431 2001 1491 M.
2021 1430 2198 1491 Bru·
2249 1431 2254 1433 ’

120 1524 246 1591 tus,
283 1530 455 1591 quem
478 1530 588 1591 eqo
621 1515 861 1575 honoris
896 1528 1083 1575 causa
1122 1514 1383 1587 nomme,
1421 1520 1724 1574 cruentum
1759 1516 2077 1589 pugionem
2104 1520 2199 1575 te-

122 1616 277 1660 nens
304 1600 639 1661 Ciceronem
658 1600 1047 1660 exclamavit.-
1066 1612 1149 1659 ex
1171 1612 1286 1672 quo
1303 1598 1554 1671 intellioa·
1575 1596 1884 1657 debetcum
1903 1600 2198 1658 conscium

125 1683 338 1757 fuisse.
401 1680 564 1754 Ergo
594 1694 709 1754 ego
740 1679 1073 1740 sceleratus
1102 1680 1382 1753 appellor
1413 1694 1452 1737 a
1479 1684 1570 1748 te,
1613 1693 1797 1752 quem
1826 1686 1892 1739 tu
1919 1676 2198 1753 suspica·

128 1774 260 1825 tum
288 1760 515 1837 aliquid
548 1760 913 1835 suspicax-ise
942 1760 1074 1833 ille,
1105 1760 1211 1835 qui
1241 1759 1564 1821 stillantem
1592 1776 1738 1835 prae
1767 1776 1838 1821 se
1869 1760 2200 1838 pugionem

134 1844 295 1916 tulit,
338 1845 391 1905 is
432 1860 469 1904 a
512 1852 573 1905 te
610 1842 864 1904 honoris
912 1858 1101 1904 causa
1132 1842 1517 1904 nominatur?
1579 1843 1760 1903 Esto:
1791 1842 1960 1904 sitin
1994 1842 2199 1905 verbis

132 1927 256 1991 tuis
284 1926 385 1988 hie
419 1936 663 2003 stupor=
692 1933 919 2003 quanto
950 1924 1013 1985 in
1043 1926 1229 1988 rebus
1261 1924 1705 2000 sententiisque
1738 1924 1960 1987 maior!
2043 1926 2198 1987 Con·

131 2010 318 2072 stitue
349 2009 497 2083 hoc,
525 2011 772 2083 consul,
803 2008 1166 2085 aliquando,
1200 2009 1556 2081 Brutorum,
1589 2009 1652 2068 C.
1685 2006 1910 2082 Cassii,
1943 2009 2048 2070 Cn.
2078 2010 2199 2069 Do-

139 2092 302 2165 mitii,
328 2092 389 2153 C.
403 2091 702 2167 Trebonii,
724 2090 1095 2168 reliquorum
1120 2107 1302 2169 quam
1325 2092 1478 2153 velis
1498 2106 1642 2153 esse
1665 2105 1944 2152 eausam:
1963 2092 2200 2153 edormi

136 2176 477 2251 crapulam,
522 2176 799 2250 inquam,
839 2183 901 2237 et
940 2175 1178 2237 exhala.
1250 2177 1348 2235 An
1388 2177 1557 2235 faces
1597 2174 2022 2237 admovendae
2055 2184 2200 2237 suut

139 2264 417 2335 quaene]
442 2258 711 2319 excitent
728 2266 927 2320 tantae
956 2274 1181 2320 causae
1211 2257 1719 2319 indormientem?
1779 2258 2201 2333 Numquamne

143 2340 421 2415 intelligis
452 2342 837 2403 statuendum
864 2341 971 2404 tibi
998 2356 1141 2404 esse
1174 2348 1374 2402 utrum
1402 2340 1518 2414 illi,
1559 2339 1666 2415 qui
1691 2341 1870 2403 istam
1901 2357 2029 2403 rem
2059 2356 2200 2417 ges-

144 2432 380 2495 serunt,
439 2422 791 2487 homicidae
841 2424 965 2484 sint
1014 2440 1091 2484 an
1143 2423 1425 2485 vindices
1475 2422 1814 2485 libertatis?
1895 2424 2052 2486 Xlll.
2095 2421 2198 2505 2⁹91.

146 2507 397 2569 Attende
458 2506 617 2568 enim
676 2505 1013 2585 paullisper
1078 2505 1628 2583 cogitationemque
1676 2506 1870 2568 sobrii
1933 2506 2196 2569 hominis

146 2598 427 2665 punctum
475 2590 767 2666 temporis
807 2589 1077 2667 suscipe.
1146 2590 1310 2666 Ego,
1353 2589 1460 2667 qui
1489 2606 1625 2651 sum
1653 2588 1923 2663 illorum,
1963 2599 2032 2652 ut
2061 2591 2201 2665 ipse

146 2675 362 2745 fateor,
406 2672 745 2747 familiaris,
796 2680 865 2734 ut
900 2690 941 2734 a
979 2681 1038 2734 te
1076 2688 1332 2749 arguor,
1375 2672 1615 2745 socius,
1653 2688 1814 2747 nego
1865 2673 2201 2747 quidquam

146 2770 286 2816 esse
310 2753 605 2816 medium=
642 2754 943 2817 confiteor
970 2772 1111 2827 eos,
1157 2755 1276 2815 nisi
1305 2754 1663 2817 liberatores
1695 2754 1908 2829 populi
1939 2752 2200 2815 Romani

146 2843 728 2913 conservatoresque
754 2836 845 2897 rei
874 2838 1158 2913 publicae
1186 2836 1335 2911 sint,
1370 2839 1509 2913 plus
1540 2851 1722 2911 quam
1753 2837 2029 2909 sicarios,
2057 2838 2199 2913 plus

152 2934 319 2997 quam
344 2918 716 2993 homicidas,
761 2921 903 2995 plus
942 2919 1123 2982 etiam
1164 2933 1346 2994 quam
1386 2918 1724 2995 parricidas
1763 2936 1936 2981 essee
1977 2920 2032 2981 si
2067 2918 2201 2996 qui-

80 3054 83 3059 .
149 3005 281 3083 dem
310 3009 404 3064 est
432 3002 701 3064 atrocius
732 3004 962 3079 patriae
990 3010 1304 3079 parentem
1335 3018 1516 3079 quam
1543 3018 1721 3064 suum
1746 3002 2048 3065 occidere.
2089 3004 2198 3075 Tu,

150 3086 317 3147 homo
347 3085 597 3162 sapiens
628 3095 691 3147 et
713 3084 1129 3159 considerate,
1166 3084 1315 3162 quid
1345 3085 1542 3147 dicis?
1599 3086 1667 3147 Si
1696 3085 2053 3161 parricidas,
2089 3100 2202 3146 cur

150 3168 383 3230 honoris
425 3184 614 3232 causa
653 3185 691 3229 a
735 3176 795 3231 te
834 3177 976 3230 sunt
1013 3177 1073 3230 et
1118 3168 1178 3227 in
1207 3168 1329 3229 hoe
1361 3168 1577 3230 ordine
1613 3176 1671 3231 et
1703 3170 1870 3244 apud
1901 3168 2194 3245 populum

158 3253 471 3313 Romanum
522 3266 771 3329 semper
828 3250 1159 3329 appellati?
1247 3252 1366 3313 Cur
1404 3252 1483 3311 M.
1525 3253 1749 3314 Brutus
1799 3254 2098 3311 referente
2138 3257 2202 3312 te

154 3332 371 3407 tegibus
393 3340 488 3395 est
508 3336 764 3409 solutus,
786 3335 841 3397 si
862 3336 941 3397 ab
963 3335 1115 3397 urbe
1138 3328 1278 3413 plus
1302 3350 1485 3411 quam
1507 3335 1721 3396 decem
1743 3333 1876 3397 dies
1900 3332 2208 3397 afuisset?
