2459 3817
240 86 371 155 264
532 96 609 156 IN
636 96 719 157 M.
750 92 1151 157 amomum
1182 90 1470 155 ORATIO
1502 92 1926 156 PHILIPPICA
1957 98 2034 157 11.

238 270 549 359 tamquam
568 258 827 331 tieem
848 259 1167 319 consulem
1191 258 1546 319 salutarent.
1589 258 1954 320 Incredibile
1977 260 2204 331 diem,
2237 266 2348 325 sed

238 346 429 408 nihilo
440 343 642 406 minus
654 340 815 403 inter
828 355 1043 403 omncs
1054 340 1382 402 constabat
1393 339 1696 401 neminem
1709 357 1856 403 esse
1875 346 2391 414 resalutatum,

242 424 601 505 pne-erum
632 440 819 501 quum
846 424 1007 485 dnos
1038 438 1248 484 cecum
1275 423 1632 497 Anagninos
1659 421 1944 493 haberet,
1981 424 2348 487 Mustelam

242 517 303 575 et
320 510 652 569 Laconcmz
700 521 957 581 quorum
985 505 1137 567 alter
1164 504 1506 579 gladiorum
1531 512 1627 565 est
1655 502 1980 579 princeps,
2015 509 2206 567 alter
2233 528 2342 585 po-

240 592 531 653 culorum.
620 585 762 649 107.
802 586 958 661 Quid
996 602 1113 683 ogo
1158 586 1296 647 illas
1333 585 1512 648 istius
1538 584 1736 645 minas
1771 588 2342 665 contumeliasque

238 683 733 741 commemorem,
794 670 1017 745 quibus
1070 670 1346 730 invectus
1399 678 1498 729 est
1551 669 1614 728 in
1653 667 2002 745 Sidicinos,
2067 678 2340 733 vexavit

235 752 632 826 Puteolan08‚
674 752 845 829 quod
884 752 947 813 C.
990 751 1266 814 Cassium
1307 761 1366 812 et
1401 751 1624 811 Brutos
1665 758 1960 826 patronos
2013 756 2334 830 adoptas-

240 840 421 897 centn
456 834 679 910 Magno
708 835 955 910 quidem
982 832 1195 896 studio
1252 830 1514 903 iudicio,
1539 833 1964 894 benevolentia
1981 881 2000 907 ,
2037 838 2329 911 caritate,

236 934 359 979 non
394 922 467 977 ut
515 924 583 981 tc
624 924 689 979 ot
722 916 1021 989 Basilum,
1058 914 1122 976 vi
1156 922 1217 976 et
1259 917 1474 989 armis,
1523 923 1586 976 ct
1623 914 1780 976 alios
1813 919 2010 977 vestri
2057 918 2326 993 similes,

238 1016 401 1075 quos
442 1000 693 1061 clientes
734 1013 915 1061 nemo
952 998 1179 1059 habere
1224 998 1402 1070 velit,
1447 1014 1574 1093 non
1611 998 1792 1058 modo
1831 998 2088 1061 illorum
2121 1002 2326 1063 cliens

242 1097 407 1144 esse.
491 1082 669 1143 XLII.
709 1082 949 1143 Interea
988 1082 1130 1142 dum
1158 1089 1225 1141 tu
1249 1079 1430 1154 abes,
1473 1078 1580 1155 qui
1611 1081 1744 1141 dies
1773 1080 1874 1141 ille
1905 1083 2212 1181 collegae
2245 1085 2324 1145 tui

236 1161 379 1236 fuit,
438 1154 625 1241 uuum
664 1164 843 1235 illud,
902 1164 1070 1240 quod
1110 1162 1388 1224 venerari
1427 1162 1708 1236 solebas,
1766 1163 2017 1224 bustum
2063 1167 2131 1225 in
2187 1169 2324 1228 foro

236 1246 494 1309 evertit&
546 1245 677 1320 Qua
716 1263 784 1307 re
824 1246 929 1309 tibi
972 1244 1278 1317 nuntiata,
1333 1253 1402 1305 ut
1441 1244 1760 1305 constabat
1797 1244 1953 1305 inter
1995 1262 2159 1319 ece,
2223 1249 2320 1323 qui

232 1344 359 1387 una
386 1330 654 1399 ruerunt,
686 1328 1026 1389 concidisti.
1069 1326 1225 1402 Quid
1259 1326 1531 1388 evenerit
1551 1334 1769 1403 postea
1791 1327 2032 1388 nescio.
2081 1330 2318 1391 Metam
2390 1344 2391 1397 ξ

236 1409 423 1469 credo
468 1411 739 1469 valuisse
776 1418 840 1470 et
882 1426 1070 1471 arma.
1144 1409 1448 1485 collegam
1491 1409 1732 1483 quidem
1775 1410 1854 1469 de
1884 1412 2072 1471 caelo
2115 1414 2316 1473 detra-
2390 1398 2391 1419 ¹

236 1490 379 1557 xisti
422 1488 805 1565 effecistique
856 1508 979 1552 non
1010 1499 1071 1551 ιιι
1100 1490 1346 1565 quidem
1373 1490 1556 1553 etiam
1601 1507 1760 1553 nunc
1815 1500 1884 1553 ιιι
1927 1492 2164 1555 similis
2215 1496 2312 1567 tui,

236 1574 351 1635 sed
384 1581 547 1634 certe
588 1581 657 1634 ut
688 1570 1003 1635 dissimilis
1031 1585 1201 1635 esset
1228 1573 1344 1635 sui.

360 1654 501 1719 108.
558 1655 671 1731 Qui
718 1672 865 1718 vero
902 1655 1045 1717 inde
1082 1654 1316 1717 reditus
1355 1657 1638 1718 Romam!
1696 1656 1864 1731 Quae
1908 1660 2306 1731 perturbatio

237 1739 425 1801 totius
450 1739 651 1801 urbis!
706 1738 1173 1800 Memineramus
1203 1737 1454 1799 cinnam
1487 1738 1664 1799 nimis
1693 1746 2041 1814 potentem,
2073 1742 2312 1803 Sullam

234 1831 451 1897 postea
490 1820 930 1883 dominantem=
974 1822 1157 1883 modo
1194 1821 1514 1883 caesarem
1544 1830 1894 1897 regnantem
1927 1822 2312 1887 videramus.

231 1904 419 1965 Erant
448 1905 710 1965 fortasse
740 1904 956 1979 gladii,
986 1904 1099 1963 sed
1126 1902 1474 1966 absconditi
1497 1920 1614 1965 nec
1641 1907 1724 1967 ita
1753 1906 1938 1966 multi.
1983 1906 2120 1966 Ista
2161 1925 2310 1969 vero

236 2002 393 2061 quae
437 1994 499 2047 et
541 1994 765 2061 quanta
809 1987 1087 2047 barbaria
1116 1994 1239 2048 est!
1285 1988 1543 2063 Agmine
1576 1988 1870 2062 quadrato
1905 2004 2048 2049 cum
2077 1991 2312 2063 gladiis

235 2076 602 2143 sequuntur=
656 2076 965 2131 scutorum
1010 2069 1260 2132 lecticas
1303 2070 1530 2143 portari
1569 2070 1871 2131 videmus.
1946 2072 2168 2146 Atque
2212 2074 2308 2133 his

234 2150 483 2225 quidem
507 2150 627 2211 iarn
657 2150 1038 2223 inveteratiS‚
1086 2160 1292 2226 patres
1325 2150 1680 2226 conscripti,
1712 2154 2171 2215 consuetudine
2203 2158 2305 2215 ob-

234 2231 568 2294 duruimuS.
637 2232 932 2295 Kalendis
972 2234 1160 2295 Iuniis
1201 2250 1385 2308 quum
1435 2235 1496 2294 in
1539 2243 1845 2308 senatum,
1889 2244 1956 2295 ut
1981 2244 2120 2297 erat
2157 2254 2304 2301 con-

232 2316 521 2385 stitutum,
545 2316 755 2375 venire
785 2317 1096 2391 vellemuS,
1126 2322 1288 2377 metu
1313 2316 1607 2392 perterriti
1645 2326 1900 2392 repente
1911 2316 2300 2393 diffugimus.

233 2396 377 2459 109.
433 2398 516 2457 At
562 2395 708 2470 iste,
772 2400 875 2472 qui
932 2409 1149 2461 senatu
1198 2416 1320 2459 non
1371 2406 1604 2474 egeret,
1672 2416 1873 2475 neque
1922 2400 2302 2464 desideravit

236 2494 604 2555 quemquam
642 2488 703 2540 et
741 2480 943 2555 potius
986 2482 1274 2542 discessu
1311 2489 1521 2543 nostro
1553 2483 1810 2543 laetatus
1839 2491 1935 2543 est
1965 2484 2300 2560 statimque

229 2563 335 2624 illa
379 2561 673 2625 mirabilia
711 2562 986 2624 facinora
1014 2562 1232 2626 effecit.
1301 2564 1415 2637 Qui
1445 2562 1846 2640 chirographa
1874 2564 2159 2627 Caesaris
2192 2570 2294 2628 de-

233 2645 533 2709 fendisset
559 2645 711 2708 lucri
740 2647 835 2708 sui
856 2662 1063 2720 causa,
1091 2645 1147 2707 is
1168 2648 1337 2720 leges
1362 2646 1639 2707 Caesaris
1661 2664 1896 2723 easque
1918 2652 2290 2724 praeclaraS,

232 2739 299 2790 ut
338 2746 468 2789 rem
497 2731 797 2805 publicam
827 2738 1154 2792 concutere
1183 2738 1428 2804 posset,
1470 2729 1711 2791 evertit·
1755 2746 2070 2792 numerum
2102 2748 2286 2794 anno·

231 2828 365 2871 rum
395 2812 725 2887 provinciis
744 2812 1135 2910 prorogavit?
1169 2811 1472 2887 idemque,
1503 2830 1688 2888 quum
1711 2820 1980 2893 actorum
2012 2813 2280 2875 Caesaris

232 2895 525 2954 defensor
551 2912 694 2956 esse
725 2884 991 2969 deberet,
1024 2904 1087 2957 et
1113 2895 1172 2956 in
1202 2896 1462 2972 publicis
1493 2903 1554 2956 et
1580 2896 1640 2956 in
1669 2896 1923 2972 privatis
1945 2896 2127 2957 rebus
2147 2906 2280 2957 acta

234 2975 511 3037 Caesaris
546 2978 815 3041 rescidit.
905 2980 974 3040 In
1008 2978 1267 3054 publicis
1300 2978 1444 3037 nihil
1472 2987 1567 3040 est
1594 2980 1729 3053 lege
1757 2980 2032 3053 gravius=
2070 2977 2128 3037 in
2157 2980 2274 3053 pri·

232 3058 389 3121 vatis
424 3058 833 3120 firmissimum
863 3069 959 3122 est
983 3068 1420 3123 testamentum.
1463 3061 1658 3136 Leges
1693 3063 1842 3121 alias
1867 3062 1998 3121 sine
2021 3064 2271 3135 promul-

234 3141 476 3215 gatione
506 3140 775 3215 sustulit,
808 3142 959 3201 alias
990 3152 1057 3201 ut
1088 3145 1328 3204 tolleret
1359 3144 1782 3219 promulgavit.
1837 3144 2272 3204 Testamentum

232 3220 461 3283 irritum
502 3225 674 3284 fecit=
718 3225 885 3297 quod
924 3224 1101 3282 etiam
1141 3224 1366 3284 infimis
1405 3224 1640 3285 civibus
1685 3242 1930 3301 semper
1973 3223 2264 3285 obtentum

232 3310 345 3361 est.
435 3302 650 3375 Signa,
704 3303 971 3388 tabulata,
1014 3319 1169 3377 quas
1214 3307 1446 3379 populo
1491 3306 1715 3366 Caesar
1754 3325 1876 3368 una
1911 3324 2048 3369 cum
2086 3306 2264 3368 hortis
