2459 3817
204 262 325 327 166
709 262 787 321 IN
816 260 879 321 C.
911 262 1242 321 VERREM
1271 260 1436 321 ACT.
1467 260 1540 319 11.
1563 260 1707 319 ΠΒ.
1729 260 1806 319 V.

202 423 416 477 testem
474 411 765 471 adhibere
805 428 1079 487 possem.
1137 412 1333 472 Furor
1375 412 1534 471 enim
1576 408 1854 484 quidam,
1911 407 2164 469 sceleris
2206 414 2266 468 et

200 496 494 557 audaciae
536 510 774 568 comeS,
810 494 985 554 istius
1025 494 1382 555 effrenatum
1434 494 1696 552 animum
1740 490 2260 565 importunamque

200 587 476 640 naturam
516 584 680 637 tanta
720 578 1031 651 oppressit
1071 579 1363 652 amentia,
1403 584 1470 637 ut
1507 590 1833 650 numquam
1875 574 2176 633 dubitaret
2205 572 2264 633 in

202 668 509 724 conventu
542 661 743 736 palam
764 659 1083 735 supplicia,
1116 660 1356 733 quaein
1385 659 1702 719 convictos
1732 654 2016 717 maleficii
2043 672 2264 715 servos

204 744 531 807 constituta
560 750 732 814 sunt,
767 742 925 803 eain
958 742 1129 803 cives
1162 744 1472 803 Romanos
1500 756 1879 815 expromere.
1944 736 2086 799 140.
2128 737 2267 798 Vir·

202 830 297 903 gis
328 844 510 903 quam
536 827 761 887 multos
793 824 1083 887 ceciderit
1124 824 1271 899 quid
1299 841 1414 901 ego
1445 827 1953 885 commemorem?
2013 823 2268 882 Tantum

204 911 595 981 brevissime,
624 907 892 982 iudices,
924 908 1092 969 dico:
1136 909 1364 968 nullum
1404 905 1518 967 fuit
1561 908 1804 967 omnino
1845 903 2106 966 civitatis
2148 904 2266 964 isto

204 1002 485 1069 praetore
514 992 576 1052 in
607 991 726 1052 hoc
757 1008 982 1066 genere
1024 990 1372 1051 discrimen.
1431 992 1646 1065 ltaque
1674 989 1794 1048 iam
1825 986 2268 1049 consuetudine

207 1079 287 1137 ad
332 1092 595 1149 corpora
642 1074 863 1135 civium
891 1076 1304 1135 Romanorum
1351 1073 1532 1134 etiam
1565 1073 1698 1133 sine
1729 1071 1906 1133 istius
1935 1078 2085 1131 nutu
2115 1072 2264 1130 sere-

206 1161 384 1221 batur
415 1176 631 1218 manus
662 1157 799 1233 ipsa
830 1157 1079 1218 lictoris.

372 1244 527 1301 LlV.
590 1242 745 1301 Num
780 1250 960 1315 potes
995 1241 1112 1301 hoc
1146 1257 1402 1315 negare,
1429 1242 1690 1314 Verres,
1719 1238 1780 1299 in
1810 1241 1945 1300 foro
1972 1236 2256 1315 Lilybaei,

206 1326 469 1387 maximo
496 1331 819 1397 conventu,
855 1323 917 1383 C.
941 1323 1283 1395 Servilium,
1314 1323 1509 1384 civem
1533 1325 1872 1385 Romanum
1901 1339 1936 1382 e
1965 1329 2266 1383 conventu

214 1408 715 1479 Panhormitano,
743 1414 1012 1466 veterem
1046 1406 1507 1481 negotiatorem,
1555 1407 1634 1467 ad
1663 1405 1922 1467 tribunal
1939 1449 1956 1476 ,
1997 1413 2135 1464 ante
2165 1420 2266 1478 pe-

215 1494 329 1551 des
371 1498 541 1558 tuos,
576 1490 657 1548 ad
693 1497 911 1548 terram
950 1487 1137 1563 virgis
1178 1497 1240 1549 et
1277 1488 1636 1550 verberibus
1675 1490 1976 1549 abiectum
1997 1494 2027 1545 ἵ
2091 1486 2270 1547 Aude

212 1576 331 1635 hoc
362 1571 619 1647 primum
650 1586 905 1645 negare,
934 1570 987 1632 si
1016 1579 1226 1646 potes:
1273 1587 1450 1631 nemo
1472 1571 1748 1648 Lilybaei
1781 1572 1891 1632 suit
1924 1569 2070 1646 quin
2101 1570 2268 1630 vide·

210 1657 317 1727 rit,
349 1671 527 1716 nemo
558 1654 618 1714 in
656 1653 862 1713 Sicilia
892 1653 1036 1729 quin
1066 1654 1342 1716 audierit.
1409 1653 1610 1730 Plagis
1657 1656 2002 1715 confectum
2052 1653 2190 1713 dico
2234 1668 2271 1710 a

212 1738 529 1800 lictoribus
560 1738 679 1799 tuis
715 1739 909 1797 civem
939 1738 1277 1798 Romanum
1319 1746 1458 1799 ante
1485 1739 1700 1799 oculos
1728 1746 1870 1799 tuos
1903 1735 2272 1797 concidisse.

214 1821 356 1895 141.
415 1830 498 1884 At
538 1838 720 1897 quam
761 1822 840 1882 ob
888 1833 1163 1893 causam,
1210 1821 1272 1881 di
1300 1822 1696 1883 immortales!
1730 1818 1966 1881 tametsi
1993 1818 2272 1879 iniuriam

213 1907 369 1966 facio
401 1904 702 1965 communi
732 1920 957 1965 causae
986 1911 1046 1964 et
1069 1904 1184 1965 iuri
1210 1903 1499 1965 eivitatis=
1543 1904 1721 1979 quasi
1751 1904 1908 1964 enim
1931 1903 2052 1964 ulla
2076 1902 2275 1977 possit

214 2004 359 2048 esse
408 2003 595 2047 causa
650 2003 758 2047 cur
797 1988 917 2049 hoc
960 1987 1242 2063 cuiquam
1284 1986 1405 2047 civi
1430 1989 1706 2049 Romano
1741 1986 1872 2047 iure
1899 1986 2162 2057 accidat,
2190 1984 2274 2045 ita

216 2086 448 2145 quaero
484 2086 641 2143 quae
684 2068 745 2127 in
782 2069 1039 2130 Servilio
1071 2087 1260 2131 causa
1295 2072 1491 2131 fuerit.
1555 2069 1860 2147 Ignoscite
1887 2068 1948 2129 in
1978 2068 2098 2128 hoc
2128 2084 2272 2138 uno,

213 2152 482 2213 iudices:
525 2151 586 2211 in
616 2151 873 2211 caeteris
905 2151 1064 2211 enim
1093 2170 1213 2213 non
1236 2168 1455 2228 magno
1487 2170 1674 2229 opere
1701 2168 1922 2213 causas
1947 2150 2272 2226 requiram.

213 2236 484 2296 Locutus
536 2242 668 2295 erat
715 2233 965 2295 liberius
1006 2236 1085 2294 de
1128 2234 1306 2295 istius
1349 2234 1729 2311 improbitate
1770 2244 1956 2309 atque
1984 2232 2272 2308 nequitia.

215 2318 392 2391 Quod
414 2316 515 2379 isti
540 2317 817 2377 simulac
837 2319 1238 2381 renuntiatum
1273 2325 1384 2390 est,
1416 2319 1716 2379 hominem
1742 2318 1906 2378 iubet
1918 2316 2272 2393 Lilybaeum

212 2401 627 2461 vadimonium
645 2399 917 2460 'Venerio
948 2416 1129 2461 servo
1160 2402 1527 2475 promittere.
1569 2400 1880 2463 Promittit.
1917 2398 2273 2477 Lilybaeum

214 2482 471 2542 venitur.
535 2484 767 2557 Cogere
796 2498 934 2543 eum
963 2484 1195 2558 coepit,
1229 2501 1414 2559 quum
1444 2493 1652 2559 ageret
1681 2500 1889 2554 nemo,
1935 2498 2113 2543 nemo
2136 2477 2273 2556 ‘po-

218 2567 500 2636 stularet,
534 2565 1482 2640 sponsionem[duorum]milium
1511 2584 1758 2629 numum
1790 2568 1991 2627 facere
2021 2580 2159 2623 cum
2203 2560 2270 2622 li-

216 2658 385 2709 0201'8
428 2665 575 2721 SUO,
618 2664 681 2707 m
728 2664 933 2709 Funus
980 2664 1291 2717 Quats‘ruu
1331 2666 1613 2709 FACERET.
1675 2652 2162 2724 Recuperatol'es
2204 2660 2274 2704 SO
2362 2691 2365 2695 ·

216 2732 295 2791 de
342 2730 593 2791 cohorte
636 2747 749 2792 sua
792 2731 1031 2791 dicebat
1062 2731 1358 2792 daturum.
1422 2732 1716 2793 Servilius
1765 2740 1826 2792 et
1876 2744 2166 2791 recusare
2215 2736 2276 2787 et

215 2813 561 2888 deprecari,
604 2830 683 2875 ne
725 2813 950 2887 iniquis
981 2813 1314 2887 iudicibus,
1353 2815 1516 2876 nullo
1561 2814 1944 2886 adversario,
1987 2811 2276 2873 iudicium

216 2894 433 2969 capitis
483 2896 545 2954 in
591 2913 661 2957 se
704 2897 1188 2958 constitueretur.
1252 2896 1392 2959 142.
1456 2900 1622 2957 Haec
1667 2914 1852 2972 quum
1895 2895 2156 2955 maxime
2189 2895 2276 2952 lo·

222 2986 533 3053 queretur,
577 2995 692 3039 sex
724 2978 969 3040 lictores
1000 2980 1450 3041 circumsistunt
1475 2978 1873 3041 valentissimi
1915 2986 1976 3040 et
2015 2979 2096 3038 ad
2146 2978 2276 3051 pul·

219 3061 450 3122 sandos
511 3061 1053 3137 verberandosque
1104 3061 1386 3123 homines
1443 3060 1958 3123 exercitatissimi:
2013 3059 2274 3121 caedunt

218 3142 509 3205 acerrime
538 3143 758 3218 virgisz
804 3144 1071 3219 denique
1099 3144 1415 3219 proximus
1444 3144 1646 3219 lictor,
1670 3146 1748 3205 de
1779 3161 1902 3219 quo
1935 3144 2052 3203 iam
2085 3156 2276 3215 saepe

218 3226 373 3297 dixi,
422 3226 701 3300 SextiuS,
734 3242 1037 3287 converso
1070 3227 1320 3299 baculo,
1349 3229 1565 3290 oculos
1597 3227 1822 3288 misero
1866 3227 2123 3287 tundere
2168 3240 2273 3283 ve·

218 3308 668 3370 hementissime
719 3308 940 3384 coepit.
1004 3311 1215 3384 Itaque
1254 3309 1387 3383 ille,
1435 3326 1620 3386 quum
1647 3308 1899 3385 sanguis
1930 3325 2003 3370 os
2031 3308 2278 3369 oculos·

224 3408 345 3468 que
378 3394 784 3466 complesset,
837 3389 1130 3451 conciditz
1190 3407 1380 3466 quum
1429 3390 1518 3451 illi
1567 3391 1752 3451 nihilo
1803 3391 2004 3452 minus
2059 3390 2282 3452 iacenti

172 3508 178 3516 ·
226 3472 417 3517 '‘²⁴⁶⁸'‘
432 3475 788 3547 tunderent,
816 3481 885 3535 ut
919 3474 1248 3549 aliquando
1279 3474 1595 3549 spondere
1621 3490 1692 3534 se
1722 3475 1978 3535 diceret.
2048 3473 2150 3534 Sic
2181 3474 2284 3533 ille
