2459 3817
265 131 400 199 224
562 136 642 198 m
676 136 754 197 M.
778 133 1183 201 monium
1210 116 1496 199 οιιιιτιο
1523 132 1946 201 ΡιιιιιΡΡιοΑ
1973 132 2049 197 ιι.

252 284 635 351 clarissimos
664 285 830 351 viros
853 288 1019 351 soles
1048 287 1381 365 appellare,
1412 294 1638 351 tantam
1657 294 1871 355 essent
1893 283 2150 363 gloriam
2179 300 2332 349 con·

254 370 474 434 secuti.
540 370 729 445 Quale
756 380 957 433 autem
985 370 1348 435 beneficium
1377 379 1500 444 est,
1537 372 1708 450 quod
1733 378 1794 435 te
1822 368 2192 433 abstinueris
2223 386 2334 432 ne·

259 451 415 516 fario
444 456 723 517 scelere?
791 453 971 527 Qua
952 470 1015 513 ιιι
1046 470 1117 515 re
1146 470 1275 518 non
1302 462 1424 515 tam
1455 454 1786 517 iucundum
1813 452 1959 517 mihi
1992 450 2192 517 videri
2223 454 2336 515 de·

258 536 525 599 buitnon
540 536 1033 601 interfecttunme
1046 544 1162 599 ate
1177 552 1361 613 quam
1385 536 1678 599 miserum
1688 536 1860 601 teid
1844 552 2092 613 impune
2121 537 2340 599 tacere

262 618 560 695 potuisse.
646 618 707 679 6.
738 616 863 678 Sed
892 618 973 680 sit
1006 618 1403 693 beneficium,
1441 620 1688 695 quando
1719 619 1967 697 quidem
1997 619 2198 681 maius
2227 636 2339 681 ac-

253 700 381 777 cipi
412 717 451 761 a
492 702 727 763 latrone
771 702 1001 765 nullum
1028 703 1253 779 potuim
1297 701 1360 763 in
1396 718 1520 779 quo
1549 710 1728 780 potes
1765 720 1862 763 me
1890 702 2096 767 dicere
2123 702 2338 778 ingra-

256 790 426 847 tum*
476 787 575 847 An
616 784 695 845 de
734 781 983 851 interitu
1014 783 1104 847 rei
1134 784 1415 861 publicae
1445 785 1618 861 queri
1647 802 1770 849 non
1798 786 1983 849 debui
2003 832 2022 860 ,
2065 802 2144 849 ne
2175 787 2238 846 in
2271 796 2336 848 te

256 866 531 945 ingratus
560 866 843 931 viderer?
894 871 977 931 At
1014 868 1077 929 in
1106 867 1208 929 illa
1237 868 1526 945 querella,
1557 870 1780 934 misera
1823 868 2072 945 quidem
2103 877 2172 931 et
2201 872 2332 931 lue·

256 961 468 1025 tuosa‚
509 951 623 1013 sed
664 948 809 1011 mihi
840 966 949 1027 pro
969 950 1090 1015 hoc
1114 952 1338 1031 gradu,
1365 952 1428 1014 in
1459 968 1580 1029 quo
1613 968 1710 1015 me
1745 961 1996 1015 senatus
2027 955 2332 1029 populus-

254 1051 383 1111 que
409 1037 725 1100 Romanus
752 1035 1101 1109 collocavit,
1142 1033 1526 1110 necessaria,
1569 1035 1717 1112 quid
1758 1044 1855 1097 est
1898 1036 2125 1099 dictum
2156 1054 2196 1097 a
2227 1052 2330 1097 me

254 1134 399 1181 cum
442 1117 848 1181 contumelia?
910 1115 1061 1193 quid
1116 1134 1242 1179 non
1289 1118 1644 1181 moderate?
1709 1118 1858 1195 quid
1910 1136 2036 1182 non
2086 1120 2331 1183 amice?

254 1201 437 1276 Quod
465 1201 712 1278 quidem
742 1198 917 1265 cuius
946 1200 1378 1277 temperantiae
1410 1200 1521 1265 ruit
1547 1202 1625 1265 de
1651 1200 1732 1263 Μ.
1763 1201 2029 1264 Antonio
2063 1218 2327 1278 queren-

254 1295 377 1347 tem
408 1284 714 1347 abstinere
746 1283 1107 1363 maledictis,
1158 1285 1517 1361 praesertim
1567 1301 1754 1363 quum
1798 1292 1863 1347 tu
1903 1284 2198 1363 reliquias
2235 1284 2326 1347 rei

256 1365 543 1445 publicae
570 1365 1047 1443 dissipavisses,
1091 1385 1282 1444 quum
1309 1367 1474 1431 domi
1501 1376 1642 1431 tuae
1668 1366 2022 1444 turpissimo
2051 1377 2328 1431 mercatu

256 1446 469 1511 omnia
498 1457 709 1513 essent
738 1448 1004 1524 venalia,
1042 1467 1228 1527 quum
1258 1452 1428 1527 leges
1459 1468 1598 1525 eas,
1634 1468 1792 1527 quae
1818 1467 2146 1529 numquam
2176 1468 2324 1527 pro-

256 1532 563 1607 mulgatae
604 1540 843 1607 essent,
893 1542 955 1595 et
991 1533 1071 1593 de
1114 1542 1175 1595 te
1214 1542 1277 1597 et
1313 1550 1353 1595 a
1391 1544 1450 1596 te
1491 1536 1646 1597 latas
1691 1536 2082 1609 confiterere,
2134 1551 2326 1610 quum

252 1614 539 1691 auspicia
570 1631 782 1692 augur,
810 1613 1318 1681 intercessionem
1347 1618 1564 1681 consul
1585 1618 1976 1693 sustulisses,
2007 1633 2199 1695 quum
2228 1634 2322 1681 es·

252 1711 364 1757 ses
395 1695 758 1759 foedissime
785 1696 1047 1773 stipatus
1074 1696 1343 1770 armatis,
1371 1714 1560 1773 quum
1585 1714 1800 1761 omnes
1820 1698 2330 1776 impuritatesim·

257 1779 527 1853 pudica
510 1796 573 1841 ιιι
596 1780 781 1843 domo
808 1780 1035 1845 cotidie
1057 1781 1434 1859 susciperes,
1459 1782 1603 1845 vino
1627 1782 1974 1859 lustrisque
1980 1782 2330 1845 confectus.

254 1860 320 1927 7.
366 1868 449 1926 At
486 1866 634 1939 ego,
673 1871 982 1938 tamquam
1026 1860 1171 1921 mihi
1212 1876 1352 1921 cnm
1389 1860 1470 1921 M.
1518 1860 1742 1921 Crasso
1784 1857 2091 1920 contentio
2138 1865 2330 1930 esset,

256 1962 536 2043 quocum·
556 1947 778 2009 multae
806 1953 866 2007 et
892 1960 1148 2019 magnae
1179 1945 1447 2018 fuerunt,
1497 1959 1621 2004 ιιοιι
1669 1957 1805 2003 eum
1836 1958 1959 2003 uno
1989 1939 2332 2015 gladiatore

260 2027 673 2105 nequissimo,
702 2030 780 2089 de
808 2044 875 2090 re
906 2025 1151 2105 publica
1182 2026 1446 2102 graviter
1479 2042 1760 2102 querens,
1793 2026 1872 2085 de
1902 2023 2148 2087 homine
2181 2023 2334 2083 nihil

259 2112 409 2174 dixi.
466 2114 681 2187 ltaque
708 2111 891 2173 hodie
925 2109 1236 2186 perficiam
1252 2156 1269 2185 ,
1297 2118 1362 2171 ut
1386 2110 1683 2185 intelllgat
1709 2114 2000 2184 quantum
2026 2122 2064 2166 a
2093 2122 2196 2168 me
2224 2107 2334 2167 be-

261 2194 545 2259 neficium
568 2202 694 2257 tum
723 2194 1048 2271 acceperit.
1137 2194 1242 2254 lv.
1272 2194 1352 2255 At
1379 2192 1564 2254 etiam
1595 2192 1857 2264 litteras,
1895 2206 2053 2267 quas
2081 2204 2183 2251 me
2213 2189 2335 2251 sibi

260 2277 509 2345 misisse
549 2273 811 2351 diseret‚
861 2276 1137 2339 recitavit
1224 2277 1408 2338 homo
1461 2285 1522 2336 et
1571 2272 1960 2339 humanitatis
1999 2288 2231 2349 expers
2275 2282 2335 2333 et

263 2362 423 2423 vitae
452 2358 792 2423 communis
822 2359 1089 2437 ignarus.
1145 2358 1292 2436 Quis
1317 2359 1475 2421 enim
1508 2373 1828 2434 umquam,
1910 2352 2018 2429 qui
2053 2352 2332 2427 paullum

261 2445 446 2506 modo
474 2445 772 2505 bonorum
796 2444 1298 2507 consuetudinem
1325 2450 1553 2515 nosset,
1586 2441 1814 2503 litteras
1835 2439 1915 2501 ad
1941 2455 2010 2500 se
2030 2440 2109 2498 ab
2132 2438 2332 2498 amico

262 2529 488 2589 missas
519 2524 865 2589 offensione
895 2528 1101 2602 aliqua
1126 2526 1485 2601 interposita
1518 2522 1577 2584 in
1621 2524 1886 2586 medium
1923 2520 2174 2597 protulit
2221 2536 2327 2595 pa·

262 2615 509 2691 lamque
536 2608 854 2672 recitavit?
912 2609 1069 2684 Quid
1097 2619 1193 2672 est
1218 2610 1383 2669 aliud
1411 2609 1623 2671 tollere
1639 2623 1721 2669 ex
1741 2605 1870 2669 vita
1892 2604 2056 2667 vitae
2071 2601 2328 2666 societa-

262 2704 416 2771 tem,
474 2696 686 2758 tollere
725 2692 1055 2755 amicorum
1098 2690 1407 2769 colloquia
1447 2690 1830 2753 absentium?
1906 2689 2098 2763 Quam
2146 2688 2329 2746 multa

262 2778 403 2840 ioca
440 2780 643 2842 solent
682 2792 827 2839 esse
872 2779 932 2838 in
978 2774 1288 2873 epistolis„
1343 2791 1503 2851 quae
1545 2775 1782 2851 prolata
1823 2772 1879 2834 si
1920 2771 2071 2844 sint,
2124 2768 2328 2844 inepta

266 2860 624 2923 videantur!
656 2878 843 2937 quam
870 2862 1058 2921 multa
1086 2858 1278 2933 seria,
1309 2874 1511 2934 neque
1540 2867 1742 2919 tamen
1770 2857 1895 2918 ullo
1921 2855 2107 2916 modo
2138 2852 2326 2912 divul-

265 2945 531 3019 gandal'
568 2944 629 3007 8.
675 2944 767 3005 Sit
796 2943 916 3004 hoc
944 2942 1429 3004 inhumanitatis·
1460 2940 1768 3002 stultitiam
1797 2936 2218 3000 incredibilem
2245 2936 2326 2995 vi·

267 3029 427 3091 dete.
502 3026 658 3100 Quid
712 3026 904 3087 habes
960 3028 1128 3103 quod
1168 3024 1315 3087 mihi
1360 3040 1674 3101 opponas,
1723 3024 1909 3085 homo
1959 3019 2223 3093 diserte,
2273 3025 2328 3079 ut

260 3116 565 3177 Mustelae
613 3120 675 3177 et
716 3112 926 3175 Tironi
972 3130 1117 3176 esse
1156 3111 1432 3174 videris?
1471 3111 1578 3189 qui
1624 3126 1813 3187 quum
1849 3110 1973 3171 hoe
2006 3108 2146 3183 ipso
2183 3116 2322 3170 tem·

262 3214 417 3271 pore
458 3204 625 3259 stent
663 3212 803 3257 cum
844 3197 1067 3271 gladiis
1106 3196 1166 3257 in
1212 3202 1560 3270 conspectu
1597 3202 1882 3267 senatus,
1927 3208 2047 3269 ego
2079 3206 2325 3267 quoque

264 3286 325 3339 te
365 3280 661 3343 disertum
706 3280 969 3356 putabo,
1014 3279 1069 3341 si
1111 3277 1461 3339 ostenderis
1505 3296 1630 3353 quo
1675 3280 1860 3343 modo
1895 3277 1981 3339 sis
2017 3291 2130 3338 eos
2169 3274 2326 3337 inter

265 3360 522 3424 sicarios
574 3365 966 3425 defensurus.
1065 3362 1191 3423 Sed
1243 3361 1389 3437 quid
1441 3377 1730 3440 opponas
1784 3362 2058 3434 tandem,
2119 3358 2174 3422 si
2225 3374 2326 3421 ne·

281 3702 421 3708 ἡ
2341 3594 2361 3738 l
