2459 3817
353 121 470 187 188
745 129 846 188 DE
873 125 1184 187 IMPERIO
1219 126 1334 187 CN.
1364 125 1668 188 POMPEII
1705 123 2007 186 ORATIO.

347 287 548 340 autem
596 294 808 338 omnes
851 285 1070 338 cuncta
1101 275 1253 337 Asia
1292 283 1477 351 atque
1508 275 1765 337 Graecia
1810 285 2079 336 vestrum
2113 275 2389 338 auxilium

347 359 709 436 exspectare
752 368 1007 435 propter
1043 359 1297 434 periculi
1341 357 1815 433 magnitudinem
1843 365 2172 433 coguntur-2
2211 357 2385 433 impe-

345 452 606 503 ratorem
648 459 686 502 a
731 442 910 502 vobis
951 450 1181 503 certum
1225 443 1600 517 deposcere,
1654 456 1839 516 quum
1882 439 2239 514 praesertim
2280 457 2392 502 vos

347 526 530 585 alium
559 523 862 599 miseritis,
893 540 1097 599 neque
1123 526 1351 586 audent
1378 541 1581 599 neque
1610 539 1681 586 se
1700 525 1763 583 id
1787 523 1987 584 lacere
2010 522 2143 584 sine
2165 539 2389 584 summo

349 607 619 684 pericu-lo
652 622 844 683 posse
870 606 1252 668 arbitrantur.
1310 607 1409 670 13.
1452 607 1679 669 Vident
1710 614 1771 668 et
1800 605 2067 670 sentiunt
2095 606 2212 666 hoc
2239 605 2389 666 idem

349 691 516 766 quod
556 704 702 764 voe,
748 707 934 750 unum
969 691 1162 750 virum
1192 706 1364 763 esse,
1407 689 1467 750 in
1500 706 1622 765 quo
1653 704 1891 752 summa
1918 689 2038 750 sint
2078 687 2303 764 omnia,
2337 698 2391 748 et

347 789 486 834 eum
519 781 770 848 propter
801 789 944 834 esse
959 818 977 848 ,
1007 789 1156 849 quo
1149 773 1345 834 etiam
1379 781 1587 834 carent
1614 771 1889 868 aegrius·
1928 771 2105 834 cuius
2138 771 2395 832 adventu

350 857 488 932 ipso
529 864 736 938 atque
753 857 1030 930 nomine,
1069 855 1309 918 tametsi
1341 855 1441 915 ille
1471 857 1550 917 ad
1579 852 1937 916 maritimum
1969 855 2193 916 bellum
2221 870 2388 916 vene

347 940 451 1014 rit,
496 947 695 999 tamen
737 937 1000 1014 impetus
1029 938 1296 999 hostium
1320 953 1648 1012 repressos
1676 952 1820 998 esse
1848 935 2185 1011 intelligunt
2209 952 2278 999 ac
2304 953 2391 996 re-

351 985 641 1082 tardatos
703 1021 780 1080 Hi
813 1038 958 1096 vos,
1003 1020 1311 1096 quoniam
1320 1019 1509 1082 libere
1542 1018 1711 1094 loqui
1738 1035 1863 1080 non
1891 1021 2075 1093 licet,
2099 1019 2275 1088 tacite
2298 1037 2390 1080 ro·

349 1111 524 1178 gant,
569 1111 637 1164 ut
675 1121 745 1164 se
781 1119 1060 1180 quoque,
1105 1103 1293 1166 sicut.
1332 1112 1669 1164 ceterarum
1699 1100 2147 1176 provinciarum
2176 1100 2396 1174 socioS,

349 1187 570 1262 dignos
612 1186 1000 1261 existimetis,
1043 1202 1303 1263 quorum
1340 1187 1597 1248 salutem
1636 1185 1739 1249 tali
1789 1185 1917 1248 viro
1950 1185 2391 1257 eommndetiS,

350 1279 534 1344 atq-ue
573 1268 693 1329 hoc
737 1269 916 1332 etiam
965 1270 1188 1345 magis,
1231 1269 1403 1345 quod
1477 1276 1719 1332 >ceteros
1763 1266 1825 1330 in
1859 1267 2235 1342 provinciam
2266 1267 2400 1326 eius

349 1353 513 1414 modi
555 1351 834 1414 homines
876 1368 1030 1413 cum·
1061 1351 1316 1426 imperio
1356 1352 1671 1422 mittimus,
1716 1357 1781 1411 ut
1824 1349 2003 1415 etia-m
2042 1349 2097 1410 si
2123 1351 2201 1412 ab
2228 1351 2404 1410 hoste

349 1434 706 1506 defendant,
751 1443 950 1494 tamen
992 1434 1269 1510 ipsorum
1309 1435 1621 1497 adventus·
1641 1432 1705 1494 in
1730 1433 1917 1494 urbes
1945 1431 2249 1494 sociorum
2279 1448 2403 1494 non

352 1518 600 1576 multum
641 1517 720 1575 ab
758 1515 963 1577 hostili
1009 1515 1461 1592 expugnatione
1500 1515 1815 1592 differant,
1872 1515 2033 1578 hune
2079 1515 2402 1580 audiebant

351 1607 548 1672 antea,
577 1614 739 1658 nunc
769 1607 1152 1674 praesentem
1173 1597 1385 1660 vident
1411 1607 1575 1660 tanta
1602 1600 2016 1674 temperantia,
2046 1607 2209 1660 tanta
2238 1616 2399 1660 man·

351 1682 701 1754 suetudine,
731 1690 898 1742 tanta
925 1681 1323 1754 humanitate,
1352 1690 1433 1743 ut
1464 1680 1507 1741 ii
1534 1681 1872 1746 beatissimi
1898 1698 2043 1746 esse
2071 1681 2404 1783 videantur,

353 1766 518 1842 apud
547 1780 708 1839 quos
737 1767 836 1826 ille
865 1764 1202 1827 diutissime
1229 1773 1653 1826 commoratur
1858 1801 1863 1808 ·

517 1846 977 1922 vl.14.cha
1018 1865 1088 1909 re
1127 1850 1180 1909 si
1220 1857 1472 1924 propter
1501 1847 1709 1911 socios
1734 1843 1945 1910 nulla-
1928 1845 2051 1924 ipsi
2075 1845 2293 1908 iniuria
2321 1849 2407 1906 la-

351 1929 558 1992 cessiti
589 1930 848 1991 maiores
878 1933 1069 1993 nostri
1097 1948 1239 1992 cum
1264 1931 1601 2005 Antiocho,
1632 1947 1771 1994 cum
1797 1931 2096 2006 Philippo,
2128 1946 2264 1992 cum
2283 1931 2405 1990 Ae-

353 2012 525 2085 toliS,
553 2027 691 2073 cum
719 2014 942 2074 Poenis
969 2015 1130 2075 bella
1155 2023 1509 2090 gesserunt,
1538 2023 1765 2089 quanto
1796 2030 1911 2076 vos
1940 2013 2143 2077 studio
2180 2027 2407 2074 conve-

353 2096 439 2154 nit
477 2093 711 2155 iniuriis
759 2105 1128 2170 provocatos
1173 2096 1483 2158 sociorum
1526 2099 1784 2163 salutem
1829 2114 1971 2166 una.
1997 2112 2135 2158 cum
2168 2094 2411 2170 imperii

351 2176 541 2238 vestri
569 2176 856 2252 dignitate
886 2179 1245 2255 defendere,
1276 2179 1637 2254 praesertim
1666 2197 1853 2255 quum
1877 2181 1959 2242 de
1985 2177 2274 2242 maximis
2300 2195 2410 2238 ve—

351 2260 492 2321 stris
521 2259 920 2334 vectigalibus
952 2269 1205 2337 agatur?
1274 2265 1424 2325 Nam
1452 2271 1791 2326 ceterarum
1820 2261 2273 2338 provinciarum
2303 2277 2411 2320 ve-

353 2341 621 2418 ctigalia,
669 2341 956 2416 Quirites',
1000 2352 1164 2406 tanta
1197 2354 1373 2420 sunt,
1412 2353 1477 2406 ut
1510 2345 1592 2407 iis
1620 2347 1701 2407 ad
1728 2345 1905 2422 ipsas
1930 2343 2283 2420 provincias
2316 2352 2413 2404 tu-

353 2427 566 2486 tandas
595 2424 702 2484 vix
731 2425 997 2488 contenti
1025 2443 1169 2489 esse
1198 2428 1541 2504 possimus,
1572 2429 1727 2490 Asia
1757 2443 1903 2490 vero
1933 2437 2053 2494 tam
2086 2427 2297 2504 opima
2318 2436 2420 2487 est

356 2523 429 2566 ac
477 2507 719 2581 lertilis,
759 2517 827 2568 ut
866 2517 927 2570 et
962 2510 1242 2572 ubertate
1280 2527 1561 2588 agrorum
1590 2520 1659 2574 ‚et
1686 2511 1978 2575 van'etate
2014 2513 2319 2574 fructuum
2355 2519 2423 2570 et

352 2585 760 2664 magnitudine
789 2589 1088 2666 pastionis
1119 2602 1180 2654 et
1207 2593 1587 2656 multitudine
1615 2611 1822 2658 earum
1846 2611 2081 2668 rerum,
2114 2611 2277 2669 quae
2306 2609 2418 2660 ex·

351 2681 690 2747 portentur,
732 2673 910 2734 facile
951 2675 1235 2736 omnibus
1274 2676 1449 2737 terris
1478 2679 1817 2740 antecellat.
1875 2679 2088 2752 Itaque
2117 2678 2275 2740 haec
2306 2693 2419 2736 vo-

349 2755 462 2814 bis
489 2757 832 2832 provincia,
872 2756 1161 2835 Quirites,
1208 2759 1263 2820 si
1307 2766 1381 2820 et
1394 2758 1544 2820 belli
1584 2759 1895 2824 utilitatem
1922 2769 1987 2826 et
2012 2761 2184 2836 pacis
2216 2757 2423 2832 digni-

355 2846 532 2898 tatem
569 2837 829 2901 retinere
861 2843 1084 2915 vultis,
1129 2859 1250 2903 non
1292 2841 1479 2904 modo
1518 2858 1557 2904 a
1594 2844 1962 2917 calamitate,
2004 2844 2117 2906 sed
2150 2841 2353 2904 etiam
2388 2859 2427 2900 a

351 2928 512 2980 metu
546 2922 900 2985 calamitatis
931 2934 1028 2986 est
1050 2926 1458 2986 defendenda.
1522 2924 1619 2986 15.
1660 2926 1812 2986 Nam
1843 2927 1930 2988 *in
1973 2924 2193 2986 ceteris
2222 2925 2429 2984 rebus

349 3019 536 3077 quum
565 3007 733 3066 ¹venit
763 3007 1105 3081 calamitas,
1151 3019 1277 3068 tum
1306 3005 1727 3070 detrimentum
1752 3008 2081 3082 accipitur}
2124 3015 2186 3070 at
2216 3007 2279 3066 in
2316 3024 2428 3066 ve-

351 3086 666 3160 ctigalibus
708 3103 831 3146 non
876 3089 1075 3148 solum
1117 3090 1419 3150 adventus
1459 3089 1634 3166 mali,
1678 3091 1793 3152 sed
1830 3091 2015 3153 etiam
2046 3099 2247 3155 metus
2280 3088 2430 3164 ipse

349 3168 548 3228 adfert
585 3167 1004 3230 calamitatem
1083 3171 1233 3230 Nam
1282 3189 1466 3245 quum
1506 3173 1773 3236 hostium
1812 3173 2034 3248 copiae
2074 3189 2202 3235 non⁴
2232 3173 2433 3246 longe

349 3249 601 3322 absunt,
645 3249 822 3310 etiam
851 3252 906 3310 si
939 3249 1192 3326 irruptio
1222 3254 1387 3315 nulla
1415 3255 1577 3316 lacta
1598 3266 1729 3331 est,
1772 3265 1974 3318 tamen
2006 3269 2207 3331 pecua
2235 3254 2425 3314 relin-

349 3339 644 3404 quuntur,
689 3331 820 3407 agri
853 3334 1085 3393 cultura
1121 3334 1461 3410 deseritur,
1496 3347 1897 3402 mercatorum
1926 3337 2237 3413 navigatio
2274 3351 2429 3398 con-
