2459 3817
678 130 844 191 CAP.
873 139 941 193 41
964 166 1032 175 -
1050 140 1139 193 44.
1186 138 1238 198 s.
1271 140 1468 195 1⁰6—
1487 142 1602 197 113.
2056 125 2190 196 255

80 278 373 357 negavit,
414 296 521 340 eas
552 279 651 341 hic
679 279 897 355 partim
923 281 984 340 in
1015 281 1229 343 hortos
1256 282 1528 357 Pompeii
1559 283 1928 357 deportavit,
1961 284 2181 359 partim

27 430 31 457 Ι
83 364 157 424 in
191 362 411 422 villam
441 361 770 439 Scipionis.

26 458 33 537 ἰ

27 594 37 635 ι

26 678 37 719 ἱ

27 844 41 886 i

226 444 441 505 XLIII.
480 443 621 507 110.
660 446 738 506 Et
762 453 828 507 tu
855 444 916 505 in
948 445 1226 507 Caesaris
1257 447 1547 508 memoria
1576 446 1882 526 diligens?
1922 457 1988 510 tu
2015 449 2180 509 illum

26 540 33 551 “
88 544 281 591 amas
317 536 667 589 mortuum?
694 528 885 601 Quem
918 527 973 589 is
1000 529 1297 591 honorem
1326 529 1612 592 maiorem
1633 540 2008 593 consecutus
2031 541 2177 601 erat,

92 627 297 687 quam
326 618 395 673 ut
422 611 675 671 haberet
704 610 1002 685 pulvinar,
1031 610 1436 686 simulacrum,
1475 612 1794 689 fastigium,
1831 613 2180 674 flaminem?

88 696 215 755 Est
250 710 405 767 ergo
436 693 693 769 flamen,
722 700 788 753 ut
815 695 976 767 Iovi,
1011 703 1077 754 ut
1102 696 1305 768 Marti,
1336 704 1404 757 ut
1426 695 1706 769 Quirino,
1739 698 1830 755 sic
1858 697 2001 757 divo
2023 698 2175 758 Iulio

94 778 180 837 M.
243 777 599 837 Antonius?
676 777 831 850 Quid
880 777 1060 852 igitur
1110 785 1367 839 cessas?
1431 778 1550 837 Cur
1596 795 1718 839 non
1771 778 2178 853 inauguraret!

94 860 301 920 Sume
346 858 538 919 diem:
583 858 723 919 vide
769 858 875 933 qui
914 868 973 919 te
1014 854 1363 933 inaugurete
1405 860 1676 935 collegae
1707 877 1950 931 sumus=
1994 878 2174 921 nemo

30 928 41 969 ²
92 940 377 1017 negabit.
444 941 491 1000 0
524 941 943 1003 detestabilem
972 941 1308 1014 hominem,
1341 942 1474 1002 sive
1503 944 1672 1016 quod
1703 944 1942 1020 tyranni
1973 958 2176 1004 sacer·

97 1027 223 1084 dos
270 1040 343 1085 es
374 1022 508 1083 sive
538 1024 705 1099 quod
734 1022 985 1083 mortuil
1031 1023 1270 1096 Quaero
1299 1025 1625 1100 deinceps,
1669 1042 1811 1085 num
1842 1026 2174 1087 hodiernus

26 1096 39 1137 ¹
98 1107 243 1167 dies
290 1104 397 1181 qui
438 1107 519 1166 sit
557 1106 847 1179 ignores?
884 1106 1099 1165 Nescis
1128 1106 1258 1166 heri
1292 1114 1567 1182 quartum
1595 1107 1655 1166 in
1688 1108 1861 1167 Circo
1894 1108 2054 1168 diem
2083 1108 2174 1168 lu-

26 1174 44 1271 ²:
99 1190 329 1250 dorum
356 1189 769 1249 Romanorum
810 1186 1048 1248 fuisse?
1087 1197 1147 1249 te
1187 1196 1388 1249 autem
1415 1193 1616 1264 ipsum
1645 1191 1724 1250 ad
1758 1192 2052 1265 populum
2083 1199 2175 1251 tu·

34 1291 43 1301 ·
100 1272 259 1333 lisse
295 1277 365 1330 ut
397 1269 643 1347 quintus
672 1278 990 1345 praeterea
1019 1270 1151 1331 dies
1188 1272 1431 1331 Caesari
1460 1272 1863 1333 tribueretur?
1905 1273 2022 1334 Cur
2049 1290 2174 1333 non

37 1410 43 1419 .
103 1370 324 1415 sumus
370 1352 772 1428 praetextati?
828 1354 945 1413 Cur
983 1354 1278 1413 honorem
1322 1354 1600 1415 Caesaris
1645 1361 1749 1416 tua
1787 1357 1924 1430 lege
1970 1356 2174 1416 datum

34 1422 43 1467 ³
104 1434 315 1497 deseri
338 1435 642 1512 patimur?
679 1452 757 1495 an
781 1436 1263 1512 supplicationes
1287 1438 1571 1499 addendo
1597 1437 1756 1498 diem
1779 1437 2180 1499 contaminari

26 1512 42 1554 ι.

26 1580 39 1637 ἑ

106 1535 339 1597 passus
370 1535 469 1593 οε,
498 1518 839 1593 pulvinaria
865 1519 1157 1581 noluisti?
1196 1520 1320 1580 Aut
1346 1520 1617 1596 undique
1645 1519 2000 1595 religionem
2029 1521 2172 1583 tolle
2208 1578 2224 1595 ,

110 1610 217 1667 uut
257 1618 459 1676 usque
487 1617 733 1677 quaque
774 1618 1091 1664 conserva.
1178 1599 1321 1663 111.
1366 1604 1619 1677 Quaeris
1660 1605 1982 1678 placeatne
2027 1603 2171 1661 mihi

108 1681 393 1760 pulvinar
422 1699 593 1756 esse,
626 1685 959 1759 fastigium,
989 1684 1315 1745 flaminem.
1379 1686 1526 1744 Mihi
1561 1702 1706 1752 vero
1737 1684 1880 1744 nihil
1917 1684 2172 1745 istorum

27 1760 41 1841 ἷ
110 1767 335 1841 placet.
383 1763 507 1824 Se'd
532 1772 619 1837 tu,
659 1765 763 1839 qui
792 1774 929 1825 acta
950 1766 1227 1827 Caesaris
1257 1766 1553 1841 defendis,
1587 1766 1734 1841 quid
1762 1774 1941 1841 potes
1969 1765 2173 1825 dicere

26 1838 43 1887 Β

26 1926 41 1969 t

26 2013 32 2053 l

26 2081 41 2135 l

26 2177 37 2219 ι

26 2260 37 2300 t

114 1864 224 1908 cur
263 1846 382 1906 alia
424 1847 751 1920 defendas,
804 1847 923 1907 alia
963 1864 1086 1908 non
1127 1855 1351 1908 cures?
1400 1848 1528 1907 Nisi
1567 1850 1722 1910 forte
1762 1848 1860 1909 vis
1901 1850 2074 1910 fateri
2116 1856 2172 1907 te

114 1930 319 1992 omnia
346 1937 606 2005 quaestu
633 1938 767 2001 tuo,
796 1946 920 1991 non
948 1929 1106 1991 illius
1135 1930 1422 2005 dignitate
1451 1930 1664 1992 metiri.
1722 1930 1878 2004 Quid
1910 1933 1992 1991 ad
2019 1932 2172 1991 haec

112 2013 401 2074 tandem?
437 2012 749 2088 Exspecto
796 2010 953 2073 enim
998 2012 1404 2089 eloquentiam
1447 2023 1626 2076 tuam.
1695 2013 2174 2075 Disertissimum

27 2138 29 2147 J
116 2095 379 2170 cognovi
428 2112 609 2155 avum
658 2103 856 2155 tuum:
920 2103 982 2155 at
1026 2104 1085 2158 te
1135 2095 1313 2156 etiam
1361 2096 1724 2172 apertiorem
1775 2096 1837 2155 in
1887 2096 2172 2158 dicendo.

114 2180 221 2238 Ille
247 2194 573 2255 numquam
606 2179 807 2239 nudus
836 2185 932 2238 est
959 2177 1372 2240 contionatus:
1407 2187 1575 2240 tuum
1597 2177 1859 2241 hominis
1882 2177 2174 2253 simplicis

119 2268 332 2335 pectus
352 2259 637 2321 vidimus.
681 2260 1191 2336 Respondebisne
1223 2262 1304 2321 ad
1341 2262 1495 2324 haec
1530 2270 1636 2324 aut
1665 2260 1910 2322 omnino
1933 2260 2174 2320 hiscere

30 2340 39 2379 ‘-
122 2342 417 2403 audebis?
456 2342 695 2417 Ecquid
738 2342 1013 2419 reperies
1054 2360 1133 2403 ex
1175 2352 1296 2404 tam
1340 2346 1521 2418 longa
1552 2345 1826 2405 oratione
1859 2359 2028 2416 mea,
2071 2340 2171 2403 cui

27 2414 39 2465 't

121 2432 179 2485 te
230 2425 604 2500 respon‘dere
660 2442 851 2500 posse
894 2428 1214 2487 confidas?
1275 2426 1396 2486 Sed
1441 2426 1762 2502 praeterita
1808 2425 2171 2487 omittamus

26 2504 37 2548 ἕ
120 2508 321 2568 XLIV.
377 2506 517 2569 112.
560 2508 736 2568 Hunc
777 2526 961 2579 unum
1004 2510 1194 2583 diem,
1236 2526 1452 2583 unum,
1494 2511 1770 2585 inquam,
1814 2509 2170 2569 hodiernum

26 2593 35 2632 ἒ
124 2590 307 2665 diem,
335 2592 454 2652 hoc
484 2600 774 2666 punctum
799 2593 1119 2669 temporiS‚
1160 2610 1282 2668 quo
1313 2594 1550 2668 loquor,
1582 2592 1862 2663 defende,
1893 2592 1945 2651 si
1974 2600 2172 2665 poteS.

30 2700 34 2709 ·
126 2674 239 2733 Cur
277 2682 638 2735 armatorum
680 2690 912 2736 corona
955 2685 1204 2736 senatus
1235 2685 1486 2750 saeptus
1519 2682 1654 2736 est?
1698 2690 1806 2733 cur
1834 2688 1930 2731 me
1965 2672 2048 2732 tui
2076 2688 2174 2732 sa-

26 2754 35 2795 :
123 2754 332 2815 tellites
377 2772 515 2817 cum
542 2756 760 2831 gladiis
791 2756 1084 2819 audiunt?
1126 2774 1233 2818 cur
1265 2760 1480 2816 valvae
1510 2754 1886 2816 Concordiae
1914 2770 2036 2815 non
2068 2770 2174 2828 pa-

26 2838 33 2879 !
124 2844 282 2899 tent?
321 2854 429 2897 cur
473 2837 749 2898 homines
792 2839 1059 2900 omnium
1098 2838 1366 2913 gentium
1396 2838 1657 2898 maxime
1683 2837 2012 2910 barbaros,
2053 2838 2177 2897 Itu-

26 2918 32 2961 ί

126 2937 316 2991 raeoS,
354 2936 491 2981 cum
520 2919 755 2995 sagittis
785 2921 1042 2981 deducis
1077 2920 1138 2981 in
1170 2922 1409 2983 forum?
1434 2919 1732 2981 Praesidii
1761 2920 1856 2979 sui
1889 2936 2077 2980 causa
2105 2934 2175 2978 se

27 3002 31 3041 ῑ
130 3004 317 3063 facere
358 3004 521 3063 dicit.
584 3004 797 3065 Nonne
836 3002 1017 3077 igitur
1044 3002 1281 3065 miliens
1313 3004 1508 3079 perire
1537 3009 1630 3063 est
1657 3002 1872 3065 melius
1905 3020 2085 3078 quam
2113 3003 2176 3061 in

27 3084 29 3121 ³
132 3103 235 3145 sua
264 3085 499 3148 civitate
523 3085 657 3147 sine
679 3094 1045 3147 armatorum
1067 3086 1376 3161 praesidio
1402 3103 1523 3148 non
1548 3102 1737 3162 posse
1760 3085 2010 3145 vivere?
2052 3084 2177 3143 Sed

26 3168 31 3203 l

132 3168 342 3229 nullum
391 3177 484 3230 est
531 3168 718 3243 istuc,
776 3168 921 3230 mihi
974 3170 1185 3244 crede,
1246 3170 1640 3245 praesidium.
1726 3166 1981 3229 Caritate
2018 3175 2078 3227 te
2119 3174 2178 3225 ct

26 3244 31 3285 ·'
131 3249 541 3313 benevolentia
612 3252 835 3315 civium
896 3261 1171 3329 saeptum
1232 3260 1474 3328 oportet
1537 3270 1711 3325 esse,
1791 3266 1916 3311 non
1973 3248 2176 3308 armis.

135 3329 265 3393 113.
290 3332 519 3409 Eripiet
548 3343 608 3397 et
636 3336 1022 3413 extorquebit
1040 3336 1149 3398 tibi
1171 3336 1288 3398 ista
1309 3337 1576 3413 populus
1593 3336 1924 3409 Romanus,
1953 3332 2176 3431 utinam
