<?xml version="1.0" encoding="UTF-8"?>
<!DOCTYPE html PUBLIC "-//W3C//DTD XHTML 1.0 Transitional//EN"
    "http://www.w3.org/TR/xhtml1/DTD/xhtml1-transitional.dtd">
<html xmlns="http://www.w3.org/1999/xhtml" xml:lang="en" lang="en">
 <head>
  <title>
</title>
<meta http-equiv="Content-Type" content="text/html;charset=utf-8" />
  <meta name='ocr-system' content='tesseract 3.04.00' />
  <meta name='ocr-capabilities' content='ocr_page ocr_carea ocr_par ocr_line ocrx_word'/>
</head>
<body>
  <div class='ocr_page' id='page_1' title='image "./mtulliiciceroni00klotgoog_0137.png"; bbox 0 0 2459 3817; ppageno 0'>
   <div class='ocr_carea' id='block_1_1' title="bbox 271 150 1861 231">
    <p class='ocr_par' dir='ltr' id='par_1_1' title="bbox 271 150 1861 231">
     <span class='ocr_line' id='line_1_1' title="bbox 271 150 1861 231; baseline -0.006 -10"><span class='ocrx_word' id='word_1_1' title='bbox 271 150 393 221; x_wconf 84' lang='lat'><strong>126</strong></span> <span class='ocrx_word' id='word_1_2' title='bbox 757 158 835 218; x_wconf 78' lang='lat' dir='ltr'><strong>m</strong></span> <span class='ocrx_word' id='word_1_3' title='bbox 865 157 1284 231; x_wconf 68' lang='lat' dir='ltr'><strong>avenam</strong></span> <span class='ocrx_word' id='word_1_4' title='bbox 1313 156 1479 215; x_wconf 80' lang='lat' dir='ltr'><strong>AcT.</strong></span> <span class='ocrx_word' id='word_1_5' title='bbox 1504 156 1576 213; x_wconf 91' lang='grc' dir='ltr'><strong>ιι.</strong></span> <span class='ocrx_word' id='word_1_6' title='bbox 1609 156 1752 215; x_wconf 77' lang='lat' dir='ltr'><strong>Lm.</strong></span> <span class='ocrx_word' id='word_1_7' title='bbox 1783 156 1861 213; x_wconf 88' lang='lat' dir='ltr'><strong>v.</strong></span> 
     </span>
    </p>
   </div>
   <div class='ocr_carea' id='block_1_2' title="bbox 256 302 2328 3442">
    <p class='ocr_par' dir='ltr' id='par_1_2' title="bbox 261 302 2328 2780">
     <span class='ocr_line' id='line_1_2' title="bbox 268 302 2326 383; baseline -0.002 -14"><span class='ocrx_word' id='word_1_8' title='bbox 268 310 661 370; x_wconf 76' lang='lat' dir='ltr'><strong>adolescente</strong></span> <span class='ocrx_word' id='word_1_9' title='bbox 692 306 846 368; x_wconf 84' lang='lat' dir='ltr'><strong>filio=</strong></span> <span class='ocrx_word' id='word_1_10' title='bbox 877 324 1017 369; x_wconf 89' lang='lat' dir='ltr'><strong>nam</strong></span> <span class='ocrx_word' id='word_1_11' title='bbox 1050 315 1223 383; x_wconf 89' lang='lat' dir='ltr'><strong>pater</strong></span> <span class='ocrx_word' id='word_1_12' title='bbox 1251 305 1501 381; x_wconf 88' lang='lat' dir='ltr'><strong>grandis</strong></span> <span class='ocrx_word' id='word_1_13' title='bbox 1531 313 1677 365; x_wconf 89' lang='lat' dir='ltr'><strong>natu</strong></span> <span class='ocrx_word' id='word_1_14' title='bbox 1709 302 1826 366; x_wconf 86' lang='lat' dir='ltr'><strong>iam</strong></span> <span class='ocrx_word' id='word_1_15' title='bbox 1851 302 1954 365; x_wconf 88' lang='lat' dir='ltr'><strong>diu</strong></span> <span class='ocrx_word' id='word_1_16' title='bbox 1978 304 2136 365; x_wconf 88' lang='lat' dir='ltr'><strong>lecto</strong></span> <span class='ocrx_word' id='word_1_17' title='bbox 2161 313 2326 365; x_wconf 90' lang='lat' dir='ltr'><strong>tene·</strong></span> 
     </span>
     <span class='ocr_line' id='line_1_3' title="bbox 268 386 2327 463; baseline -0.001 -12"><span class='ocrx_word' id='word_1_18' title='bbox 268 394 463 453; x_wconf 85' lang='lat' dir='ltr'><strong>batur.</strong></span> <span class='ocrx_word' id='word_1_19' title='bbox 528 388 655 453; x_wconf 45' lang='lat'><strong>17(</strong></span> <span class='ocrx_word' id='word_1_20' title='bbox 686 389 968 451; x_wconf 78' lang='lat' dir='ltr'><strong>Nominat</strong></span> <span class='ocrx_word' id='word_1_21' title='bbox 996 388 1111 451; x_wconf 91' lang='lat' dir='ltr'><strong>iste</strong></span> <span class='ocrx_word' id='word_1_22' title='bbox 1140 405 1417 462; x_wconf 89' lang='lat' dir='ltr'><strong>servum,</strong></span> <span class='ocrx_word' id='word_1_23' title='bbox 1463 404 1642 463; x_wconf 91' lang='lat' dir='ltr'><strong>quem</strong></span> <span class='ocrx_word' id='word_1_24' title='bbox 1681 386 2038 461; x_wconf 89' lang='lat' dir='ltr'><strong>magistrum</strong></span> <span class='ocrx_word' id='word_1_25' title='bbox 2083 386 2327 461; x_wconf 87' lang='lat' dir='ltr'><strong>pecoris</strong></span> 
     </span>
     <span class='ocr_line' id='line_1_4' title="bbox 270 468 2327 535; baseline -0.002 -1"><span class='ocrx_word' id='word_1_26' title='bbox 270 489 413 535; x_wconf 89' lang='lat' dir='ltr'><strong>esse</strong></span> <span class='ocrx_word' id='word_1_27' title='bbox 442 473 705 534; x_wconf 73' lang='lat' dir='ltr'><strong>diceretz</strong></span> <span class='ocrx_word' id='word_1_28' title='bbox 749 490 889 535; x_wconf 89' lang='lat' dir='ltr'><strong>eum</strong></span> <span class='ocrx_word' id='word_1_29' title='bbox 920 472 1067 535; x_wconf 86' lang='lat' dir='ltr'><strong>dicit</strong></span> <span class='ocrx_word' id='word_1_30' title='bbox 1096 471 1454 534; x_wconf 87' lang='lat' dir='ltr'><strong>coniurasse</strong></span> <span class='ocrx_word' id='word_1_31' title='bbox 1482 479 1542 531; x_wconf 88' lang='lat' dir='ltr'><strong>et</strong></span> <span class='ocrx_word' id='word_1_32' title='bbox 1571 469 1828 531; x_wconf 78' lang='lat' dir='ltr'><strong>familias</strong></span> <span class='ocrx_word' id='word_1_33' title='bbox 1857 468 2225 530; x_wconf 75' lang='lat' dir='ltr'><strong>concitasse.</strong></span> <span class='ocrx_word' id='word_1_34' title='bbox 2269 472 2327 530; x_wconf 91' lang='lat' dir='ltr'><strong>Is</strong></span> 
     </span>
     <span class='ocr_line' id='line_1_5' title="bbox 270 549 2326 617; baseline -0.002 0"><span class='ocrx_word' id='word_1_35' title='bbox 270 556 515 617; x_wconf 88' lang='lat' dir='ltr'><strong>omnino</strong></span> <span class='ocrx_word' id='word_1_36' title='bbox 550 572 767 617; x_wconf 89' lang='lat' dir='ltr'><strong>servus</strong></span> <span class='ocrx_word' id='word_1_37' title='bbox 796 556 857 615; x_wconf 91' lang='lat' dir='ltr'><strong>in</strong></span> <span class='ocrx_word' id='word_1_38' title='bbox 892 555 1115 617; x_wconf 78' lang='lat' dir='ltr'><strong>familia</strong></span> <span class='ocrx_word' id='word_1_39' title='bbox 1138 572 1258 617; x_wconf 91' lang='lat' dir='ltr'><strong>non</strong></span> <span class='ocrx_word' id='word_1_40' title='bbox 1295 562 1440 615; x_wconf 88' lang='lat' dir='ltr'><strong>erat.</strong></span> <span class='ocrx_word' id='word_1_41' title='bbox 1497 554 1651 614; x_wconf 90' lang='lat' dir='ltr'><strong>Eum</strong></span> <span class='ocrx_word' id='word_1_42' title='bbox 1680 549 1882 613; x_wconf 89' lang='lat' dir='ltr'><strong>statim</strong></span> <span class='ocrx_word' id='word_1_43' title='bbox 1925 551 2201 613; x_wconf 90' lang='lat' dir='ltr'><strong>exhiberi</strong></span> <span class='ocrx_word' id='word_1_44' title='bbox 2241 554 2326 613; x_wconf 87' lang='lat' dir='ltr'><strong>iu-</strong></span> 
     </span>
     <span class='ocr_line' id='line_1_6' title="bbox 270 634 2326 713; baseline -0.002 -14"><span class='ocrx_word' id='word_1_45' title='bbox 270 640 389 699; x_wconf 79' lang='lat' dir='ltr'><strong>bet.</strong></span> <span class='ocrx_word' id='word_1_46' title='bbox 450 639 815 713; x_wconf 88' lang='lat' dir='ltr'><strong>Apollonius</strong></span> <span class='ocrx_word' id='word_1_47' title='bbox 866 639 1187 699; x_wconf 80' lang='lat' dir='ltr'><strong>adfirmare</strong></span> <span class='ocrx_word' id='word_1_48' title='bbox 1241 654 1311 699; x_wconf 89' lang='lat' dir='ltr'><strong>se</strong></span> <span class='ocrx_word' id='word_1_49' title='bbox 1357 635 1600 697; x_wconf 88' lang='lat' dir='ltr'><strong>omnino</strong></span> <span class='ocrx_word' id='word_1_50' title='bbox 1645 634 1888 698; x_wconf 89' lang='lat' dir='ltr'><strong>nomine</strong></span> <span class='ocrx_word' id='word_1_51' title='bbox 1927 635 2028 695; x_wconf 86' lang='lat' dir='ltr'><strong>illo</strong></span> <span class='ocrx_word' id='word_1_52' title='bbox 2081 652 2326 697; x_wconf 89' lang='lat' dir='ltr'><strong>servum</strong></span> 
     </span>
     <span class='ocr_line' id='line_1_7' title="bbox 267 718 2325 795; baseline -0.001 -15"><span class='ocrx_word' id='word_1_53' title='bbox 267 720 496 782; x_wconf 86' lang='lat' dir='ltr'><strong>habere</strong></span> <span class='ocrx_word' id='word_1_54' title='bbox 526 721 843 783; x_wconf 88' lang='lat' dir='ltr'><strong>neminem.</strong></span> <span class='ocrx_word' id='word_1_55' title='bbox 900 722 1023 781; x_wconf 90' lang='lat' dir='ltr'><strong>Iste</strong></span> <span class='ocrx_word' id='word_1_56' title='bbox 1055 720 1362 782; x_wconf 86' lang='lat' dir='ltr'><strong>hominem</strong></span> <span class='ocrx_word' id='word_1_57' title='bbox 1402 718 1600 795; x_wconf 83' lang='lat' dir='ltr'><strong>abripi</strong></span> <span class='ocrx_word' id='word_1_58' title='bbox 1633 735 1670 780; x_wconf 90' lang='lat' dir='ltr'><strong>a</strong></span> <span class='ocrx_word' id='word_1_59' title='bbox 1697 718 1980 779; x_wconf 86' lang='lat' dir='ltr'><strong>tribunali</strong></span> <span class='ocrx_word' id='word_1_60' title='bbox 2010 725 2072 778; x_wconf 88' lang='lat' dir='ltr'><strong>et</strong></span> <span class='ocrx_word' id='word_1_61' title='bbox 2099 718 2162 777; x_wconf 88' lang='lat' dir='ltr'><strong>in</strong></span> <span class='ocrx_word' id='word_1_62' title='bbox 2199 735 2325 778; x_wconf 90' lang='lat' dir='ltr'><strong>car·</strong></span> 
     </span>
     <span class='ocr_line' id='line_1_8' title="bbox 269 800 2327 877; baseline -0.002 -12"><span class='ocrx_word' id='word_1_63' title='bbox 269 820 471 865; x_wconf 87' lang='lat' dir='ltr'><strong>cerem</strong></span> <span class='ocrx_word' id='word_1_64' title='bbox 499 804 718 865; x_wconf 83' lang='lat' dir='ltr'><strong>coniiei</strong></span> <span class='ocrx_word' id='word_1_65' title='bbox 746 804 929 865; x_wconf 85' lang='lat' dir='ltr'><strong>iubet.</strong></span> <span class='ocrx_word' id='word_1_66' title='bbox 988 804 1259 865; x_wconf 84' lang='lat' dir='ltr'><strong>Clamare</strong></span> <span class='ocrx_word' id='word_1_67' title='bbox 1293 803 1392 863; x_wconf 89' lang='lat' dir='ltr'><strong>ille</strong></span> <span class='ocrx_word' id='word_1_68' title='bbox 1409 849 1424 876; x_wconf 91' lang='lat'>‚</span> <span class='ocrx_word' id='word_1_69' title='bbox 1468 820 1654 877; x_wconf 84' lang='lat' dir='ltr'><strong>quum</strong></span> <span class='ocrx_word' id='word_1_70' title='bbox 1681 810 2026 876; x_wconf 82' lang='lat' dir='ltr'><strong>raperetur,</strong></span> <span class='ocrx_word' id='word_1_71' title='bbox 2070 800 2216 861; x_wconf 87' lang='lat' dir='ltr'><strong>nihil</strong></span> <span class='ocrx_word' id='word_1_72' title='bbox 2257 815 2327 861; x_wconf 87' lang='lat' dir='ltr'><strong>se</strong></span> 
     </span>
     <span class='ocr_line' id='line_1_9' title="bbox 267 881 2326 959; baseline -0.002 -14"><span class='ocrx_word' id='word_1_73' title='bbox 267 887 556 947; x_wconf 84' lang='lat' dir='ltr'><strong>miserum</strong></span> <span class='ocrx_word' id='word_1_74' title='bbox 586 886 840 959; x_wconf 77' lang='lat' dir='ltr'><strong>fecisse,</strong></span> <span class='ocrx_word' id='word_1_75' title='bbox 893 886 1059 946; x_wconf 90' lang='lat' dir='ltr'><strong>nihil·</strong></span> <span class='ocrx_word' id='word_1_76' title='bbox 1085 886 1504 959; x_wconf 80' lang='lat' dir='ltr'><strong>commisisse,</strong></span> <span class='ocrx_word' id='word_1_77' title='bbox 1553 882 1878 959; x_wconf 88' lang='lat' dir='ltr'><strong>pecuniam</strong></span> <span class='ocrx_word' id='word_1_78' title='bbox 1920 884 2037 945; x_wconf 89' lang='lat' dir='ltr'><strong>sibi</strong></span> <span class='ocrx_word' id='word_1_79' title='bbox 2083 900 2224 945; x_wconf 88' lang='lat' dir='ltr'><strong>esse</strong></span> <span class='ocrx_word' id='word_1_80' title='bbox 2266 881 2326 942; x_wconf 91' lang='lat' dir='ltr'><strong>in</strong></span> 
     </span>
     <span class='ocr_line' id='line_1_10' title="bbox 267 966 2328 1044; baseline -0.002 -15"><span class='ocrx_word' id='word_1_81' title='bbox 267 968 640 1043; x_wconf 83' lang='lat' dir='ltr'><strong>nominibus,</strong></span> <span class='ocrx_word' id='word_1_82' title='bbox 671 977 1041 1031; x_wconf 82' lang='lat' dir='ltr'><strong>numeratam</strong></span> <span class='ocrx_word' id='word_1_83' title='bbox 1068 968 1129 1029; x_wconf 90' lang='lat' dir='ltr'><strong>in</strong></span> <span class='ocrx_word' id='word_1_84' title='bbox 1150 967 1500 1044; x_wconf 87' lang='lat' dir='ltr'><strong>praesentia</strong></span> <span class='ocrx_word' id='word_1_85' title='bbox 1521 982 1642 1027; x_wconf 90' lang='lat' dir='ltr'><strong>non</strong></span> <span class='ocrx_word' id='word_1_86' title='bbox 1664 966 1908 1027; x_wconf 87' lang='lat' dir='ltr'><strong>habere.</strong></span> <span class='ocrx_word' id='word_1_87' title='bbox 1949 966 2117 1027; x_wconf 88' lang='lat' dir='ltr'><strong>Haec</strong></span> <span class='ocrx_word' id='word_1_88' title='bbox 2143 984 2328 1042; x_wconf 89' lang='lat' dir='ltr'><strong>quum</strong></span> 
     </span>
     <span class='ocr_line' id='line_1_11' title="bbox 266 1047 2326 1127; baseline -0.004 -16"><span class='ocrx_word' id='word_1_89' title='bbox 266 1052 531 1113; x_wconf 83' lang='lat' dir='ltr'><strong>maxime</strong></span> <span class='ocrx_word' id='word_1_90' title='bbox 558 1068 795 1113; x_wconf 89' lang='lat' dir='ltr'><strong>summa</strong></span> <span class='ocrx_word' id='word_1_91' title='bbox 822 1050 1131 1113; x_wconf 86' lang='lat' dir='ltr'><strong>hominum</strong></span> <span class='ocrx_word' id='word_1_92' title='bbox 1158 1048 1501 1127; x_wconf 79' lang='lat' dir='ltr'><strong>frequentia</strong></span> <span class='ocrx_word' id='word_1_93' title='bbox 1532 1048 1987 1123; x_wconf 85' lang='lat' dir='ltr'><strong>testificaretur,</strong></span> <span class='ocrx_word' id='word_1_94' title='bbox 2030 1058 2096 1110; x_wconf 87' lang='lat' dir='ltr'><strong>ut</strong></span> <span class='ocrx_word' id='word_1_95' title='bbox 2125 1047 2326 1123; x_wconf 84' lang='lat' dir='ltr'><strong>quivis</strong></span> 
     </span>
     <span class='ocr_line' id='line_1_12' title="bbox 264 1130 2325 1209; baseline 0 -18"><span class='ocrx_word' id='word_1_96' title='bbox 264 1132 603 1209; x_wconf 86' lang='lat' dir='ltr'><strong>intelligere</strong></span> <span class='ocrx_word' id='word_1_97' title='bbox 627 1141 859 1209; x_wconf 88' lang='lat' dir='ltr'><strong>posset,</strong></span> <span class='ocrx_word' id='word_1_98' title='bbox 888 1150 1049 1209; x_wconf 91' lang='lat' dir='ltr'><strong>eum,</strong></span> <span class='ocrx_word' id='word_1_99' title='bbox 1078 1136 1246 1209; x_wconf 87' lang='lat' dir='ltr'><strong>quod</strong></span> <span class='ocrx_word' id='word_1_100' title='bbox 1278 1133 1599 1209; x_wconf 88' lang='lat' dir='ltr'><strong>pecuniam</strong></span> <span class='ocrx_word' id='word_1_101' title='bbox 1623 1149 1746 1193; x_wconf 92' lang='lat' dir='ltr'><strong>non</strong></span> <span class='ocrx_word' id='word_1_102' title='bbox 1775 1132 2070 1205; x_wconf 85' lang='lat' dir='ltr'><strong>dedisset,</strong></span> <span class='ocrx_word' id='word_1_103' title='bbox 2095 1130 2325 1192; x_wconf 91' lang='lat' dir='ltr'><strong>idcirco</strong></span> 
     </span>
     <span class='ocr_line' id='line_1_13' title="bbox 265 1214 2327 1313; baseline -0 -38"><span class='ocrx_word' id='word_1_104' title='bbox 265 1215 367 1277; x_wconf 88' lang='lat' dir='ltr'><strong>illa</strong></span> <span class='ocrx_word' id='word_1_105' title='bbox 396 1224 519 1277; x_wconf 88' lang='lat' dir='ltr'><strong>tam</strong></span> <span class='ocrx_word' id='word_1_106' title='bbox 546 1218 769 1277; x_wconf 87' lang='lat' dir='ltr'><strong>acerba</strong></span> <span class='ocrx_word' id='word_1_107' title='bbox 801 1216 1019 1279; x_wconf 89' lang='lat' dir='ltr'><strong>iniuria</strong></span> <span class='ocrx_word' id='word_1_108' title='bbox 1046 1216 1258 1279; x_wconf 86' lang='lat' dir='ltr'><strong>adfici·</strong></span> <span class='ocrx_word' id='word_1_109' title='bbox 1311 1234 1498 1313; x_wconf 81' lang='lat' dir='ltr'><strong>quum</strong></span> <span class='ocrx_word' id='word_1_110' title='bbox 1521 1215 1813 1288; x_wconf 88' lang='lat' dir='ltr'><strong>maxime,</strong></span> <span class='ocrx_word' id='word_1_111' title='bbox 1871 1224 1938 1276; x_wconf 87' lang='lat' dir='ltr'><strong>ut</strong></span> <span class='ocrx_word' id='word_1_112' title='bbox 1982 1214 2153 1287; x_wconf 89' lang='lat' dir='ltr'><strong>dico,</strong></span> <span class='ocrx_word' id='word_1_113' title='bbox 2206 1214 2327 1275; x_wconf 88' lang='lat' dir='ltr'><strong>hoc</strong></span> 
     </span>
     <span class='ocr_line' id='line_1_14' title="bbox 270 1294 2324 1373; baseline -0.001 -15"><span class='ocrx_word' id='word_1_114' title='bbox 270 1300 345 1358; x_wconf 78' lang='lat' dir='ltr'><strong>de</strong></span> <span class='ocrx_word' id='word_1_115' title='bbox 376 1300 637 1373; x_wconf 84' lang='lat' dir='ltr'><strong>pecunia</strong></span> <span class='ocrx_word' id='word_1_116' title='bbox 666 1301 983 1373; x_wconf 90' lang='lat' dir='ltr'><strong>clamaret,</strong></span> <span class='ocrx_word' id='word_1_117' title='bbox 1016 1299 1078 1359; x_wconf 93' lang='lat' dir='ltr'><strong>in</strong></span> <span class='ocrx_word' id='word_1_118' title='bbox 1107 1300 1308 1360; x_wconf 88' lang='lat' dir='ltr'><strong>vincla</strong></span> <span class='ocrx_word' id='word_1_119' title='bbox 1337 1300 1651 1361; x_wconf 87' lang='lat' dir='ltr'><strong>coniectus</strong></span> <span class='ocrx_word' id='word_1_120' title='bbox 1683 1308 1796 1359; x_wconf 89' lang='lat' dir='ltr'><strong>est.</strong></span> <span class='ocrx_word' id='word_1_121' title='bbox 1861 1299 2022 1357; x_wconf 89' lang='lat' dir='ltr'><strong>v111.</strong></span> <span class='ocrx_word' id='word_1_122' title='bbox 2081 1294 2180 1358; x_wconf 87' lang='grc'><strong>18.</strong></span> <span class='ocrx_word' id='word_1_123' title='bbox 2218 1298 2324 1357; x_wconf 92' lang='lat' dir='ltr'><strong>Vi-</strong></span> 
     </span>
     <span class='ocr_line' id='line_1_15' title="bbox 266 1378 2326 1458; baseline 0 -19"><span class='ocrx_word' id='word_1_124' title='bbox 266 1381 405 1441; x_wconf 87' lang='lat' dir='ltr'><strong>dete</strong></span> <span class='ocrx_word' id='word_1_125' title='bbox 434 1382 833 1443; x_wconf 84' lang='lat' dir='ltr'><strong>constantiam</strong></span> <span class='ocrx_word' id='word_1_126' title='bbox 862 1383 1161 1458; x_wconf 86' lang='lat' dir='ltr'><strong>praetoris</strong></span> <span class='ocrx_word' id='word_1_127' title='bbox 1190 1383 1410 1443; x_wconf 88' lang='lat' dir='ltr'><strong>eteius</strong></span> <span class='ocrx_word' id='word_1_128' title='bbox 1441 1380 1768 1458; x_wconf 77' lang='lat' dir='ltr'><strong>praetoriS,</strong></span> <span class='ocrx_word' id='word_1_129' title='bbox 1817 1380 1921 1455; x_wconf 90' lang='lat' dir='ltr'><strong>qui</strong></span> <span class='ocrx_word' id='word_1_130' title='bbox 1948 1378 2008 1439; x_wconf 91' lang='lat' dir='ltr'><strong>in</strong></span> <span class='ocrx_word' id='word_1_131' title='bbox 2037 1378 2112 1442; x_wconf 91' lang='lat' dir='ltr'><strong>iis</strong></span> <span class='ocrx_word' id='word_1_132' title='bbox 2139 1380 2326 1439; x_wconf 90' lang='lat' dir='ltr'><strong>rebus</strong></span> 
     </span>
     <span class='ocr_line' id='line_1_16' title="bbox 268 1462 2326 1539; baseline 0.001 -17"><span class='ocrx_word' id='word_1_133' title='bbox 268 1479 389 1523; x_wconf 90' lang='lat' dir='ltr'><strong>non</strong></span> <span class='ocrx_word' id='word_1_134' title='bbox 420 1462 509 1523; x_wconf 81' lang='lat' dir='ltr'><strong>ita</strong></span> <span class='ocrx_word' id='word_1_135' title='bbox 530 1464 891 1525; x_wconf 80' lang='lat' dir='ltr'><strong>defendatur</strong></span> <span class='ocrx_word' id='word_1_136' title='bbox 923 1474 989 1525; x_wconf 90' lang='lat' dir='ltr'><strong>ut</strong></span> <span class='ocrx_word' id='word_1_137' title='bbox 1016 1463 1342 1526; x_wconf 89' lang='lat' dir='ltr'><strong>mediocris</strong></span> <span class='ocrx_word' id='word_1_138' title='bbox 1372 1472 1648 1539; x_wconf 88' lang='lat' dir='ltr'><strong>praetor,</strong></span> <span class='ocrx_word' id='word_1_139' title='bbox 1693 1465 1808 1525; x_wconf 89' lang='lat' dir='ltr'><strong>sed</strong></span> <span class='ocrx_word' id='word_1_140' title='bbox 1837 1464 1920 1525; x_wconf 90' lang='lat' dir='ltr'><strong>ita</strong></span> <span class='ocrx_word' id='word_1_141' title='bbox 1949 1462 2228 1523; x_wconf 88' lang='lat' dir='ltr'><strong>laudetur</strong></span> <span class='ocrx_word' id='word_1_142' title='bbox 2259 1470 2326 1525; x_wconf 80' lang='lat' dir='ltr'><strong>ut</strong></span> 
     </span>
     <span class='ocr_line' id='line_1_17' title="bbox 268 1543 2324 1621; baseline 0 -16"><span class='ocrx_word' id='word_1_143' title='bbox 268 1543 535 1619; x_wconf 84' lang='lat' dir='ltr'><strong>optimus</strong></span> <span class='ocrx_word' id='word_1_144' title='bbox 564 1544 911 1621; x_wconf 85' lang='lat' dir='ltr'><strong>imperator.</strong></span> <span class='ocrx_word' id='word_1_145' title='bbox 974 1546 1169 1619; x_wconf 76' lang='lat' dir='ltr'><strong>Quum</strong></span> <span class='ocrx_word' id='word_1_146' title='bbox 1194 1563 1514 1609; x_wconf 89' lang='lat' dir='ltr'><strong>servorum</strong></span> <span class='ocrx_word' id='word_1_147' title='bbox 1541 1547 1765 1607; x_wconf 92' lang='lat' dir='ltr'><strong>bellum</strong></span> <span class='ocrx_word' id='word_1_148' title='bbox 1789 1554 2171 1619; x_wconf 78' lang='lat' dir='ltr'><strong>metueretur,</strong></span> <span class='ocrx_word' id='word_1_149' title='bbox 2201 1562 2324 1620; x_wconf 89' lang='lat' dir='ltr'><strong>quo</strong></span> 
     </span>
     <span class='ocr_line' id='line_1_18' title="bbox 268 1626 2323 1704; baseline 0 -16"><span class='ocrx_word' id='word_1_150' title='bbox 268 1626 573 1703; x_wconf 85' lang='lat' dir='ltr'><strong>supplicio</strong></span> <span class='ocrx_word' id='word_1_151' title='bbox 624 1627 907 1690; x_wconf 88' lang='lat' dir='ltr'><strong>dominos</strong></span> <span class='ocrx_word' id='word_1_152' title='bbox 949 1630 1334 1691; x_wconf 79' lang='lat' dir='ltr'><strong>indemnatos</strong></span> <span class='ocrx_word' id='word_1_153' title='bbox 1387 1628 1740 1704; x_wconf 84' lang='lat' dir='ltr'><strong>adficiebat,</strong></span> <span class='ocrx_word' id='word_1_154' title='bbox 1795 1630 1915 1691; x_wconf 91' lang='lat' dir='ltr'><strong>hoc</strong></span> <span class='ocrx_word' id='word_1_155' title='bbox 1961 1644 2180 1691; x_wconf 90' lang='lat' dir='ltr'><strong>servos</strong></span> <span class='ocrx_word' id='word_1_156' title='bbox 2218 1629 2323 1688; x_wconf 88' lang='lat' dir='ltr'><strong>da-</strong></span> 
     </span>
     <span class='ocr_line' id='line_1_19' title="bbox 272 1710 2322 1789; baseline 0 -19"><span class='ocrx_word' id='word_1_157' title='bbox 272 1720 505 1772; x_wconf 85' lang='lat' dir='ltr'><strong>mnatos</strong></span> <span class='ocrx_word' id='word_1_158' title='bbox 547 1710 871 1774; x_wconf 73' lang='lat' dir='ltr'><strong>liberabatz</strong></span> <span class='ocrx_word' id='word_1_159' title='bbox 926 1712 1356 1788; x_wconf 84' lang='lat' dir='ltr'><strong>Apollonium,</strong></span> <span class='ocrx_word' id='word_1_160' title='bbox 1404 1711 1711 1773; x_wconf 86' lang='lat' dir='ltr'><strong>hominem</strong></span> <span class='ocrx_word' id='word_1_161' title='bbox 1756 1710 2322 1789; x_wconf 88' lang='lat' dir='ltr'><strong>locupletissimum,</strong></span> 
     </span>
     <span class='ocr_line' id='line_1_20' title="bbox 268 1793 2324 1871; baseline -0 -16"><span class='ocrx_word' id='word_1_162' title='bbox 268 1793 403 1869; x_wconf 89' lang='lat' dir='ltr'><strong>qui,</strong></span> <span class='ocrx_word' id='word_1_163' title='bbox 432 1793 487 1855; x_wconf 91' lang='lat' dir='ltr'><strong>si</strong></span> <span class='ocrx_word' id='word_1_164' title='bbox 516 1794 751 1868; x_wconf 79' lang='lat' dir='ltr'><strong>fugitivi</strong></span> <span class='ocrx_word' id='word_1_165' title='bbox 779 1796 1000 1855; x_wconf 85' lang='lat' dir='ltr'><strong>bellum</strong></span> <span class='ocrx_word' id='word_1_166' title='bbox 1027 1794 1089 1856; x_wconf 91' lang='lat' dir='ltr'><strong>in</strong></span> <span class='ocrx_word' id='word_1_167' title='bbox 1122 1794 1329 1857; x_wconf 89' lang='lat' dir='ltr'><strong>Sicilia</strong></span> <span class='ocrx_word' id='word_1_168' title='bbox 1358 1797 1658 1871; x_wconf 82' lang='lat' dir='ltr'><strong>facerent,</strong></span> <span class='ocrx_word' id='word_1_169' title='bbox 1689 1794 2100 1870; x_wconf 89' lang='lat' dir='ltr'><strong>amplissimas</strong></span> <span class='ocrx_word' id='word_1_170' title='bbox 2135 1796 2324 1855; x_wconf 85' lang='lat' dir='ltr'><strong>fortu-</strong></span> 
     </span>
     <span class='ocr_line' id='line_1_21' title="bbox 265 1875 2320 1954; baseline 0 -18"><span class='ocrx_word' id='word_1_171' title='bbox 265 1894 377 1937; x_wconf 89' lang='lat' dir='ltr'><strong>nas</strong></span> <span class='ocrx_word' id='word_1_172' title='bbox 406 1875 735 1949; x_wconf 86' lang='lat' dir='ltr'><strong>amitteret,</strong></span> <span class='ocrx_word' id='word_1_173' title='bbox 786 1878 928 1938; x_wconf 89' lang='lat' dir='ltr'><strong>belli</strong></span> <span class='ocrx_word' id='word_1_174' title='bbox 959 1877 1347 1954; x_wconf 78' lang='lat' dir='ltr'><strong>fugitivorum</strong></span> <span class='ocrx_word' id='word_1_175' title='bbox 1389 1878 1663 1950; x_wconf 89' lang='lat' dir='ltr'><strong>nomine,</strong></span> <span class='ocrx_word' id='word_1_176' title='bbox 1719 1877 1946 1940; x_wconf 89' lang='lat' dir='ltr'><strong>indicta</strong></span> <span class='ocrx_word' id='word_1_177' title='bbox 1987 1893 2206 1951; x_wconf 91' lang='lat' dir='ltr'><strong>causa,</strong></span> <span class='ocrx_word' id='word_1_178' title='bbox 2257 1876 2320 1937; x_wconf 91' lang='lat' dir='ltr'><strong>in</strong></span> 
     </span>
     <span class='ocr_line' id='line_1_22' title="bbox 264 1958 2320 2037; baseline 0.002 -20"><span class='ocrx_word' id='word_1_179' title='bbox 264 1958 467 2017; x_wconf 89' lang='lat' dir='ltr'><strong>vincla</strong></span> <span class='ocrx_word' id='word_1_180' title='bbox 494 1958 783 2021; x_wconf 82' lang='lat' dir='ltr'><strong>coniecit=</strong></span> <span class='ocrx_word' id='word_1_181' title='bbox 824 1977 1061 2034; x_wconf 78' lang='lat' dir='ltr'><strong>servoS,</strong></span> <span class='ocrx_word' id='word_1_182' title='bbox 1094 1978 1254 2037; x_wconf 89' lang='lat' dir='ltr'><strong>quos</strong></span> <span class='ocrx_word' id='word_1_183' title='bbox 1285 1961 1422 2036; x_wconf 83' lang='lat' dir='ltr'><strong>ipse</strong></span> <span class='ocrx_word' id='word_1_184' title='bbox 1453 1977 1590 2021; x_wconf 92' lang='lat' dir='ltr'><strong>cum</strong></span> <span class='ocrx_word' id='word_1_185' title='bbox 1612 1959 1868 2023; x_wconf 72' lang='lat' dir='ltr'><strong>consitio</strong></span> <span class='ocrx_word' id='word_1_186' title='bbox 1892 1960 2033 2021; x_wconf 88' lang='lat' dir='ltr'><strong>belli</strong></span> <span class='ocrx_word' id='word_1_187' title='bbox 2057 1958 2320 2021; x_wconf 73' lang='lat' dir='ltr'><strong>faciendi</strong></span> 
     </span>
     <span class='ocr_line' id='line_1_23' title="bbox 266 2041 2317 2115; baseline 0.003 -16"><span class='ocrx_word' id='word_1_188' title='bbox 266 2055 457 2099; x_wconf 85' lang='lat' dir='ltr'><strong>causa</strong></span> <span class='ocrx_word' id='word_1_189' title='bbox 482 2042 883 2103; x_wconf 85' lang='lat' dir='ltr'><strong>consensisse</strong></span> <span class='ocrx_word' id='word_1_190' title='bbox 909 2041 1225 2115; x_wconf 88' lang='lat' dir='ltr'><strong>iudicavit,</strong></span> <span class='ocrx_word' id='word_1_191' title='bbox 1263 2059 1374 2104; x_wconf 88' lang='lat' dir='ltr'><strong>eos</strong></span> <span class='ocrx_word' id='word_1_192' title='bbox 1405 2043 1539 2104; x_wconf 90' lang='lat' dir='ltr'><strong>sine</strong></span> <span class='ocrx_word' id='word_1_193' title='bbox 1573 2042 1815 2104; x_wconf 88' lang='lat' dir='ltr'><strong>consilii</strong></span> <span class='ocrx_word' id='word_1_194' title='bbox 1842 2042 2170 2114; x_wconf 89' lang='lat' dir='ltr'><strong>sententia,</strong></span> <span class='ocrx_word' id='word_1_195' title='bbox 2203 2059 2317 2105; x_wconf 83' lang='lat' dir='ltr'><strong>sua</strong></span> 
     </span>
     <span class='ocr_line' id='line_1_24' title="bbox 266 2122 2321 2200; baseline 0 -18"><span class='ocrx_word' id='word_1_196' title='bbox 266 2128 517 2197; x_wconf 87' lang='lat' dir='ltr'><strong>sponte,</strong></span> <span class='ocrx_word' id='word_1_197' title='bbox 570 2122 734 2183; x_wconf 89' lang='lat' dir='ltr'><strong>omni</strong></span> <span class='ocrx_word' id='word_1_198' title='bbox 762 2123 1067 2198; x_wconf 86' lang='lat' dir='ltr'><strong>supplicio</strong></span> <span class='ocrx_word' id='word_1_199' title='bbox 1102 2124 1396 2186; x_wconf 85' lang='lat' dir='ltr'><strong>liberavit.</strong></span> <span class='ocrx_word' id='word_1_200' title='bbox 1467 2126 1568 2189; x_wconf 84' lang='lat'><strong>19.</strong></span> <span class='ocrx_word' id='word_1_201' title='bbox 1632 2126 1829 2200; x_wconf 74' lang='lat' dir='ltr'><strong>Quid?</strong></span> <span class='ocrx_word' id='word_1_202' title='bbox 1875 2126 1929 2185; x_wconf 90' lang='lat' dir='ltr'><strong>si</strong></span> <span class='ocrx_word' id='word_1_203' title='bbox 1967 2124 2199 2200; x_wconf 89' lang='lat' dir='ltr'><strong>aliquid</strong></span> <span class='ocrx_word' id='word_1_204' title='bbox 2238 2124 2321 2185; x_wconf 87' lang='lat' dir='ltr'><strong>ab</strong></span> 
     </span>
     <span class='ocr_line' id='line_1_25' title="bbox 263 2203 2315 2281; baseline 0.002 -16"><span class='ocrx_word' id='word_1_205' title='bbox 263 2203 593 2279; x_wconf 85' lang='lat' dir='ltr'><strong>Apollonio</strong></span> <span class='ocrx_word' id='word_1_206' title='bbox 624 2206 1015 2267; x_wconf 86' lang='lat' dir='ltr'><strong>commissum</strong></span> <span class='ocrx_word' id='word_1_207' title='bbox 1044 2214 1167 2279; x_wconf 88' lang='lat' dir='ltr'><strong>est,</strong></span> <span class='ocrx_word' id='word_1_208' title='bbox 1219 2224 1402 2281; x_wconf 88' lang='lat' dir='ltr'><strong>quam</strong></span> <span class='ocrx_word' id='word_1_209' title='bbox 1432 2210 1510 2269; x_wconf 92' lang='lat' dir='ltr'><strong>ob</strong></span> <span class='ocrx_word' id='word_1_210' title='bbox 1539 2225 1670 2270; x_wconf 88' lang='lat' dir='ltr'><strong>rem</strong></span> <span class='ocrx_word' id='word_1_211' title='bbox 1709 2208 1770 2268; x_wconf 93' lang='lat' dir='ltr'><strong>in</strong></span> <span class='ocrx_word' id='word_1_212' title='bbox 1801 2224 1940 2274; x_wconf 87' lang='lat' dir='ltr'><strong>eum</strong></span> <span class='ocrx_word' id='word_1_213' title='bbox 1968 2208 2098 2269; x_wconf 85' lang='lat' dir='ltr'><strong>iure</strong></span> <span class='ocrx_word' id='word_1_214' title='bbox 2127 2207 2315 2269; x_wconf 90' lang='lat' dir='ltr'><strong>anim-</strong></span> 
     </span>
     <span class='ocr_line' id='line_1_26' title="bbox 263 2288 2316 2367; baseline 0.002 -22"><span class='ocrx_word' id='word_1_215' title='bbox 263 2288 708 2360; x_wconf 86' lang='lat' dir='ltr'><strong>adverteretur,</strong></span> <span class='ocrx_word' id='word_1_216' title='bbox 776 2295 1051 2349; x_wconf 84' lang='lat' dir='ltr'><strong>tamenne</strong></span> <span class='ocrx_word' id='word_1_217' title='bbox 1108 2290 1267 2349; x_wconf 88' lang='lat' dir='ltr'><strong>hanc</strong></span> <span class='ocrx_word' id='word_1_218' title='bbox 1314 2306 1440 2349; x_wconf 89' lang='lat' dir='ltr'><strong>rem</strong></span> <span class='ocrx_word' id='word_1_219' title='bbox 1491 2290 1583 2351; x_wconf 90' lang='lat' dir='ltr'><strong>sic</strong></span> <span class='ocrx_word' id='word_1_220' title='bbox 1643 2307 1928 2367; x_wconf 80' lang='lat' dir='ltr'><strong>agemus,</strong></span> <span class='ocrx_word' id='word_1_221' title='bbox 1976 2299 2044 2351; x_wconf 88' lang='lat' dir='ltr'><strong>ut</strong></span> <span class='ocrx_word' id='word_1_222' title='bbox 2083 2288 2316 2351; x_wconf 85' lang='lat' dir='ltr'><strong>crimini</strong></span> 
     </span>
     <span class='ocr_line' id='line_1_27' title="bbox 262 2368 2322 2450; baseline 0.001 -21"><span class='ocrx_word' id='word_1_223' title='bbox 262 2378 369 2430; x_wconf 84' lang='lat' dir='ltr'><strong>aut</strong></span> <span class='ocrx_word' id='word_1_224' title='bbox 393 2368 661 2431; x_wconf 89' lang='lat' dir='ltr'><strong>invidiae</strong></span> <span class='ocrx_word' id='word_1_225' title='bbox 687 2385 795 2429; x_wconf 89' lang='lat' dir='ltr'><strong>reo</strong></span> <span class='ocrx_word' id='word_1_226' title='bbox 825 2378 1109 2444; x_wconf 87' lang='lat' dir='ltr'><strong>putemus</strong></span> <span class='ocrx_word' id='word_1_227' title='bbox 1151 2387 1294 2433; x_wconf 88' lang='lat' dir='ltr'><strong>esse</strong></span> <span class='ocrx_word' id='word_1_228' title='bbox 1325 2384 1635 2447; x_wconf 83' lang='lat' dir='ltr'><strong>oportere,</strong></span> <span class='ocrx_word' id='word_1_229' title='bbox 1687 2373 1743 2434; x_wconf 90' lang='lat' dir='ltr'><strong>si</strong></span> <span class='ocrx_word' id='word_1_230' title='bbox 1785 2391 1908 2450; x_wconf 82' lang='lat' dir='ltr'><strong>quo</strong></span> <span class='ocrx_word' id='word_1_231' title='bbox 1949 2375 2028 2434; x_wconf 89' lang='lat' dir='ltr'><strong>de</strong></span> <span class='ocrx_word' id='word_1_232' title='bbox 2069 2371 2322 2433; x_wconf 82' lang='lat' dir='ltr'><strong>homine</strong></span> 
     </span>
     <span class='ocr_line' id='line_1_28' title="bbox 263 2450 2318 2529; baseline 0.002 -18"><span class='ocrx_word' id='word_1_233' title='bbox 263 2450 541 2513; x_wconf 85' lang='lat' dir='ltr'><strong>severius</strong></span> <span class='ocrx_word' id='word_1_234' title='bbox 566 2450 966 2513; x_wconf 75' lang='lat' dir='ltr'><strong>iudicaverit?</strong></span> <span class='ocrx_word' id='word_1_235' title='bbox 1031 2454 1159 2514; x_wconf 87' lang='lat' dir='ltr'><strong>Non</strong></span> <span class='ocrx_word' id='word_1_236' title='bbox 1202 2472 1378 2529; x_wconf 86' lang='lat' dir='ltr'><strong>agam</strong></span> <span class='ocrx_word' id='word_1_237' title='bbox 1428 2465 1546 2516; x_wconf 83' lang='lat' dir='ltr'><strong>tam</strong></span> <span class='ocrx_word' id='word_1_238' title='bbox 1576 2458 1827 2517; x_wconf 67' lang='lat' dir='ltr'><strong>acerbes</strong></span> <span class='ocrx_word' id='word_1_239' title='bbox 1882 2474 2004 2518; x_wconf 92' lang='lat' dir='ltr'><strong>non</strong></span> <span class='ocrx_word' id='word_1_240' title='bbox 2031 2466 2167 2517; x_wconf 87' lang='lat' dir='ltr'><strong>utar</strong></span> <span class='ocrx_word' id='word_1_241' title='bbox 2196 2454 2318 2516; x_wconf 84' lang='lat' dir='ltr'><strong>ista</strong></span> 
     </span>
     <span class='ocr_line' id='line_1_29' title="bbox 261 2534 2318 2612; baseline 0.004 -21"><span class='ocrx_word' id='word_1_242' title='bbox 261 2534 645 2593; x_wconf 88' lang='lat' dir='ltr'><strong>accusatoria</strong></span> <span class='ocrx_word' id='word_1_243' title='bbox 671 2535 1139 2607; x_wconf 88' lang='lat' dir='ltr'><strong>consuetudine,</strong></span> <span class='ocrx_word' id='word_1_244' title='bbox 1186 2536 1240 2598; x_wconf 92' lang='lat' dir='ltr'><strong>si</strong></span> <span class='ocrx_word' id='word_1_245' title='bbox 1287 2538 1433 2612; x_wconf 90' lang='lat' dir='ltr'><strong>quid</strong></span> <span class='ocrx_word' id='word_1_246' title='bbox 1464 2541 1808 2601; x_wconf 84' lang='lat' dir='ltr'><strong>estfactum</strong></span> <span class='ocrx_word' id='word_1_247' title='bbox 1847 2542 2204 2612; x_wconf 87' lang='lat' dir='ltr'><strong>clementer,</strong></span> <span class='ocrx_word' id='word_1_248' title='bbox 2245 2547 2318 2599; x_wconf 90' lang='lat' dir='ltr'><strong>ut</strong></span> 
     </span>
     <span class='ocr_line' id='line_1_30' title="bbox 262 2613 2316 2695; baseline 0.004 -22"><span class='ocrx_word' id='word_1_249' title='bbox 262 2613 561 2677; x_wconf 88' lang='lat' dir='ltr'><strong>dissolute</strong></span> <span class='ocrx_word' id='word_1_250' title='bbox 590 2616 813 2678; x_wconf 78' lang='lat' dir='ltr'><strong>factum</strong></span> <span class='ocrx_word' id='word_1_251' title='bbox 842 2617 1147 2679; x_wconf 83' lang='lat' dir='ltr'><strong>criminer:</strong></span> <span class='ocrx_word' id='word_1_252' title='bbox 1194 2618 1248 2677; x_wconf 91' lang='lat' dir='ltr'><strong>si</strong></span> <span class='ocrx_word' id='word_1_253' title='bbox 1278 2620 1424 2695; x_wconf 89' lang='lat' dir='ltr'><strong>quid</strong></span> <span class='ocrx_word' id='word_1_254' title='bbox 1455 2621 1824 2683; x_wconf 89' lang='lat' dir='ltr'><strong>vindicatum</strong></span> <span class='ocrx_word' id='word_1_255' title='bbox 1857 2631 1954 2684; x_wconf 91' lang='lat' dir='ltr'><strong>est</strong></span> <span class='ocrx_word' id='word_1_256' title='bbox 1980 2636 2215 2693; x_wconf 89' lang='lat' dir='ltr'><strong>severe,</strong></span> <span class='ocrx_word' id='word_1_257' title='bbox 2245 2628 2316 2682; x_wconf 88' lang='lat' dir='ltr'><strong>ut</strong></span> 
     </span>
     <span class='ocr_line' id='line_1_31' title="bbox 261 2698 2310 2780; baseline 0.003 -24"><span class='ocrx_word' id='word_1_258' title='bbox 261 2712 341 2757; x_wconf 86' lang='lat' dir='ltr'><strong>ex</strong></span> <span class='ocrx_word' id='word_1_259' title='bbox 391 2712 467 2756; x_wconf 90' lang='lat' dir='ltr'><strong>eo</strong></span> <span class='ocrx_word' id='word_1_260' title='bbox 518 2698 890 2761; x_wconf 85' lang='lat' dir='ltr'><strong>crudelitatis</strong></span> <span class='ocrx_word' id='word_1_261' title='bbox 935 2699 1223 2761; x_wconf 86' lang='lat' dir='ltr'><strong>invidiam</strong></span> <span class='ocrx_word' id='word_1_262' title='bbox 1267 2701 1563 2777; x_wconf 84' lang='lat' dir='ltr'><strong>colligam.</strong></span> <span class='ocrx_word' id='word_1_263' title='bbox 1646 2704 1778 2766; x_wconf 91' lang='lat' dir='ltr'><strong>Non</strong></span> <span class='ocrx_word' id='word_1_264' title='bbox 1831 2721 2007 2780; x_wconf 88' lang='lat' dir='ltr'><strong>agam</strong></span> <span class='ocrx_word' id='word_1_265' title='bbox 2045 2705 2162 2765; x_wconf 86' lang='lat' dir='ltr'><strong>ista</strong></span> <span class='ocrx_word' id='word_1_266' title='bbox 2215 2720 2310 2763; x_wconf 87' lang='lat' dir='ltr'><strong>ra-</strong></span> 
     </span>
    </p>

    <p class='ocr_par' dir='ltr' id='par_1_3' title="bbox 262 2777 2312 2861">
     <span class='ocr_line' id='line_1_32' title="bbox 262 2777 2312 2861; baseline 0.003 -23"><span class='ocrx_word' id='word_1_267' title='bbox 262 2777 453 2851; x_wconf 91' lang='lat' dir='ltr'><strong>tione,</strong></span> <span class='ocrx_word' id='word_1_268' title='bbox 485 2789 588 2840; x_wconf 89' lang='lat' dir='ltr'><strong>tua</strong></span> <span class='ocrx_word' id='word_1_269' title='bbox 620 2798 847 2857; x_wconf 88' lang='lat' dir='ltr'><strong>sequar</strong></span> <span class='ocrx_word' id='word_1_270' title='bbox 878 2782 1116 2854; x_wconf 84' lang='lat' dir='ltr'><strong>iudicia,</strong></span> <span class='ocrx_word' id='word_1_271' title='bbox 1148 2793 1310 2845; x_wconf 88' lang='lat' dir='ltr'><strong>tuam</strong></span> <span class='ocrx_word' id='word_1_272' title='bbox 1342 2786 1662 2847; x_wconf 79' lang='lat' dir='ltr'><strong>delendam</strong></span> <span class='ocrx_word' id='word_1_273' title='bbox 1690 2786 2124 2859; x_wconf 88' lang='lat' dir='ltr'><strong>auctoritatem,</strong></span> <span class='ocrx_word' id='word_1_274' title='bbox 2157 2801 2312 2861; x_wconf 85' lang='lat' dir='ltr'><strong>quo—</strong></span> 
     </span>
    </p>

    <p class='ocr_par' dir='ltr' id='par_1_4' title="bbox 260 2861 2318 2943">
     <span class='ocr_line' id='line_1_33' title="bbox 260 2861 2318 2943; baseline 0.005 -24"><span class='ocrx_word' id='word_1_275' title='bbox 260 2861 339 2919; x_wconf 89' lang='lat' dir='ltr'><strong>ad</strong></span> <span class='ocrx_word' id='word_1_276' title='bbox 367 2869 433 2923; x_wconf 87' lang='lat' dir='ltr'><strong>tu</strong></span> <span class='ocrx_word' id='word_1_277' title='bbox 468 2863 671 2935; x_wconf 87' lang='lat' dir='ltr'><strong>voles,</strong></span> <span class='ocrx_word' id='word_1_278' title='bbox 714 2863 892 2924; x_wconf 89' lang='lat' dir='ltr'><strong>simul</strong></span> <span class='ocrx_word' id='word_1_279' title='bbox 926 2881 1002 2925; x_wconf 89' lang='lat' dir='ltr'><strong>ac</strong></span> <span class='ocrx_word' id='word_1_280' title='bbox 1048 2874 1173 2927; x_wconf 84' lang='lat' dir='ltr'><strong>tute</strong></span> <span class='ocrx_word' id='word_1_281' title='bbox 1212 2868 1494 2943; x_wconf 87' lang='lat' dir='ltr'><strong>coeperis</strong></span> <span class='ocrx_word' id='word_1_282' title='bbox 1535 2877 1639 2929; x_wconf 90' lang='lat' dir='ltr'><strong>tua</strong></span> <span class='ocrx_word' id='word_1_283' title='bbox 1677 2868 1900 2931; x_wconf 90' lang='lat' dir='ltr'><strong>iudicia</strong></span> <span class='ocrx_word' id='word_1_284' title='bbox 1938 2869 2318 2941; x_wconf 85' lang='lat' dir='ltr'><strong>rescindere,</strong></span> 
     </span>
    </p>

    <p class='ocr_par' dir='ltr' id='par_1_5' title="bbox 258 2941 2308 3025">
     <span class='ocr_line' id='line_1_34' title="bbox 258 2941 2308 3025; baseline 0.005 -24"><span class='ocrx_word' id='word_1_285' title='bbox 258 2941 401 3003; x_wconf 88' lang='lat' dir='ltr'><strong>mihi</strong></span> <span class='ocrx_word' id='word_1_286' title='bbox 447 2960 817 3007; x_wconf 75' lang='lat' dir='ltr'><strong>suscensere</strong></span> <span class='ocrx_word' id='word_1_287' title='bbox 844 2946 1133 3011; x_wconf 83' lang='lat' dir='ltr'><strong>desinite·</strong></span> <span class='ocrx_word' id='word_1_288' title='bbox 1181 2964 1319 3010; x_wconf 89' lang='lat' dir='ltr'><strong>meo</strong></span> <span class='ocrx_word' id='word_1_289' title='bbox 1351 2950 1481 3011; x_wconf 90' lang='lat' dir='ltr'><strong>iure</strong></span> <span class='ocrx_word' id='word_1_290' title='bbox 1509 2952 1668 3012; x_wconf 89' lang='lat' dir='ltr'><strong>enim</strong></span> <span class='ocrx_word' id='word_1_291' title='bbox 1703 2954 2094 3025; x_wconf 90' lang='lat' dir='ltr'><strong>contendam,</strong></span> <span class='ocrx_word' id='word_1_292' title='bbox 2149 2968 2308 3023; x_wconf 88' lang='lat' dir='ltr'><strong>eum,</strong></span> 
     </span>
    </p>

    <p class='ocr_par' dir='ltr' id='par_1_6' title="bbox 258 3024 2310 3193">
     <span class='ocr_line' id='line_1_35' title="bbox 260 3024 2310 3105; baseline 0.004 -20"><span class='ocrx_word' id='word_1_293' title='bbox 260 3024 363 3098; x_wconf 90' lang='lat' dir='ltr'><strong>qui</strong></span> <span class='ocrx_word' id='word_1_294' title='bbox 386 3042 503 3087; x_wconf 90' lang='lat' dir='ltr'><strong>suo</strong></span> <span class='ocrx_word' id='word_1_295' title='bbox 537 3024 761 3089; x_wconf 77' lang='lat' dir='ltr'><strong>iudicIo</strong></span> <span class='ocrx_word' id='word_1_296' title='bbox 792 3030 1109 3092; x_wconf 89' lang='lat' dir='ltr'><strong>damnatus</strong></span> <span class='ocrx_word' id='word_1_297' title='bbox 1156 3032 1268 3105; x_wconf 89' lang='lat' dir='ltr'><strong>sit,</strong></span> <span class='ocrx_word' id='word_1_298' title='bbox 1313 3031 1643 3095; x_wconf 89' lang='lat' dir='ltr'><strong>iuratorum</strong></span> <span class='ocrx_word' id='word_1_299' title='bbox 1681 3034 1947 3096; x_wconf 89' lang='lat' dir='ltr'><strong>iudicum</strong></span> <span class='ocrx_word' id='word_1_300' title='bbox 1987 3032 2310 3095; x_wconf 85' lang='lat' dir='ltr'><strong>sententiis</strong></span> 
     </span>
     <span class='ocr_line' id='line_1_36' title="bbox 258 3107 2302 3193; baseline 0.004 -26"><span class='ocrx_word' id='word_1_301' title='bbox 258 3107 530 3169; x_wconf 89' lang='lat' dir='ltr'><strong>damnari</strong></span> <span class='ocrx_word' id='word_1_302' title='bbox 584 3118 883 3184; x_wconf 85' lang='lat' dir='ltr'><strong>oportere.</strong></span> <span class='ocrx_word' id='word_1_303' title='bbox 941 3112 1043 3174; x_wconf 81' lang='lat'><strong>20.</strong></span> <span class='ocrx_word' id='word_1_304' title='bbox 1111 3114 1244 3175; x_wconf 88' lang='grc' dir='ltr'>Νοιι</span> <span class='ocrx_word' id='word_1_305' title='bbox 1295 3117 1618 3177; x_wconf 79' lang='lat' dir='ltr'><strong>defendam</strong></span> <span class='ocrx_word' id='word_1_306' title='bbox 1665 3117 1980 3193; x_wconf 90' lang='lat' dir='ltr'><strong>Apollonii</strong></span> <span class='ocrx_word' id='word_1_307' title='bbox 2035 3133 2302 3188; x_wconf 89' lang='lat' dir='ltr'><strong>causam,</strong></span> 
     </span>
    </p>

    <p class='ocr_par' dir='ltr' id='par_1_7' title="bbox 256 3188 2314 3359">
     <span class='ocr_line' id='line_1_37' title="bbox 256 3188 2314 3270; baseline 0.003 -20"><span class='ocrx_word' id='word_1_308' title='bbox 256 3188 434 3251; x_wconf 87' lang='lat' dir='ltr'><strong>amici</strong></span> <span class='ocrx_word' id='word_1_309' title='bbox 475 3198 659 3266; x_wconf 87' lang='lat' dir='ltr'><strong>atque</strong></span> <span class='ocrx_word' id='word_1_310' title='bbox 699 3192 961 3269; x_wconf 86' lang='lat' dir='ltr'><strong>hospitis</strong></span> <span class='ocrx_word' id='word_1_311' title='bbox 1013 3197 1160 3270; x_wconf 90' lang='lat' dir='ltr'><strong>mei,</strong></span> <span class='ocrx_word' id='word_1_312' title='bbox 1210 3213 1286 3256; x_wconf 87' lang='lat' dir='ltr'><strong>ne</strong></span> <span class='ocrx_word' id='word_1_313' title='bbox 1330 3207 1495 3261; x_wconf 88' lang='lat' dir='ltr'><strong>tuum</strong></span> <span class='ocrx_word' id='word_1_314' title='bbox 1525 3198 1814 3261; x_wconf 85' lang='lat' dir='ltr'><strong>iudicium</strong></span> <span class='ocrx_word' id='word_1_315' title='bbox 1843 3200 2050 3261; x_wconf 90' lang='lat' dir='ltr'><strong>videar</strong></span> <span class='ocrx_word' id='word_1_316' title='bbox 2074 3199 2314 3260; x_wconf 73' lang='lat' dir='ltr'><strong>rescin-</strong></span> 
     </span>
     <span class='ocr_line' id='line_1_38' title="bbox 256 3272 2304 3359; baseline 0.006 -28"><span class='ocrx_word' id='word_1_317' title='bbox 256 3272 430 3335; x_wconf 82' lang='lat' dir='ltr'><strong>dere·</strong></span> <span class='ocrx_word' id='word_1_318' title='bbox 465 3273 611 3335; x_wconf 88' lang='lat' dir='ltr'><strong>nihil</strong></span> <span class='ocrx_word' id='word_1_319' title='bbox 644 3276 721 3337; x_wconf 90' lang='lat' dir='ltr'><strong>de</strong></span> <span class='ocrx_word' id='word_1_320' title='bbox 756 3275 1017 3340; x_wconf 89' lang='lat' dir='ltr'><strong>hominis</strong></span> <span class='ocrx_word' id='word_1_321' title='bbox 1046 3280 1416 3355; x_wconf 80' lang='lat' dir='ltr'><strong>frugalitate,</strong></span> <span class='ocrx_word' id='word_1_322' title='bbox 1445 3280 1694 3357; x_wconf 87' lang='lat' dir='ltr'><strong>virtute,</strong></span> <span class='ocrx_word' id='word_1_323' title='bbox 1731 3282 2040 3359; x_wconf 90' lang='lat' dir='ltr'><strong>diligentia</strong></span> <span class='ocrx_word' id='word_1_324' title='bbox 2069 3280 2304 3343; x_wconf 88' lang='lat' dir='ltr'><strong>dicam·</strong></span> 
     </span>
    </p>

    <p class='ocr_par' dir='ltr' id='par_1_8' title="bbox 258 3353 2316 3442">
     <span class='ocr_line' id='line_1_39' title="bbox 258 3353 2316 3442; baseline 0.004 -27"><span class='ocrx_word' id='word_1_325' title='bbox 258 3353 722 3428; x_wconf 79' lang='lat' dir='ltr'><strong>praetermittam</strong></span> <span class='ocrx_word' id='word_1_326' title='bbox 749 3356 897 3421; x_wconf 89' lang='lat' dir='ltr'><strong>illud</strong></span> <span class='ocrx_word' id='word_1_327' title='bbox 939 3359 1143 3436; x_wconf 86' lang='lat' dir='ltr'><strong>etiam,</strong></span> <span class='ocrx_word' id='word_1_328' title='bbox 1187 3363 1263 3423; x_wconf 90' lang='lat' dir='ltr'><strong>de</strong></span> <span class='ocrx_word' id='word_1_329' title='bbox 1310 3382 1434 3441; x_wconf 89' lang='lat' dir='ltr'><strong>quo</strong></span> <span class='ocrx_word' id='word_1_330' title='bbox 1480 3372 1622 3429; x_wconf 85' lang='lat' dir='ltr'><strong>ante</strong></span> <span class='ocrx_word' id='word_1_331' title='bbox 1653 3364 1810 3442; x_wconf 89' lang='lat' dir='ltr'><strong>dixi,</strong></span> <span class='ocrx_word' id='word_1_332' title='bbox 1851 3368 2123 3429; x_wconf 77' lang='lat' dir='ltr'><strong>fortunas</strong></span> <span class='ocrx_word' id='word_1_333' title='bbox 2167 3363 2316 3425; x_wconf 72' lang='lat' dir='ltr'><strong>eius</strong></span> 
     </span>
    </p>
   </div>
   <div class='ocr_carea' id='block_1_3' title="bbox 50 3696 327 3767">
    <p class='ocr_par' dir='ltr' id='par_1_9' title="bbox 50 3696 327 3767">
     <span class='ocr_line' id='line_1_40' title="bbox 50 3696 327 3767; baseline 0 0"><span class='ocrx_word' id='word_1_334' title='bbox 50 3696 327 3767; x_wconf 55' lang='lat' dir='ltr'>A</span> 
     </span>
    </p>
   </div>
  </div>
 </body>
</html>
