2459 3817
588 246 1441 314 CAP.2s-3o.s.72—⁷s.
1602 227 1618 237 “
1788 324 1798 328 ἢ
1907 243 2030 309 145

0 418 59 463 es
95 398 175 462 de
203 397 593 464 damnatione
624 396 901 462 dubitare
914 406 943 460 ἲ
988 395 1090 462 75.
1131 399 1381 472 Verum,
1411 398 1466 460 si
1491 396 1724 460 crimen
1751 399 1874 461 hoc
1901 415 2027 462 me-

0 485 212 558 uebaS,
242 499 324 544 ne
364 482 505 559 quis
539 481 928 558 suppositum
956 481 1069 542 abs
1110 489 1170 543 te
1212 497 1356 542 esse
1387 480 1620 543 diceret
1653 480 1758 558 qui
1788 499 1900 559 pro
1934 500 2030 544 ar-

0 567 259 644 hipirata
290 565 497 628 securi
524 564 832 639 feriretur,
864 572 1063 627 utrum
1090 563 1338 624 tandem
1359 563 1466 625 tibi
1491 565 1576 626 ad
1609 565 2029 627 defensionem

0 650 199 712 rmius
228 650 364 711 fore
390 647 638 726 putasti,
668 647 731 708 in
758 647 1007 722 iudicio,
1041 655 1266 710 coactu
1297 656 1484 724 atque
1513 647 1848 724 efflagitatu
1870 665 2029 723 meo,

0 735 307 798 reducere
334 737 465 793 tum
482 733 564 793 ad
586 733 833 810 ignotos
856 739 1029 794 tanto
1062 738 1209 808 post
1230 747 1390 804 eum,
1403 747 1588 806 quem
1607 731 2031 808 amhipiratam

1 833 107 880 sse
150 815 427 889 dicereS,
464 832 543 876 an
576 815 807 876 recenti
850 831 947 890 re,
984 814 1345 892 Syracusis.
1374 814 1544 890 apud
1571 823 1786 890 notos,
1823 815 2032 892 inspe—

2 909 167 964 tante
200 898 409 961 Sicilia
440 914 641 976 paene
681 905 837 974 tota,
878 898 1083 960 securi
1110 896 1336 958 scrire?
1407 897 1571 958 Vide
1605 897 1755 972 quid
1793 897 2034 962 intersit

0 993 163 1046 ‚trum
192 981 537 1044 faciendum
582 979 779 1043 fuerit.
840 983 909 1041 In
956 979 1060 1043 illo
1100 979 1506 1056 reprehensio
1545 980 1714 1042 nulla
1743 997 1888 1053 esse
1921 999 2032 1058 po-

0 1067 103 1130 nit:
136 1065 236 1128 hic
264 1064 549 1126 defensio
584 1066 751 1128 nulla
778 1073 893 1126 est.
938 1065 1153 1140 Itaque
1179 1064 1331 1126 illud
1361 1081 1608 1138 semper
1628 1079 1842 1126 omnes
1867 1066 2034 1126 fece·

0 1159 129 1212 unt=
172 1151 292 1210 hoc
342 1148 483 1225 quis
524 1155 665 1208 ante
710 1155 771 1208 te
786 1193 802 1221 ‚
846 1147 987 1223 quis
1028 1155 1276 1223 praeter
1311 1156 1373 1210 te
1415 1146 1631 1208 fecerit
1659 1164 1916 1223 quaero.
1945 1180 2033 1194 --

0 1234 223 1294 *iratam
256 1231 465 1294 vivum
496 1229 758 1292 tenuisti.
806 1229 997 1304 Quem
1026 1231 1107 1290 ad
1135 1231 1361 1290 finem?
1397 1233 1554 1292 Dum
1591 1245 1730 1292 cum
1771 1230 2028 1307 imperio

0 1316 151 1380 nisti.
196 1315 392 1389 Quam
421 1314 499 1374 ob
530 1319 829 1374 eausam!
875 1329 997 1389 qno
1040 1315 1371 1389 exemplo?
1411 1321 1671 1376 curtam
1711 1314 1859 1376 diu?
1905 1331 2034 1390 cur,

0 1415 230 1476 nquam,
264 1395 502 1458 civibus
531 1395 843 1470 Romanis,
884 1413 1042 1473 quos
1070 1395 1308 1473 piratae
1340 1407 1651 1474 ceperant,
1679 1397 1884 1460 securi
1911 1409 2034 1460 sta-

0 1502 67 1545 m
97 1479 415 1560 percussis
431 1525 445 1554 ,
492 1479 649 1556 ipsis
679 1479 893 1556 piratis
923 1479 1079 1542 lucis
1110 1497 1360 1542 usuram
1389 1489 1513 1542 tam
1547 1481 1892 1543 diuturnam
1927 1483 2034 1543 de-

0 1566 151 1628 isti?
210 1563 310 1628 76.
352 1565 585 1626 Verum
614 1573 782 1626 esto=
826 1565 905 1626 sit
942 1562 1049 1626 tibi
1086 1564 1236 1626 illud
1259 1565 1518 1626 liberum
1554 1581 1737 1628 omne
1765 1575 2032 1642 tempuS,

0 1650 176 1725 Quoad
204 1665 343 1710 cum
376 1645 634 1726 imperio
668 1647 865 1710 suistiz
908 1647 1171 1710 etiamne
1200 1649 1507 1727 privatus,
1553 1649 1814 1711 etiamne
1847 1665 2016 1728 reus,

4 1732 229 1794 tiamne
260 1748 460 1808 paene
485 1733 810 1793 damnatus
841 1729 1109 1793 hostium
1142 1733 1337 1794 duces
1367 1733 1607 1807 privata
1634 1731 1698 1792 in
1727 1733 1912 1792 domo
1938 1749 2033 1792 re-

0 1814 237 1878 muisti?
288 1815 521 1890 Unum,
576 1816 832 1876 alterum
872 1831 1177 1886 mensem,
1230 1823 1429 1890 prope
1469 1830 1697 1875 annum
1743 1813 2033 1889 denique,

0 1899 129 1962 ‚omi
158 1905 304 1960 tuae
330 1897 598 1975 piratae,
625 1915 665 1958 a
698 1913 823 1974 quo
852 1905 1133 1973 tempore
1162 1897 1326 1972 capti
1361 1905 1522 1970 sunt,
1561 1897 1768 1973 quoad
1795 1913 1910 1973 per
1935 1913 2033 1958 me

0 1984 189 2044 :citum
215 1989 333 2054 est,
364 1982 641 2043 fueruntz
675 1981 797 2040 hoc
828 1988 943 2053 est,
982 1981 1190 2056 quoad
1217 1997 1332 2055 per
1357 1980 1460 2040 Μ’.
1486 1979 1876 2042 Glabrionem
1906 1979 2034 2042 lici·

0 2083 89 2126 ιιιι
120 2071 233 2138 est,
267 2064 391 2138 qui,
422 2065 771 2140 postulante
798 2079 919 2138 me,
948 2062 1207 2139 produci
1237 2071 1424 2140 atque
1451 2062 1514 2124 in
1544 2079 1853 2126 carcerem
1889 2079 2033 2126 con·

4 2149 27 2210 i
68 2145 409 2223 imperavit.
474 2146 657 2208 XXX.
698 2145 873 2220 Quod
918 2153 1015 2208 est
1052 2147 1308 2209 huiusce
1345 2147 1437 2208 rei
1477 2145 1624 2209 ius?
1685 2165 1846 2224 quae
1889 2164 2035 2210 con-

0 2231 271 2295 uetudov
316 2230 487 2306 quod
530 2231 919 2305 exemplum?
974 2231 1229 2293 Hostem
1261 2230 1622 2293 acerrimum
1664 2238 1850 2307 atque
1883 2231 2033 2293 infe·

0 2314 304 2378 tissimum·
320 2315 535 2391 populi
554 2313 816 2376 Romani
841 2330 957 2375 seu
984 2315 1191 2390 potius
1215 2331 1599 2377 communem
1622 2316 1860 2376 hostem
1886 2331 2032 2390 gen-

0 2401 111 2459 'um
172 2397 613 2474 nationumque
664 2396 931 2459 omnium
980 2399 1306 2474 quisquam
1359 2400 1627 2461 omnium
1687 2397 2031 2459 mortalium

0 2481 234 2544 rivatus
261 2481 423 2544 intra
450 2479 692 2544 moenia
721 2479 887 2542 domi
922 2498 1074 2543 suae
1104 2481 1366 2544 retinere
1401 2481 1670 2557 poterit?
1710 2478 1812 2544 77.
1857 2479 2034 2554 Quid,

0 2567 13 2624 i
40 2565 268 2641 pridie,
299 2583 483 2642 quam
516 2583 555 2626 a
582 2581 681 2624 me
707 2573 775 2626 tu
809 2573 1058 2626 coactus
1086 2581 1157 2626 es
1194 2566 1498 2639 confiteri,
1539 2564 1780 2626 civibus
1812 2566 2034 2627 Roma-

0 2647 57 2708 is
112 2648 316 2711 securi
347 2646 717 2746 percussis,
770 2649 1153 2724 praedonum
1202 2649 1423 2711 ducem
1464 2648 1708 2724 vivere,
1761 2648 2035 2708 habitare

0 2733 130 2808 pud
157 2741 245 2794 te.
310 2731 398 2808 si,
448 2731 733 2809 inquam,
782 2730 981 2807 pridie
1022 2733 1207 2793 domo
1247 2741 1352 2794 tua
1390 2731 1800 2807 profugisset,
1841 2730 1897 2791 si
1925 2730 2034 2791 ali-

0 2833 149 2891 ‚uam
184 2835 430 2881 manum
468 2827 687 2883 eontra
723 2835 854 2881 rem
894 2819 1202 2897 publicam
1245 2819 1454 2878 facere
1489 2820 1832 2894 potuisset,
1884 2816 2033 2894 quid

3 2901 243 2964 iceres?
308 2906 497 2980 Apud
526 2923 625 2966 me
652 2903 981 2976 habitavit,
1010 2919 1254 2963 mecum
1282 2901 1427 2963 fuit:
1477 2918 1596 2978 ego
1625 2903 1795 2964 illum
1833 2904 1913 2963 ad
1942 2902 2032 2962 in·

0 2985 185 3047 icium
213 3003 449 3061 meum,
490 3007 616 3065 quo
658 2988 901 3050 facilius
936 2985 1161 3050 crimen
1204 2984 1588 3047 inimicorum
1617 2987 1854 3048 diluere
1887 3001 2032 3061 pos

0 3083 119 3141 em,
152 3067 358 3130 vivum
390 3077 577 3145 atque
610 3069 976 3134 incolumem
1005 3074 1338 3136 reservavi.
1401 3077 1570 3138 Itane
1599 3084 1795 3138 vero!
1835 3083 1898 3136 tu
1927 3084 2032 3136 tua

0 3149 228 3212 ericula
256 3154 563 3215 communi
590 3155 865 3230 periculo
894 3158 1236 3220 defendes?
1260 3169 1326 3221 tu
1361 3160 1694 3238 supplicia,
1737 3175 1896 3236 quae
1925 3160 2030 3218 de-

0 3241 175 3295 entur
199 3236 482 3298 hostibus
513 3237 713 3312 victiS,
747 3241 829 3301 ad
857 3249 1057 3315 tuum,
1092 3260 1215 3304 non
1244 3244 1324 3304 ad
1351 3246 1439 3305 rei
1471 3246 1753 3320 publicae
1790 3251 1939 3314 tems
1955 3259 2030 3302 us

0 3318 289 3380 onseres?
340 3321 557 3396 populi
585 3323 844 3384 Romani
895 3324 1090 3387 hostis
1150 3327 1370 3402 privati
1419 3327 1684 3388 hominis
1729 3323 2029 3386 custodiis

0 3401 425 3464 dservabiturr
484 3407 567 3466 At
594 3405 777 3467 etiam
810 3408 915 3484 qui
942 3408 1315 3485 triumphant
1344 3429 1548 3486 eoque
1591 3410 1819 3470 diutius
1849 3410 2028 3470 vivos

0 3483 221 3626 ostilum
253 3485 447 3625 «linces
464 3499 820 3624 feservant,
854 3500 921 3553 ut
950 3492 1045 3553 his
1082 3511 1193 3569 per
1218 3495 1606 3627 triumphasti)
1621 3493 1852 3569 ducti8‚
1895 3492 2024 3569 pul-

61 3583 95 3627 c
124 3583 157 3626 c
218 3583 255 3625 o
304 3583 381 3624 Ατ
508 3619 518 3629 .
