2459 3817
276 148 405 214 200
725 114 876 215 121'10
916 151 1123 215 REGE
1164 148 1559 214 nmorAno
1605 146 1912 214 οΒΑτιο.

284 335 542 385 rannum
568 320 847 393 inveniri,
876 329 942 381 ut
964 322 1117 381 haec
1143 318 1434 393 omittam,
1468 317 1644 380 cuius
1665 317 1820 381 tanti
1843 316 2069 381 furoris
2097 316 2213 381 ruit
2235 333 2338 379 om-

284 420 399 467 nes
431 420 634 481 reges,
667 421 925 481 quorum
962 404 1133 465 multi
1162 412 1337 467 erant
1364 401 1619 476 finitimi,
1652 418 1870 464 omnes
1899 404 2136 465 liberos
2163 418 2340 480 popu-

286 489 399 563 los»,
428 504 643 551 omnes
670 488 899 560 socios,
925 502 1141 549 omnes
1163 487 1541 565 provincias,
1566 486 1770 548 omnia
1793 486 2058 563 denique
2082 486 2346 549 omnium

287 585 454 631 arma
476 577 687 630 contra
715 584 787 628 sc
808 584 989 627 unum
1016 569 1322 629 excitare?
1351 568 1622 642 Quonam
1645 568 1745 627 ille
1773 569 1956 630 modo
1981 582 2125 629 cum
2149 582 2343 641 regno,

288 668 425 712 cum
456 651 671 725 domo,
701 666 838 711 cum
869 650 1158 727 coniuge,
1202 668 1340 711 cum
1384 650 1699 713 carissimo
1743 652 1868 712 filio
1899 648 2236 711 distractus
2263 665 2346 710 es·

288 742 409 807 set,
449 740 617 795 tanto
660 734 896 794 scelere
942 750 1064 794 non
1105 734 1290 795 modo
1334 734 1637 809 perlecto,
1681 734 1796 794 sed
1835 734 2012 795 etiam
2048 732 2350 808 cogitator

284 815 389 875 Vl.
422 814 521 878 16.
548 818 657 890 At,
692 817 910 889 credo,
954 816 1106 877 haec
1132 817 1317 878 homo
1346 815 1725 877 inconsultus
1749 823 1810 878 et
1837 815 2206 877 temerarius
2237 828 2345 874 non

284 897 549 960 videbat.
595 900 741 974 Quis
770 900 1208 961 consideratior
1238 899 1383 959 illo?
1429 898 1567 973 quis
1598 899 1860 960 rectior?
1910 900 2050 974 quis
2083 898 2344 975 pruden-

285 982 445 1043 tior?
480 1000 847 1060 quamquam
868 983 1146 1043 hocloco
1172 982 1519 1042 Deiotarum
1548 997 1670 1042 non
1701 990 1820 1043 tam
1847 979 2099 1057 ingenio
2135 989 2200 1042 et
2221 994 2344 1055 pru-

288 1066 492 1127 dentia
528 1083 709 1143 quam
740 1068 861 1125 fide
888 1074 949 1126 et
975 1064 1268 1139 religione
1301 1064 1461 1125 vitae
1493 1064 1942 1125 defendendum
1973 1072 2151 1141 puto.
2207 1064 2344 1123 Nota

286 1148 389 1209 tibi
432 1156 527 1211 est
570 1147 829 1209 hominis
871 1147 1174 1223 probitas,
1205 1148 1269 1208 C.
1295 1148 1550 1221 Caesar,
1593 1145 1721 1208 noti
1750 1163 1986 1221 moreS,
2029 1155 2187 1210 nota
2217 1160 2334 1206 con·

288 1231 524 1292 stantia.
596 1230 704 1292 Cui
740 1248 953 1307 porro,
986 1232 1088 1306 qui
1116 1231 1298 1292 modo
1331 1229 1540 1307 populi
1568 1228 1824 1291 Romani
1853 1245 2077 1291 nomen
2105 1226 2338 1295 audivit,

289 1313 551 1375 Deiotari
593 1313 935 1389 integritaS,
990 1313 1286 1388 gravitas,
1341 1312 1563 1385 virtue,
1603 1313 1759 1373 fides
1798 1328 1920 1374 non
1960 1313 2178 1375 audita
2226 1314 2344 1371 est?

288 1396 463 1470 Quod
509 1396 689 1471 igitur
731 1397 966 1457 facinus
1011 1410 1125 1455 nec
1181 1396 1242 1455 in
1272 1396 1576 1456 hominem
1616 1395 2059 1471 imprudentem
2111 1394 2338 1457 caderet

288 1485 537 1555 propter
589 1486 810 1539 metum
855 1477 1193 1553 praesentis
1237 1478 1432 1550 exitii,
1477 1494 1591 1539 nec
1640 1480 1699 1538 in
1745 1479 2198 1553 facinorosum,
2239 1472 2338 1535 nisi

286 1570 454 1622 esset
497 1558 654 1621 idem
706 1560 1195 1633 amentissimuS‚
1245 1562 1304 1620 id
1352 1577 1468 1622 vos
1521 1571 1583 1623 et
1631 1576 1670 1622 a
1723 1560 1855 1622 viro
1895 1562 2132 1638 optimo
2178 1568 2239 1620 et
2275 1557 2338 1615 ab

288 1639 532 1704 homine
571 1642 815 1705 minime
856 1647 1039 1705 stulto
1082 1644 1410 1719 cogitatum
1469 1660 1613 1706 esse
1658 1644 2026 1720 confingitis,
2137 1642 2234 1705 17.
2274 1642 2330 1698 ΑΙ

288 1742 467 1804 quam
498 1742 622 1786 non
656 1727 841 1788 modo
861 1744 983 1787 non
1020 1726 1414 1800 credibiliter,
1447 1729 1558 1789 sed
1588 1744 1666 1789 ne
1705 1726 2038 1803 suspitiose
2071 1720 2336 1803 quidem!

286 1812 495 1885 Quum,
520 1809 730 1887 inquit,
764 1810 824 1870 in
855 1812 1167 1871 castellum
1191 1810 1471 1871 Blucium
1503 1810 1783 1872 venisses
1803 1818 1863 1871 et
1887 1810 2136 1871 domum
2169 1804 2330 1881 regis,

285 1892 544 1969 hospitis
579 1891 693 1967 tui,
726 1895 1127 1967 devertisses,
1158 1896 1332 1955 locus
1365 1901 1494 1955 erat
1526 1893 1792 1991 quidam,
1828 1892 1890 1953 in
1923 1910 2043 1967 quo
2077 1898 2250 1952 erant
2275 1901 2332 1946 ea

286 1976 656 2053 composita,
701 1977 923 2052 quibus
962 1984 1023 2038 te
1062 1992 1175 2036 rex
1214 1991 1532 2037 munerare
1561 1975 1974 2037 constituerat.
2062 1976 2200 2035 Huc
2229 1980 2281 2032 te
2305 1982 2330 2024 e

287 2055 522 2134 balneo,
551 2059 721 2135 prius
748 2075 928 2136 quam
955 2060 1367 2133 accumbereS,
1395 2060 1620 2120 ducere
1653 2059 1914 2119 volebat.
1969 2057 2162 2119 Erant
2190 2051 2328 2116 enim

285 2144 525 2214 armati,
572 2142 674 2217 qui
718 2149 779 2202 te
821 2142 1252 2214 interficerent,
1294 2140 1354 2201 in
1393 2157 1468 2202 eo
1509 2142 1647 2216 ipso
1695 2144 1834 2202 loco
1867 2139 2172 2202 collocati.
2258 2134 2332 2195 En

285 2225 508 2284 crimen
527 2270 541 2297 ,
572 2239 646 2282 en
678 2239 862 2284 causa
882 2268 897 2295 ,
943 2240 1053 2284 cur
1078 2239 1284 2299 regem
1316 2223 1621 2299 fugitivae,
1653 2222 1960 2284 dominum
1993 2236 2218 2284 servus
2248 2232 2330 2277 ac-

286 2315 477 2368 cuset.
540 2306 668 2379 Ego
693 2322 791 2366 me
816 2310 1131 2378 Hercules,
1157 2308 1400 2381 Caesar,
1430 2304 1621 2380 initio,
1652 2322 1836 2382 quum
1867 2314 1963 2367 est
1991 2305 2071 2365 ad
2099 2321 2199 2366 me
2227 2301 2329 2361 ista

286 2404 474 2450 causa
502 2389 719 2460 delata,
750 2388 1111 2465 Phidippum
1140 2388 1472 2462 medIcum,
1503 2404 1751 2450 servum
1787 2389 2036 2464 regium,
2072 2388 2179 2463 qui
2209 2396 2327 2445 cum

285 2470 499 2545 legatis
530 2471 754 2535 missus
777 2482 962 2547 esset,
990 2473 1067 2532 ab
1092 2472 1210 2533 isto
1240 2473 1634 2535 adolescente
1657 2488 1801 2532 esse
1830 2479 2203 2547 corruptum,
2231 2468 2330 2527 hac

286 2570 420 2614 sum
476 2552 821 2630 suspitione
887 2570 1250 2651 percussus·
1307 2554 1612 2616 Medicum
1647 2553 1913 2616 indicem
1955 2546 2326 2615 subm-navim

285 2636 471 2714 finget
498 2636 781 2699 videlicet
807 2637 1057 2714 aliquod
1103 2638 1324 2699 crimen
1359 2637 1597 2700 veneni.
1641 2639 1770 2699 Etsi
1799 2656 1836 2699 a
1865 2638 2113 2699 veritate
2138 2639 2322 2707 longe

285 2728 482 2783 tamen
528 2736 567 2781 a
612 2719 1054 2783 consuetudine
1089 2720 1441 2781 criminandi
1480 2739 1603 2782 non
1646 2723 1894 2783 multum
1925 2736 2025 2782 res
2056 2718 2325 2803 abnuo-03

284 2804 403 2864 bat.
491 2802 589 2865 18.
634 2804 789 2878 Quid
828 2804 911 2864 ait
950 2803 1272 2865 medicus?
1309 2802 1463 2864 Nihil
1507 2806 1584 2865 de
1624 2820 1883 2864 veneno.
1982 2804 2065 2863 At
2108 2802 2169 2861 id
2213 2800 2324 2860 fierl

286 2884 481 2981 potuit
513 2886 767 2961 primum
806 2886 1101 2947 occultius
1131 2886 1189 2947 in
1224 2885 1472 2963 potione
1501 2886 1599 2947 vel
1631 2887 1688 2945 in
1719 2886 1887 2947 cibo·
1918 2884 2142 2947 deinde
2165 2881 2327 2945 etiam

286 2970 591 3042 impunius
622 2970 715 3040 fit,
762 2970 929 3043 quod
959 2986 1159 3067 quum·
1165 2979 1262 3031 est
1296 2972 1552 3043 sactum,
1593 2970 1801 3044 negari
1830 2976 2051 3043 potest.
2139 2966 2205 3027 Si
2233 2976 2322 3039 pa·

286 3052 401 3110 lam
434 3058 491 3112 te
521 3050 955 3124 interemisset,
999 3052 1267 3113 omnium
1312 3053 1369 3111 in
1403 3068 1473 3113 se
1501 3043 1765 3127 gentium
1795 3068 1916 3112 non
1949 3051 2144 3111 solum
2183 3044 2324 3110 odia,

284 3134 397 3195 sed
432 3134 612 3196 etiam
634 3150 800 3194 arma
832 3134 1264 3195 convertissem
1309 3134 1364 3193 si
1397 3150 1663 3209 veneno,
1693 3132 1858 3195 Iovis
1902 3133 2062 3193 illius
2098 3130 2322 3207 quidem

282 3214 605 3291 hospitalis
651 3231 867 3276 numen
910 3233 1238 3291 numquam
1285 3218 1485 3279 celare
1528 3214 1858 3291 potuisset,
1899 3213 2176 3276 homines
2217 3212 2320 3271 sor·

284 3304 451 3359 tasse
492 3301 777 3360 celasset.
875 3300 1052 3375 Quod
1102 3300 1287 3375 igitur
1339 3306 1401 3360 et
1443 3297 1652 3360 conari
1681 3299 1977 3360 occultius
2007 3306 2069 3359 et
2094 3296 2320 3357 efficere

286 3380 520 3440 cautius
556 3380 766 3455 potuit,
798 3378 860 3439 id
896 3379 1019 3455 tibi,
1052 3388 1113 3441 et
1136 3379 1374 3443 medico
1399 3380 1621 3443 callido
1654 3389 1715 3441 et
1743 3397 1944 3455 servo,
1981 3386 2046 3441 ut
2071 3378 2318 3455 putabat.
