2459 3817
280 158 404 223 190
844 155 995 218 PRO
1028 156 1097 232 Q.
1130 155 1447 219 LIGARIO
1477 155 1780 219 onum.

266 310 397 381 tuo,
426 304 609 369 lieaat
634 306 840 369 multia
867 305 1003 367 aliia
1032 322 1262 369 carere.
1351 306 1608 382 Quando
1635 306 1756 369 boe
1787 306 2118 385 quisquam
2165 326 2254 371 ex
2285 319 2354 385 te,

270 390 529 463 Caesar,
568 388 834 463 audivit,
878 398 985 451 aut
1022 397 1129 451 tua
1156 388 1304 466 quid
1333 390 1499 453 aliud
1531 406 1698 451 arma
1717 392 2042 453 voluerunt
2071 392 2202 453 nisi
2235 411 2276 453 a
2305 404 2361 454 te

268 471 697 537 contumeliam
727 472 1131 549 propulsaret
1172 473 1328 548 Quid
1373 475 1500 550 egit
1536 481 1677 536 tuus
1717 472 1980 537 invictus
2007 477 2356 550 exereitus,

270 556 391 617 nisi
410 563 480 617 ut
498 572 677 617 auum
696 555 795 617 ius
816 564 1087 617 tueretur
1110 564 1175 617 et
1202 556 1552 632 dignitatem
1581 564 1791 619 tuam?
1819 557 1971 632 Quid
1987 565 2020 616 r
2037 567 2129 633 tu,
2161 577 2358 634 quum

272 654 489 715 paoem
520 653 665 700 οπο
690 637 1009 714 cupiebas,
1038 638 1183 701 idne
1210 641 1460 714 agebas,
1489 647 1559 702 ut
1585 640 1694 701 tibi
1721 656 1858 701 eum
1891 642 2246 715 sceleratis,
2281 661 2356 703 an

270 732 341 783 ut
368 736 505 783 eum
532 721 714 783 bonis
744 721 979 782 civibus
1008 722 1404 784 conveniret?
1442 720 1541 785 19.
1565 722 1712 783 nihi
1745 740 1923 800 vero,
1955 724 2215 799 Caesar,
2257 735 2358 786 tua

268 804 333 866 in
378 820 477 865 me
520 805 785 867 maxima
824 802 1039 866 merito
1076 814 1242 867 tanta
1283 814 1446 868 σοι-ιο
1489 822 1613 869 non
1643 806 2023 882 viderentur,
2054 806 2113 868 si
2145 824 2252 867 me
2293 818 2354 868 ut

272 889 635 951 sceleratum
663 906 703 949 a
730 896 791 950 te
816 898 1246 950 conservatum
1275 898 1568 965 putarem.
1655 889 1787 965 Quo
1823 890 2010 951 modo
2039 900 2258 952 autem
2293 902 2352 952 ιιι

270 972 355 1033 de
373 988 442 1033 re
470 972 715 1048 publiea
741 972 901 1033 bene
928 970 1177 1033 meritus
1204 988 1415 1048 osaea,
1465 989 1652 1049 quum
1679 980 1772 1035 tot
1797 973 2146 1056 abolet-aton¹
2177 976 2345 1035 ineo·

270 1056 415 1117 lumi
456 1056 749 1131 dignitate
794 1070 938 1117 ease
984 1054 1335 1117 voluisses?
1379 1054 1809 1117 secessionem
1835 1066 1900 1117 tu
1935 1056 2104 1117 illam
2135 1057 2340 1118 existi·

272 1138 535 1213 mavisti,
564 1139 804 1213 Caesar,
834 1138 1022 1215 initio,
1052 1154 1174 1200 non
1203 1140 1446 1211 bellum,
1475 1154 1680 1215 neque
1707 1138 1928 1200 hostile
1956 1138 2199 1215 odium,
2233 1141 2346 1201 sed

270 1223 453 1283 civile
480 1220 821 1296 discidium,
850 1223 1129 1298 utrisque
1157 1221 1542 1299 cupientibus
1580 1238 1708 1283 rem
1737 1221 2045 1298 pubiieam
2085 1224 2343 1296 salvam,

272 1306 387 1365 aed
426 1306 639 1379 partim
672 1303 963 1377 consiliis,
998 1305 1215 1380 partim
1239 1304 1454 1367 studiis
1488 1322 1528 1365 a
1547 1305 1852 1366 communi
1881 1304 2142 1366 utilitate
2173 1308 2344 1367 aber-

270 1387 563 1449 rantibus.
646 1385 989 1461 Principum
1018 1388 1278 1462 dignitas
1319 1396 1449 1449 erat
1488 1404 1686 1463 paene
1720 1403 1860 1464 par,
1899 1404 2026 1449 nou
2071 1404 2196 1463 par
2225 1392 2344 1451 for·

272 1480 441 1531 tasse
466 1483 709 1541 eorum,
756 1470 861 1544 qui
902 1470 1346 1545 aequabanture
1381 1487 1570 1533 eausa
1597 1478 1721 1533 tum
1751 1470 1952 1545 dubia,
1995 1474 2178 1545 quod
2215 1482 2346 1533 erat

272 1550 499 1627 aliquid
520 1551 583 1611 in
610 1559 869 1627 utraque
889 1562 1061 1628 parte
1084 1554 1253 1629 quod
1276 1553 1522 1628 probari
1547 1562 1787 1629 possen
1821 1569 1984 1615 nune
2013 1554 2244 1617 melior
2271 1572 2344 1615 ea

274 1636 598 1699 iudicanda
624 1643 739 1711 est,
773 1652 953 1711 quam
986 1635 1167 1698 etiam
1192 1637 1254 1696 di
1279 1637 1658 1699 adiuverunt.
1745 1636 1998 1713 Cognita
2031 1652 2192 1699 vero
2224 1642 2340 1699 ele-

274 1720 497 1783 mentia
516 1728 619 1783 tua
650 1718 791 1797 quis
828 1736 951 1781 non
992 1736 1127 1781 eam
1157 1719 1468 1781 victoriam
1496 1721 1743 1797 probet,
1776 1720 1838 1781 in
1881 1737 2004 1797 qua
2043 1721 2342 1782 occiderit

274 1819 447 1869 nemo
478 1804 596 1865 nisi
624 1812 935 1865 armatus?

391 1889 521 1947 vu.
544 1887 647 1949 20.
672 1886 798 1949 Sed
822 1896 889 1947 ut
922 1886 1189 1950 omittam
1212 1902 1592 1949 communem
1621 1903 1890 1964 eausam,
1911 1886 2243 1949 veniamus
2263 1888 2338 1948 ad

272 1978 555 2034 nostram.
640 1971 851 2031 Utrum
894 1970 1137 2031 tandem
1178 1970 1490 2031 existimas
1529 1970 1766 2032 facilius
1807 1970 2027 2043 fuisse,
2072 1971 2337 2044 Tubero,

272 2053 568 2128 Ligarium
610 2068 693 2113 ex
739 2051 947 2113 Africa
986 2053 1155 2115 exire
1200 2070 1280 2114 an
1319 2070 1432 2115 vos
1473 2054 1534 2113 in
1587 2052 1856 2114 Africam
1901 2070 2023 2114 non
2083 2054 2341 2115 venire?

270 2135 719 2204 Poteramusne,
750 2134 1010 2209 inquieS,
1042 2154 1229 2211 quum
1257 2145 1506 2197 senatus
1537 2136 1924 2199 censuisset-1
1951 2135 2018 2197 Si
2055 2152 2156 2196 me
2191 2154 2335 2198 eon·

268 2218 447 2294 nulia,
484 2219 651 2280 nullo
686 2217 891 2278 modo.
979 2217 1103 2279 Sed
1130 2228 1333 2281 tamen
1359 2218 1662 2294 Ligarium
1695 2228 1946 2281 senatus
1973 2217 2138 2278 idem
2169 2222 2336 2294 legu-

268 2310 454 2363 verat.
540 2304 745 2373 Atque
790 2300 893 2361 illo
920 2316 997 2361 eo
1038 2308 1316 2379 tempore
1337 2300 1568 2378 paruit,
1609 2319 1796 2377 quum
1837 2316 2051 2377 parere
2091 2302 2335 2363 senatui

265 2397 523 2444 neeesse
548 2391 709 2443 eratx
743 2400 885 2449 ,vos
926 2394 1077 2447 tune
1103 2386 1428 2461 paruistis,
1479 2404 1668 2463 quum
1708 2386 1914 2463 paruit
1949 2400 2169 2457 nemo,
2231 2385 2336 2459 qui

266 2464 472 2527 noluit.
558 2466 969 2541 Reprehendo
1014 2468 1240 2543 igitur?
1277 2468 1522 2528 Minime
1567 2486 1735 2530 vero.
1822 2470 2034 2543 Neque
2063 2468 2230 2527 enim
2267 2469 2332 2525 li-

262 2547 388 2611 euit
414 2548 587 2611 aliter
619 2557 824 2611 vestro
854 2551 1093 2625 generi,
1115 2550 1381 2621 nomini,
1405 2550 1691 2623 familiae,
1735 2550 2118 2627 disciplinae.
2208 2550 2332 2609 Sed

260 2635 380 2694 hoe
408 2649 531 2695 non
560 2634 866 2707 concede,
892 2641 989 2705 ut,
1034 2634 1260 2709 quibus
1291 2634 1474 2693 rebus
1503 2635 1838 2709 gloriemini
1865 2635 1930 2695 in
1954 2632 2170 2708 vobi&
2195 2649 2330 2693 eas·
2444 2674 2445 2677 ,

260 2718 398 2777 dem
433 2717 494 2777 in
518 2716 654 2778 aliis
687 2716 1167 2792 reprehendatis.
1250 2714 1354 2779 21.
1389 2716 1726 2778 Tuberonis
1757 2734 1894 2779 sors
1925 2715 2208 2778 coniecta
2239 2725 2330 2775 est
2444 2728 2445 2767 {

260 2816 339 2860 ex
370 2810 621 2862 senatus
658 2801 935 2862 consulto
954 2846 969 2873 ‚
1011 2816 1197 2876 quum
1247 2801 1384 2877 ipse
1411 2816 1534 2861 non
1567 2801 1844 2873 adesset,
1895 2798 2112 2861 morbo
2145 2799 2322 2859 etiam

261 2882 675 2959 impediretur.
764 2883 1068 2946 Statuerat
1110 2899 1428 2945 excusare*
1515 2884 1684 2943 Haeo
1723 2898 1841 2959 ego
1883 2882 2032 2944 novi
2080 2890 2334 2957 propter
2444 2946 2445 2957 χ

262 2982 477 3028 omnes
536 2966 1057 3042 necessitudine&
1122 2984 1283 3044 quae
1325 2966 1468 3027 mihi
1505 2972 1650 3027 sunt
1697 2982 1836 3027 eum
1869 2966 1936 3026 L.
1966 2964 2324 3025 Tuberone=

258 3049 425 3112 domi
477 3066 599 3110 una
640 3050 889 3124 eruditi,
934 3050 1179 3113 militiae
1215 3050 1713 3123 contubernalem,
1761 3056 1905 3125 post
1951 3048 2224 3122 adfineS,
2268 3047 2324 3107 in

258 3134 422 3196 omni
452 3132 717 3209 denique
748 3131 871 3193 vita
900 3133 1256 3195 familiarem
1285 3149 1567 3207 magnum
1590 3134 1766 3192 etiam
1797 3130 2126 3205 vinculum,
2160 3130 2328 3205 quod

257 3216 475 3277 iisdem
526 3214 743 3277 studiis
786 3231 1031 3288 semper
1082 3216 1176 3276 usi
1220 3232 1453 3277 sumus.
1537 3214 1679 3278 Sei-o
1723 3213 1904 3290 igitur
1943 3214 2328 3275 Tuberonem

256 3300 422 3357 domi
450 3312 695 3357 manere
728 3295 1029 3355 voluisse:
1072 3298 1185 3355 sed
1217 3297 1302 3357 ita
1333 3298 1580 3371 quidam
1611 3298 1859 3371 agebat,
1887 3298 1974 3358 ita
2006 3297 2096 3357 rei
2127 3296 2325 3371 publi·

256 3392 368 3435 eae
398 3376 844 3439 sanctissimum
865 3392 1085 3437 nomen
1120 3376 1501 3454 opponebat,
1527 3387 1610 3453 ut,
1641 3378 1820 3441 etiam
1857 3380 1910 3438 si
1937 3378 2114 3440 aliter
2141 3376 2327 3441 senti·
