2459 3817
777 136 940 199 cAP.
977 143 1233 201 tar-io.
1277 142 1329 204 ς.
1360 142 1605 201 32-—38
2104 140 2250 209 -111

170 298 306 359 tus,
338 294 402 350 et
429 284 602 363 quia,
644 293 712 349 ut
739 286 837 359 fit,
881 284 942 347 in
984 287 1186 349 multis
1229 284 1357 347 exit
1386 284 1715 361 aliquando
1742 280 1975 360 aliquid
2028 282 2083 347 si
2118 300 2241 347 non

169 374 548 448 perfacetum
564 414 582 442 ,
613 378 678 430 at
721 378 922 431 tamen
969 371 1235 443 fortasse
1262 384 1384 431 non
1412 369 1704 431 rusticum
1720 412 1737 442 ,
1780 368 1949 443 quod
1979 365 2243 442 quisque

172 451 350 525 dixit,
381 451 571 513 maid
597 450 832 513 dixisse
853 451 1078 514 dicunt.
1118 452 1253 527 Ego
1280 458 1483 513 autem
1506 452 1561 514 si
1589 449 1737 525 quid
1768 459 1867 511 est
1893 451 2065 526 quod
2096 450 2243 511 mihi

171 536 396 597 scitum
421 549 568 597 esse
597 534 872 596 videatur
898 542 960 597 et
985 534 1231 599 homine
1264 532 1529 609 ingenuo
1558 533 1807 608 dignum
1828 538 2013 607 atque
2038 533 2242 607 docto,

173 636 303 679 non
336 632 652 693 aspernor,
693 616 1042 679 stomachor
1071 632 1249 691 vero,
1279 632 1466 691 quum
1495 614 1756 678 aliorum
1778 631 1901 677 non
1932 631 2029 677 mc
2058 614 2245 691 digna

171 700 236 761 iu
266 716 366 761 me
395 701 804 761 conferuntur.
875 700 1025 761 Nam
1057 701 1224 775 quod
1249 698 1479 775 primus
1508 697 1689 761 scivit
1713 700 1911 772 legem
1936 699 2015 759 de
2046 698 2242 775 publi-

173 782 350 845 canis
387 790 542 855 tum,
583 798 770 857 quum
824 779 917 845 vir
956 780 1373 859 amplissimus
1416 781 1636 843 consul
1672 778 1738 842 id
1786 780 1870 841 illi
1900 778 2099 843 ordini
2129 794 2253 857 pei·

171 866 470 942 populum
501 865 695 938 dedit,
739 865 908 941 quod
954 881 1068 941 per
1093 872 1389 936 senatum,
1406 863 1461 925 si
1492 861 1809 935 licuisset,
1845 863 2149 926 dedisset=
2184 858 2247 926 sil¹

169 948 236 1012 in
269 964 346 1009 eo
377 948 604 1009 crimen
639 956 753 1020 est,
783 946 927 1022 quia
951 946 1307 1023 suffragium
1328 945 1477 1021 tulit,
1510 946 1649 1021 quis
1671 962 1795 1008 non
1816 944 1950 1006 tulit
1971 945 2243 1021 publiea·

171 1039 337 1094 nus?
364 1030 451 1103 si,
467 1029 629 1106 ,quia
655 1031 888 1106 primus
915 1028 1126 1103 scivit,
1153 1037 1355 1091 utrum
1384 1028 1445 1088 id
1472 1030 1661 1089 sortis
1682 1044 1827 1089 esse
1854 1026 1950 1087 vis
1976 1044 2055 1089 an
2082 1028 2238 1102 eius,

173 1112 285 1188 qui
312 1112 474 1175 illam
495 1113 692 1187 legem
721 1112 995 1173 ferebat?
1019 1112 1086 1172 Si
1109 1110 1314 1183 sortis,
1347 1112 1575 1173 nullum
1600 1109 1825 1173 crimen
1851 1110 2031 1171 estin
2058 1127 2239 1173 casua

174 1194 232 1258 si
262 1193 552 1267 consulis,
585 1194 880 1269 splendor
907 1194 1085 1255 etiam
1111 1192 1357 1269 Plan-cii,
1388 1194 1551 1273 hunc
1578 1210 1618 1255 a
1644 1206 1885 1257 summo
1914 1191 2043 1257 viro
2074 1193 2240 1269 prin·

177 1275 379 1353 eipem
411 1292 556 1342 esse
584 1276 816 1340 ordinis
845 1276 1192 1339 iudicatum.

299 1360 433 1421 XV.
473 1358 576 1423 36.
609 1359 736 1421 Sed
761 1358 1090 1437 aliquando
1122 1359 1438 1425 veniamus
1466 1360 1547 1421 ad
1576 1375 1853 1425 causamz
1927 1360 1993 1421 tn
2028 1365 2241 1434 quatu

175 1441 422 1505 nomine
449 1442 606 1518 legis
625 1440 912 1517 Liciniae,
943 1460 1105 1519 quae
1135 1452 1235 1507 est
1260 1445 1339 1505 de
1366 1443 1699 1517 sodaliciis,
1734 1441 2235 1505 omnes-ambitus

175 1527 349 1601 leges
377 1527 737 1601 complexus
765 1542 855 1589 es.
939 1526 1068 1588 Nec
1095 1526 1257 1589 enim
1286 1525 1619 1603 quidquam
1646 1525 1814 1589 aliud
1854 1525 1917 1587 in
1945 1525 2061 1587 hac
2103 1526 2241 1599 lege

177 1608 298 1670 nisi
311 1606 592 1671 editicios
609 1607 844 1671 iudices
866 1624 936 1671 es
960 1619 1245 1672 secutus=
1272 1610 1441 1686 quod
1460 1626 1661 1685 genus
1683 1607 2046 1670 iudiciorum
2068 1607 2123 1669 si
2146 1614 2241 1669 est

176 1706 444 1765 aequum
487 1692 612 1751 ulla
651 1690 712 1751 in
759 1708 832 1752 re
873 1690 994 1753 nisi
1021 1691 1082 1753 in
1110 1693 1227 1755 hae
1255 1692 1561 1766 tribuaria,
1598 1707 1724 1752 non
1753 1689 2025 1763 intelligo
2058 1704 2242 1762 quam

177 1774 259 1832 ob
287 1787 414 1833 rem
445 1779 694 1835 senatus
723 1772 844 1833 hoc
870 1790 996 1834 uno
1019 1774 1080 1833 in
1109 1790 1338 1851 genere
1362 1773 1556 1835 tribus
1600 1772 1703 1833 edi
1732 1769 2009 1848 ‚voluerit
2032 1772 2112 1831 ab
2138 1787 2241 1831 ae-

177 1861 461 1917 cusatore
504 1870 710 1929 neque
751 1854 1026 1915 eamdem
1073 1855 1400 1918 editionem
1445 1853 1817 1917 transtulerit
1874 1854 1934 1915 in
2002 1859 2233 1915 ceteras

177 1952 434 2012 causas,
460 1936 539 1999 de
565 1935 707 2011 ipso
742 1936 1008 2011 denique
1029 1938 1255 2002 ambitu
1282 1936 1671 2000 reiectionem
1700 1936 1835 1998 fieri
1860 1934 2125 1997 voluerit
2137 1935 2241 1997 iu-

177 2018 396 2081 dicum
413 2020 810 2091 alternorum,
851 2035 1163 2094 quumque
1201 2020 1433 2081 nullum
1454 2036 1651 2094 genus
1688 2017 2036 2082 acerbitatis
2063 2033 2239 2093 prae-

175 2100 542 2177 termitteret,
561 2101 682 2163 hoc
701 2110 902 2164 tamen
917 2118 1104 2165 unum
1116 2104 1625 2179 praetereundum
1640 2101 1880 2179 putarit.
1912 2098 2016 2165 37.
2040 2099 2193 2175 Quid
2210 2107 2243 2163 ἲ

175 2183 432 2245 huiusce
471 2182 562 2245 rei
600 2185 846 2245 tandem
885 2186 1150 2248 obscura
1193 2200 1383 2249 causa
1423 2195 1549 2257 est,
1596 2202 1672 2245 an
1718 2192 1781 2247 et
1825 2183 2053 2261 agitata
2090 2192 2238 2256 tum,

178 2282 364 2341 quum
391 2264 509 2328 ista
535 2266 596 2327 in
625 2275 844 2330 senatu
869 2284 972 2329 res
1004 2269 1327 2343 agebatur,
1378 2275 1442 2330 et
1482 2268 1797 2343 disputata
1822 2267 2109 2329 hesterno
2134 2264 2241 2327 die

177 2347 607 2424 copiosissime
633 2365 672 2408 a
701 2350 768 2423 Q.
798 2350 1157 2425 Hortensio,
1199 2350 1301 2413 eui
1329 2359 1455 2413 tum
1487 2358 1584 2413 est
1609 2359 1861 2415 senatus
1890 2350 2242 2411 adsensus?

173 2432 305 2505 Hoc
333 2429 513 2507 igitur
539 2432 878 2494 sensimus=
907 2433 1350 2509 cuiuscumque
1371 2430 1563 2497 tribus
1591 2434 1838 2509 largitor
1860 2440 2027 2496 esset
2048 2440 2109 2495 et
2132 2446 2241 2505 per

174 2514 333 2575 hanc
363 2513 853 2590 consensionem,
885 2532 1044 2591 quae
1067 2516 1262 2592 magis
1291 2516 1550 2579 honeste
1576 2534 1759 2593 quam
1786 2531 1930 2577 vere
1950 2513 2238 2577 sodalita-

174 2606 268 2659 tas
293 2596 734 2673 nominaretur,
773 2615 952 2674 quam
996 2598 1259 2675 quisque
1292 2598 1513 2661 tribum
1557 2599 1717 2675 turpi
1758 2597 2079 2673 larg-itione
2103 2611 2237 2656 cor·

173 2690 496 2755 rumperet,
529 2698 672 2743 eum
698 2679 961 2743 maxime
985 2680 1062 2743 iis
1089 2681 1455 2757 homiuibus,
1486 2681 1595 2757 qui
1621 2682 1755 2746 eius
1786 2680 1979 2743 tribus
2004 2686 2237 2750 essent,

177 2778 320 2826 esse
347 2771 574 2825 notum.
644 2764 735 2824 Ita
770 2763 1004 2839 putavit
1035 2772 1305 2837 senatus,
1334 2782 1527 2839 quum.
1546 2781 1656 2826 reo
1687 2762 1883 2829 tribus
1913 2762 2238 2828 ederentur

176 2860 301 2917 eae,
327 2861 484 2920 quas
512 2844 568 2906 is
597 2843 915 2920 largitione
945 2846 1263 2909 devinctas
1296 2846 1566 2918 haberet,
1596 2847 1848 2909 eosdem
1881 2846 2237 2907 rore-testes

173 2935 236 2987 et
261 2925 514 2988 iudices.
565 2928 875 2988 Acerbum
904 2928 1148 3004 omnino
1177 2944 1375 3003 genus
1402 2927 1641 3003 iudicii,
1669 2929 1783 2990 sed
1811 2936 2031 3002 tamen,
2060 2925 2115 2989 si
2137 2926 2235 2987 vel

175 3026 288 3071 sua
315 3010 414 3071 vel
441 3026 536 3083 ea,
563 3026 721 3085 quae
749 3008 1012 3073 maxime
1031 3019 1200 3080 esset
1233 3009 1456 3086 cuique
1488 3011 1829 3086 coniuncta,
1863 3010 2059 3073 tribus
2088 3008 2236 3069 ede·

174 3099 352 3167 retur,
381 3091 942 3172 vix-recusantium·
997 3092 1158 3153 XVI.
1183 3090 1286 3155 38.
1316 3090 1651 3167 Tuautem,
1680 3090 2050 3165 Laterensis,
2080 3105 2237 3165 quas

176 3172 364 3237 tribus
391 3174 678 3245 edidisti?
758 3174 1118 3249 Teretinam,
1148 3177 1357 3237 credo.
1424 3175 1581 3242 Fuit
1598 3184 1762 3245 certe
1794 3177 1861 3241 id
1883 3188 2146 3251 aequum
2176 3180 2239 3237 et

179 3266 338 3318 certe
369 3266 788 3333 exspectatum
815 3266 911 3320 cst
953 3266 1016 3320 et
1046 3256 1160 3321 ruit
1198 3258 1449 3334 dignum
1476 3258 1819 3323 constantia
1846 3266 1965 3321 tua.
2049 3252 2237 3317 Cuius

179 3346 241 3402 tu
265 3336 458 3418 tribus
492 3340 866 3419 venditorem
889 3348 953 3405 et
975 3349 1395 3423 corruptorem
1433 3350 1498 3405 et-
1513 3351 1903 3421 sequestrem
1928 3335 2233 3405 Plancium
