2459 3817
779 163 875 224 cA
887 164 945 222 Ρ.
982 172 1247 224 22—24.
1291 169 1341 231 s.
1374 171 1638 227 49—54.
2174 159 2264 228 63

184 315 429 392 quidem
470 331 543 376 ac
585 314 835 391 lugendi
876 313 956 376 sit
996 323 1304 392 potestas,
1363 325 1482 377 tam
1517 325 1734 393 captus
1763 326 2054 393 equester
2083 321 2261 396 ordo,

184 407 249 460 ut
279 398 517 474 equites
546 398 805 460 Romani
836 415 873 459 a
902 401 1157 461 consule
1190 401 1554 474 relegentur.
1633 401 1798 476 Quae
1832 419 2020 478 quum
2053 404 2262 464 omnia

180 491 366 558 atque
397 481 577 543 etiam
606 484 794 544 multo
820 481 939 542 alia
969 483 1225 555 maiora,
1266 501 1424 558 quae
1454 487 1733 544 consulto
1768 493 2120 561 praetere0,
2154 504 2256 546 ac·

182 566 508 641 cidissent,
565 565 787 627 videtis
828 584 924 627 me
966 575 1161 628 tamen
1207 567 1266 626 in
1309 583 1506 628 meam
1548 567 1860 643 pristinam
1903 568 2257 646 dignitatem

179 650 353 711 brevi
394 657 671 726 tempore
712 650 944 711 doloris
979 649 1292 713 interiecto
1331 650 1421 711 rei
1464 650 1747 726 publicae
1783 668 1936 713 voce
1979 670 2124 714 esse
2160 671 2232 714 re

178 742 483 795 vocatum.

344 817 557 882 XXIV.
588 815 688 879 53.
732 817 855 878 Sed
898 828 965 880 ut
996 827 1272 880 revertar
1303 820 1382 879 ad
1425 818 1603 892 illud,
1656 819 1824 893 quod
1860 818 2004 880 mihi
2035 819 2095 880 iu
2139 821 2256 883 hac

177 901 342 962 omni
371 909 469 962 est
498 901 775 962 oratione
810 901 1226 977 propositum,
1265 901 1548 963 omnibus
1579 901 1754 962 malis
1790 903 1892 964 illo
1923 919 2084 965 anno
2118 921 2254 965 sce·

180 989 303 1046 lere
343 986 666 1046 consulum
708 1001 836 1044 rem
878 985 1184 1060 publicam
1233 1001 1378 1048 esse
1421 987 1792 1058 conlectam,
1845 987 2106 1062 primum
2149 987 2254 1049 illo

178 1068 315 1145 ipso
350 1069 481 1141 die,
540 1069 645 1143 qui
688 1066 835 1126 mihi
878 1070 1155 1128 funestus
1189 1068 1328 1142 suit,
1381 1068 1664 1129 omnibus
1696 1069 1878 1131 bonis
1911 1071 2252 1145 luctuosuS,

180 1169 366 1226 quum
396 1167 513 1225 ego
547 1167 643 1210 me
678 1167 713 1209 e
750 1152 1076 1226 complexu
1118 1153 1352 1227 patriae
1392 1159 1856 1229 conspectuque
1899 1160 2104 1215 vestro
2136 1155 2252 1214 eri-

178 1236 451 1310 puissem
494 1241 555 1294 et
596 1241 760 1294 metu
800 1233 989 1295 vestri
1031 1233 1314 1309 periculi,
1369 1253 1490 1296 non
1535 1235 1684 1309 mei,
1735 1237 1923 1298 furori
1967 1236 2284 1310 hominiS,'

176 1317 413 1390 sceleri,
449 1315 759 1393 perfidiae,
790 1316 929 1378 telis
959 1317 1264 1393 minisque
1295 1319 1628 1380 cessissem
1661 1319 2062 1396 patriamque,
2092 1337 2254 1395 quae

172 1401 318 1462 mihi
342 1410 471 1462 erat
494 1399 842 1474 carissima,
878 1409 1130 1477 propter
1158 1401 1356 1477 ipsius
1377 1402 1608 1479 patriae
1631 1404 1942 1465 caritatem
1965 1403 2254 1481 reliquis-

174 1501 335 1559 sem,
371 1503 557 1562 quum
590 1501 789 1546 meum
820 1484 987 1546 illum
1020 1501 1229 1547 casum
1263 1495 1383 1547 tam
1418 1486 1796 1561 horribilem,
1835 1495 1954 1548 tam
1981 1504 2254 1563 gravem,

174 1578 291 1630 tam
314 1568 697 1645 repentinum
720 1585 841 1630 non
868 1571 1064 1632 solum
1094 1569 1390 1643 homines,
1419 1571 1532 1632 sed
1555 1577 1711 1632 tecta
1731 1571 1900 1631 urbis
1923 1587 1997 1631 ac
2025 1572 2254 1647 templa

172 1655 479 1729 tugerent,
525 1669 705 1714 nemo
736 1660 1007 1714 vestrum
1040 1654 1266 1727 forum,
1309 1669 1489 1714 nemo
1535 1653 1794 1724 curiam,
1839 1670 2020 1715 nemo
2055 1656 2253 1714 lucem

171 1736 452 1813 aspicere
482 1736 693 1796 vellet=
728 1735 863 1808 illo,
897 1733 1175 1810 inquam,
1211 1737 1349 1812 ipso
1373 1735 1506 1810 die,
1539 1736 1639 1796 die
1668 1736 1854 1796 dico?
1883 1736 2066 1796 immo
2099 1738 2251 1797 hora

171 1827 357 1896 atque
409 1819 588 1880 etiam
632 1827 857 1893 puncto
914 1819 1204 1892 temporis
1258 1818 1476 1878 eodem
1519 1816 1663 1877 mihi
1711 1816 1925 1893 reique
1969 1819 2254 1894 publicae

173 1901 497 1980 pernicieS,
533 1901 789 1962 Gabinio
820 1909 881 1962 et
899 1901 1108 1962 Pisoni
1138 1900 1456 1977 provincia
1480 1907 1688 1976 rogata
1713 1911 1828 1962 est.
1868 1901 2028 1962 Proh
2056 1902 2118 1963 di
2143 1903 2251 1962 im·

171 1987 490 2061 mortales,
545 1984 837 2046 custodes
878 1991 939 2044 et
970 1993 1442 2046 conservatores
1487 1983 1667 2046 huius
1708 1984 1878 2044 urbis
1912 1994 2100 2061 atque
2143 1985 2252 2045 im·

172 2068 358 2147 perii!
415 2085 715 2145 quaenam
748 2067 847 2127 illa
879 2067 940 2128 in
971 2083 1040 2127 re
1080 2067 1326 2145 publica
1355 2075 1655 2142 monstra,
1701 2085 1862 2144 quae
1895 2070 2133 2130 scelera
2164 2069 2252 2130 vi-

172 2151 382 2215 distis!
442 2152 605 2212 Civis
637 2159 765 2213 erat
792 2153 1093 2227 expulsus
1122 2153 1204 2225 is,
1250 2152 1355 2228 qui
1387 2167 1512 2212 rem
1543 2151 1848 2228 publicam
1881 2169 1961 2214 ex
1996 2164 2252 2214 senatus

172 2237 527 2298 auctoritate
560 2253 698 2297 cum
733 2235 1017 2297 omnibus
1046 2235 1227 2297 bonis
1265 2236 1651 2308 defenderat,
1697 2243 1757 2296 et
1791 2237 2090 2311 expulsus
2127 2253 2252 2296 non

168 2320 292 2381 alio
322 2320 562 2397 aliquo,
599 2321 711 2381 sed
742 2335 817 2380 eo
853 2319 993 2396 ipso
1027 2319 1301 2380 crimine.
1375 2320 1520 2380 Erat
1547 2327 1747 2380 autem
1779 2322 2082 2396 expulsus
2117 2320 2253 2381 sine

170 2403 434 2482 iudicio,
470 2403 561 2478 vi,
595 2402 936 2479 lapidibus,
969 2406 1160 2476 ferro,
1197 2402 1447 2465 servitio
1480 2403 1747 2479 denique
1777 2402 2112 2466 concitato=
2151 2405 2254 2464 lex

168 2497 300 2549 erat
339 2490 462 2549 lata
506 2495 743 2549 vastato
785 2503 858 2547 ac
898 2489 1111 2549 relicto
1147 2489 1282 2549 foro
1313 2497 1376 2549 et
1403 2486 1642 2548 sicariis
1673 2487 2000 2563 servisque
2029 2488 2252 2548 tradito

160 2579 229 2633 ¹et
258 2587 332 2632 ea
362 2574 493 2646 lex,
536 2587 697 2648 quae
732 2579 797 2633 ut
830 2587 906 2633 ne
942 2573 1227 2644 serretur,
1276 2579 1524 2632 senatus
1557 2571 1754 2632 suerat
1795 2580 1967 2633 veste
2003 2579 2251 2632 mutata.

164 2654 269 2716 54.
317 2656 445 2716 Hac
476 2662 639 2716 tanta
668 2654 1125 2732 perturbatione
1154 2654 1416 2716 civitatis
1449 2672 1526 2714 ne
1555 2660 1794 2716 noctem
1827 2655 2073 2730 quidem
2103 2665 2251 2714 con‘·

170 2742 339 2800 sules
416 2739 575 2799 inter
627 2755 829 2799 meum
887 2743 1179 2800 interitum
1230 2745 1294 2798 et
1345 2754 1519 2798 suam
1579 2741 1872 2814 praedam
1948 2737 2254 2798 interesse

170 2820 340 2898 passi
365 2831 536 2882 sunt:
573 2820 773 2881 statim
802 2838 901 2881 me
930 2822 1215 2897 perculso
1245 2821 1324 2881 ad
1355 2835 1554 2881 meum
1577 2819 1940 2896 sanguinem
1970 2820 2250 2881 haurien-

170 2909 316 2968 dum
360 2913 421 2966 et
451 2903 727 2980 spirante
768 2903 947 2965 etiam
984 2921 1047 2965 re
1086 2903 1328 2978 publica
1363 2905 1444 2964 ad
1474 2903 1608 2964 eius
1637 2903 1838 2980 spolia
1875 2904 2252 2966 detrahenda

168 2991 631 3051 advolaverunt.
677 2986 896 3048 Omitto
920 2987 1379 3062 gratulationes,
1403 2988 1640 3063 epulaS,
1671 2987 2052 3063 partitionem
2076 3005 2250 3048 aera-

169 3072 259 3147 rii,
293 3072 615 3146 beneficia,
652 3088 847 3147 spem,
887 3071 1209 3147 promissa,
1247 3071 1558 3147 praedam,
1593 3071 1878 3133 laetitiam
1913 3087 2251 3148 paucorum

167 3157 229 3217 in
255 3158 421 3218 luctu
446 3154 733 3217 omnium.
775 3156 1128 3216 vexabatur
1146 3171 1306 3216 uxor
1328 3171 1494 3215 meai
1524 3153 1696 3217 liberi
1720 3157 1800 3216 ad
1825 3171 2039 3216 necem
2061 3167 2251 3229 quae-

169 3239 485 3302 rebanturz
518 3255 707 3316 gener
730 3247 791 3300 et
811 3239 952 3300 Piso
978 3254 1169 3315 gener
1190 3256 1225 3298 a
1246 3238 1488 3300 Pisonis
1513 3239 1786 3300 consulis
1812 3238 2077 3315 pedibus
2101 3252 2251 3311 snp-

170 3327 316 3400 plex
344 3323 758 3385 reiiciebatur=
811 3323 974 3383 bona
1003 3321 1447 3399 diripiebantur
1476 3338 1675 3398 eaque
1714 3323 1791 3382 ad
1823 3320 2112 3381 consules
2144 3320 2250 3379 de·

172 3407 552 3468 ferebantur=
590 3407 809 3468 domus
840 3407 1093 3486 ardebat
1120 3405 1180 3465 in
1212 3406 1472 3465 Palatio=
1505 3407 1795 3464 consules
1825 3403 2250 3477 epulabantur.
