2459 3817
215 144 338 218 106
759 144 912 209 mo
939 146 1052 208 CN.
1079 144 1409 207 PLANCIO
1439 144 1742 209 omno.

215 306 564 381 potuerunt.
639 296 742 363 21.
769 295 1004 362 Deinde
1029 296 1118 360 tui
1149 295 1490 375 municipes
1520 307 1663 361 sunt
1688 296 1777 361 illl
1798 296 2045 375 quidem
2072 298 2303 375 splen·

213 384 518 449 didissimi
543 383 854 455 homines,
881 380 997 441 sed
1025 390 1226 445 tamen
1258 380 1468 456 pauci,
1498 382 1557 443 si
1588 381 1835 459 quidem
1862 396 1998 445 cum
2024 382 2305 444 Atinati·-

215 472 336 532 bus
367 468 785 531 conferantur:
845 463 1028 525 huius
1068 466 1451 540 praefectura
1492 465 1674 540 plena
1714 464 1979 529 virorum
2020 465 2301 527 tortissi-

213 568 470 625 morum,
495 550 592 610 sie
613 557 684 611 ut
711 548 876 609 nulla
901 555 1030 609 tota
1054 548 1225 609 ltalia
1254 547 1629 623 frequentior
1652 546 1775 609 diei
1805 548 2021 623 possit.
2086 547 2301 621 Quam

215 634 464 711 quidem
493 648 658 692 nune
695 628 1135 693 multitudinem
1173 628 1429 704 videtis,
1470 628 1709 692 iudices
1724 674 1741 703 ,
1786 632 1846 691 in
1888 631 2182 706 squalore
2226 640 2305 694 et

215 718 384 779 luctu
417 715 762 791 supplicem
789 711 988 774 vobis.
1071 712 1150 773 Hi
1189 720 1285 774 tot
1324 710 1565 787 equites
1606 713 1896 789 Romani,
1940 720 2028 775 tot
2056 713 2301 777 tribuni

213 796 438 861 aerarii
461 830 548 847 ⁴-
575 814 716 859 nam
743 797 982 873 plebem
1009 810 1048 855 a
1073 793 1301 857 iudicio
1330 794 1699 870 dimisimus,
1742 812 1903 873 quae
1930 804 2152 859 cuncta
2180 810 2295 859 co·

216 882 400 944 mitiis
425 882 622 943 adsuit
645 910 732 929 --
769 878 918 956 quid
955 878 1230 953 roboris,
1277 877 1426 954 quid
1456 877 1765 955 dignitatis
1798 879 1979 941 huius
2010 880 2295 955 petitioni

215 968 583 1028 attulerunt!
637 965 771 1025 Non
793 962 954 1024 enim
981 961 1202 1023 tribum
1233 962 1579 1023 Teretinam
1594 1006 1610 1031 ,
1674 963 1755 1023 de
1776 978 1899 1039 qua
1929 961 2129 1023 dicam
2158 964 2289 1026 alio

215 1052 356 1111 loco
375 1094 392 1123 ,
423 1049 538 1111 sed
566 1046 946 1123 dignitatem,
977 1045 1093 1105 sed
1125 1044 1440 1106 oculorum
1469 1044 1843 1119 coniectum,
1874 1045 1989 1106 sed
2022 1044 2293 1109 solidam

213 1142 280 1193 et
309 1132 624 1193 robustam
651 1138 718 1191 et
741 1128 1062 1191 adsiduam
1104 1127 1503 1203 frequentiam
1546 1128 1973 1205 praebuerunt.
2064 1128 2291 1190 Nostra

215 1213 549 1289 municipia
573 1211 1004 1275 coniunctione
1043 1213 1223 1273 etiam
1254 1210 1577 1273 vicinitatis
1607 1210 1999 1273 vehementer
2028 1224 2285 1273 moven-

214 1307 332 1360 tur.
393 1298 495 1357 lx.
524 1296 625 1357 22.
663 1294 910 1366 Omnia,
943 1308 1100 1368 quae
1127 1294 1271 1355 dico
1300 1296 1379 1358 de
1403 1293 1679 1369 Plancio,
1728 1292 1869 1355 dico
1904 1301 2198 1369 expertus
2220 1292 2286 1354 in

213 1381 428 1441 nobis2
487 1394 702 1439 sumus
743 1375 905 1437 enim
935 1374 1172 1436 finitimi
1213 1376 1579 1437 Atinatibus.
1665 1376 2001 1438 Laudanda
2042 1386 2140 1439 est
2178 1380 2285 1439 vel

211 1460 396 1523 etiam
429 1460 692 1519 amanda
715 1456 992 1519 vicinitas
1005 1502 1024 1528 ,
1063 1459 1333 1521 retinens
1378 1467 1643 1521 ueterem
1682 1459 1855 1519 illum
1910 1456 2101 1518 officii
2153 1473 2285 1521 mo·

216 1558 346 1603 rem
363 1586 379 1611 ,
405 1556 528 1603 non
547 1541 850 1603 infuscata
878 1540 1320 1614 malevolentia,
1346 1556 1473 1603 non
1502 1544 1757 1605 adsueta
1778 1540 2133 1615 mendaciis,
2156 1558 2283 1604 non

216 1629 454 1701 fucosa,
481 1641 606 1686 non
641 1626 846 1696 fallax,
877 1639 1002 1684 non
1029 1622 1267 1686 erudita
1296 1626 1551 1687 artificio
1582 1624 1990 1688 simulationis
2010 1626 2115 1685 vel
2138 1626 2287 1687 sub-

215 1711 452 1772 urbano
483 1710 585 1769 vel
615 1707 795 1770 etiam
825 1708 1078 1769 urbano.
1160 1708 1351 1769 Nemo
1389 1708 1658 1784 Arpinas
1696 1724 1821 1771 non
1863 1707 2109 1769 Plancio
2156 1716 2285 1770 stu-

213 1793 365 1869 duit,
393 1809 574 1855 nemo
603 1791 899 1865 Soranus,
927 1806 1106 1852 nemo
1137 1790 1412 1863 casinas,
1434 1806 1613 1853 nemo
1642 1792 1946 1867 Aquinas.
2026 1790 2289 1853 Tractus

215 1878 318 1938 ille
349 1877 799 1950 celeberrimus,
820 1876 1228 1947 venafranus,
1268 1874 1591 1948 Allifanus,
1622 1882 1750 1937 tota
1775 1874 2044 1950 denique
2072 1883 2289 1936 nostra

215 1960 322 2021 illa
353 1976 578 2036 aspera
603 1968 666 2021 et
697 1967 1020 2020 montuosa
1041 1966 1104 2019 et
1133 1957 1335 2019 fidelis
1374 1966 1437 2019 et
1474 1958 1740 2033 simplex
1782 1966 1845 2019 et
1880 1956 2103 2019 fautrix
2138 1972 2286 2019 suo·

215 2059 350 2103 rum
385 2044 556 2117 regio
585 2058 656 2102 se
685 2040 866 2102 huius
893 2042 1129 2102 honore
1166 2042 1401 2113 ornari,
1442 2056 1517 2103 se
1556 2041 1767 2117 augeri
1807 2041 2093 2115 dignitate
2122 2040 2287 2101 arbi-

214 2125 517 2185 trabatur=
571 2124 918 2197 iisdemque
957 2140 1120 2184 nnnc
1161 2139 1244 2184 ex
1270 2122 1615 2198 municipiis
1642 2124 1868 2185 adsunt
1892 2122 2131 2199 equites
2162 2124 2289 2185 Ro·

213 2206 374 2267 mani
415 2206 663 2281 publice
703 2220 844 2266 cam
871 2206 1176 2281 legatione
1213 2215 1276 2268 et
1300 2206 1677 2281 testimonio,
1710 2220 1829 2267 nec
1864 2206 2099 2267 minore
2121 2222 2287 2268 nune

213 2299 359 2351 sunt
385 2287 794 2351 sollieitudine
836 2305 1020 2364 quam
1051 2296 1176 2349 tum
1219 2297 1394 2349 erant
1431 2289 1655 2351 studio.
1737 2288 1975 2351 Etenim·
2012 2297 2108 2351 est
2148 2304 2283 2365 gra-

212 2372 352 2431 vius
397 2370 648 2446 spoliari
685 2370 943 2432 fortunis
979 2388 1162 2445 qnam
1193 2388 1319 2433 non
1349 2372 1566 2448 augeri
1596 2371 1909 2449 dignitate.
1982 2370 2088 2435 23.
2118 2372 2283 2447 Ergo

213 2463 282 2515 ut
307 2452 428 2515 alia
470 2455 532 2513 in
570 2462 630 2514 te
663 2460 838 2515 erant
865 2453 1223 2527 illustriora,
1266 2454 1647 2530 Laterensis,
1690 2470 1851 2530 quae
1882 2453 1993 2516 tibi
2019 2456 2283 2517 maiores

211 2536 301 2598 tui
331 2537 722 2612 reliquerant,
753 2536 846 2597 sic
869 2543 932 2597 te
962 2536 1244 2597 Plancius
1276 2538 1395 2597 hoc
1417 2553 1543 2599 non
1562 2539 1769 2599 solum
1799 2532 2146 2613 municipii,
2178 2554 2277 2599 ve·

212 2634 346 2680 rum
384 2618 563 2678 etiam
593 2618 915 2680 vicinitatis
943 2633 1170 2693 genere
1198 2618 1511 2681 vincebam
1560 2620 1681 2681 nisi
1710 2621 1865 2683 forte
1892 2629 1953 2684 te
1977 2620 2283 2683 Labicana

210 2710 320 2762 aut
349 2701 582 2762 Gabina
609 2704 718 2763 aut
747 2701 1066 2763 Bovillana
1093 2700 1376 2763 vicinitas
1411 2702 1769 2765 adiuvabatz
1806 2702 2109 2778 quibus-e
2153 2720 2299 2764 mu·-

214 2783 458 2859 nicipiis
491 2784 590 2846 vix
619 2784 736 2846 iam
769 2784 1153 2861 qui-carnem
1179 2784 1411 2849 Latinis
1440 2794 1649 2863 petant
1673 2786 2076 2861 reperiuntur.
2152 2786 2282 2847 Ad—

212 2864 566 2942 iungamus,
603 2869 658 2929 si
683 2868 812 2949 vis,
843 2868 952 2941 id,
1001 2869 1171 2944 quod
1200 2875 1265 2931 tu
1292 2868 1437 2931 huic
1466 2870 1691 2929 obesse
1718 2868 1899 2929 etiarn
1928 2877 2141 2946 putas,
2174 2884 2281 2943 pa·

213 2959 364 3011 trem
401 2951 820 3025 publicanume
861 2952 975 3026 {qui
1007 2954 1160 3013 ordo
1203 2960 1431 3027 quanto
1461 2952 1811 3013 adiumento
1842 2951 1924 3013 sit
1956 2951 2020 3013 in
2046 2952 2283 3013 honore

213 3032 354 3109 quis
385 3033 622 3096 nescit*
711 3034 856 3096 Flos
897 3034 1056 3095 enim
1099 3036 1367 3111 equitum
1390 3036 1829 3105 Romanorum,
1862 3042 2282 3097 ornamentum

210 3114 492 3189 civitatis,
518 3116 958 3178 firmamentum
986 3116 1385 3193 reipublicae
1416 3118 1877 3192 publicanorum
1898 3117 2111 3178 ordine
2132 3128 2295 3177 con--

211 3198 451 3277 tinetur.
535 3195 638 3261 24.
697 3199 846 3273 Quis
885 3207 982 3260 est
1019 3200 1202 3275 igitur
1233 3200 1339 3275 qui
1370 3208 1553 3274 neget
1584 3198 1721 3261 eius
1750 3199 1981 3262 ordinis
2010 3198 2281 3261 studi-um

213 3281 408 3343 fuisse
437 3281 498 3341 in
521 3282 756 3343 hono-re
789 3282 1015 3342 Plancii
1045 3283 1398 3356 singulare?
1453 3284 1667 3357 Neque
1695 3282 1943 3357 iniuria,
1972 3283 2073 3341 vel
2110 3282 2279 3357 quod

210 3370 341 3421 erat
371 3372 546 3438 pater
585 3364 642 3425 is
655 3408 670 3439 ,
719 3362 826 3441 qui
867 3371 966 3424 est
1005 3361 1297 3441 princeps
1336 3362 1457 3425 iam
1500 3360 1607 3425 diu
1643 3363 2131 3439 publicanorum,
2180 3364 2281 3425 vel

145 3677 281 3693 *-

0 3700 354 3769 N---ss
