2459 3817
766 204 929 264 GAP
958 209 1220 264 34—37.
1266 209 1319 269 S
1357 209 1517 264 76-
1530 210 1618 263 81.
1721 207 1732 248 ·'
2139 199 2223 264 93

166 372 354 432 quam
403 351 666 412 indicem
706 350 801 412 sui
842 351 1090 412 sceleris
1175 350 1542 412 sustulisset.
1624 351 1836 424 Itaque
1895 351 2218 410 tollendam

166 434 344 499 istius
375 435 625 508 imperio
662 434 1047 528 locaverunt,
1078 450 1235 509 quae
1271 433 1445 493 vobis
1473 433 1693 493 locatio
1723 449 1804 492 ex
1834 431 2096 507 publicis
2127 433 2218 493 lit·

164 519 313 581 teris
348 517 820 592 Segestanorum
848 515 1051 590 priore
1082 515 1328 576 actione
1349 515 1599 575 recitata
1624 520 1736 574 est.

337 600 598 660 XXXVI.
652 598 735 658 Te
776 613 962 671 nunc,
1006 597 1069 656 P.
1105 596 1345 672 Scipio,
1391 605 1483 671 te,
1517 597 1796 672 inquam,
1825 596 2216 658 lectissimum

164 683 743 755 ornatissimumque
767 681 1217 740 adolescentem
1241 681 1514 755 appello:
1549 680 1661 739 abs
1675 687 1734 740 te
1749 677 2014 739 officium
2031 687 2214 752 tuum,

164 764 435 827 debitum
465 762 674 838 generi
715 768 776 821 et
801 760 1057 834 nomini,
1102 763 1348 836 requiro
1390 770 1450 821 et
1480 760 1705 834 flagito.
1783 761 1900 820 Cur
1935 776 2045 835 pro
2075 761 2214 832 isto,

177 847 275 924 qui
326 848 565 906 laudem
611 845 1031 918 honoremque
1063 843 1324 904 familiae
1382 851 1620 903 vestrae
1659 843 2059 917 depeculatus
2100 854 2214 915 est,

166 935 451 1005 pugnas?
492 943 599 988 cur
631 941 771 987 eum
804 925 1123 986 defensum
1168 943 1312 986 esse
1341 924 1482 986 vis?
1523 941 1632 984 cur
1670 941 1786 998 ego
1828 933 1964 984 tuas
2010 933 2212 999 partes

165 1009 485 1085 suscipio?
528 1026 635 1069 cur
664 1018 831 1069 tuum
866 1025 1083 1069 munus
1114 1009 1432 1070 sustineo?
1465 1022 1575 1066 cur
1607 1007 1686 1066 M.
1713 1005 1941 1066 Tullius
1969 1005 2033 1064 P.
2055 1007 2214 1065 Afri-

166 1093 305 1154 cani
348 1099 732 1152 monumenta
772 1089 1055 1164 requirit,
1096 1090 1159 1149 P.
1202 1089 1408 1164 Scipio
1453 1106 1620 1162 eum,
1671 1088 1775 1164 qui
1813 1087 1915 1146 illa
1954 1089 2213 1162 sustulit,

158 1173 481 1235 defendit?
521 1173 714 1248 Quum
742 1188 877 1232 mos
906 1189 943 1232 a
970 1171 1300 1232 maioribus
1332 1171 1584 1232 traditus
1609 1171 1705 1244 sit,
1737 1179 1802 1230 ut
1828 1179 2215 1232 monumenta

161 1255 465 1313 maiorum
496 1254 580 1313 ita
607 1257 857 1316 suorum
891 1257 1155 1332 quisque
1188 1259 1501 1331 defendat,
1537 1266 1604 1319 ut
1635 1275 1708 1319 ea
1737 1276 1814 1318 ne
1857 1259 2218 1332 ornariqui-

158 1338 309 1396 dem
334 1335 577 1420 nomine
598 1339 852 1398 aliorum
878 1341 1055 1411 sinat,
1069 1346 1136 1398 tu
1158 1339 1260 1399 isti
1276 1340 1498 1412 aderis,
1515 1340 1618 1415 qui
1640 1358 1764 1402 non
1789 1342 2093 1403 obstruxit
2114 1341 2217 1400 ali-

156 1422 291 1501 -qua
320 1441 397 1486 ex
431 1433 600 1500 parte
636 1436 1021 1488 monumento
1050 1426 1111 1485 P.
1144 1426 1480 1502 Scipionis,
1512 1428 1622 1488 sed
1655 1427 1717 1488 id
1749 1429 2018 1489 funditus
2049 1431 2214 1490 dele·

165 1508 364 1575 vitae
397 1508 680 1569 sustulit?
744 1508 847 1571 80.
904 1509 1191 1583 Quisnam
1228 1510 1435 1584 igitur,
1485 1527 1598 1586 per
1630 1512 1782 1572 deos
1813 1512 2210 1572 immortales!

164 1591 427 1652 tuebitur
470 1591 533 1649 P.
579 1589 886 1666 Scipionis
928 1592 1277 1652 memoriam
1324 1593 1572 1669 mortui,
1638 1593 1776 1669 quis
1824 1603 2212 1655 monumenta

162 1681 347 1747 atque
380 1671 605 1733 indicia
636 1673 899 1744 virtutiS‚
944 1674 997 1734 si
1038 1683 1103 1734 tu
1148 1690 1223 1734 ea
1266 1672 1556 1751 relinquis
1615 1683 1719 1736 aut
1761 1676 2032 1749 deseris,
2094 1691 2209 1734 nee

160 1757 361 1816 solum
395 1757 657 1829 spoliata
701 1754 804 1814 illa
858 1751 1127 1825 pateriS,
1180 1757 1292 1816 sed
1334 1772 1544 1817 eorum
1598 1757 1778 1817 etiam
1820 1757 2208 1830 spoliatorem

162 1845 635 1912 vexatoremque
660 1838 978 1899 defendis?
1020 1839 1264 1902 Adsunt
1287 1837 1622 1912 Segestani,
1647 1838 1898 1898 clientes
1924 1838 2024 1908 tui,
2056 1838 2211 1898 socii

161 1919 375 1994 populi
406 1919 662 1980 Romani
692 1927 877 1993 atque
906 1919 1121 1978 amici=
1164 1919 1482 1980 certiorem
1523 1929 1583 1980 te
1622 1918 1847 1980 faciunt
1886 1921 1948 1978 P.
1975 1920 2210 1980 Africa-

158 2017 304 2062 num
348 2001 714 2075 Karthagine
754 2002 950 2062 deleta
990 2001 1375 2062 simulacrum
1413 2001 1642 2062 Dianae
1701 2002 2031 2063 maioribus
2079 2002 2208 2063 suis

156 2082 523 2156 restituisse,
557 2082 741 2157 idque
774 2083 940 2158 apud
972 2083 1345 2157 Segestanos
1382 2085 1514 2144 eius
1551 2084 1934 2159 imperatoris
1967 2085 2209 2145 nomine

154 2163 429 2241 positum
458 2180 530 2224 ac
563 2165 900 2226 dedicatum
936 2165 1156 2226 ruisse:
1220 2168 1338 2226 hoc
1374 2169 1624 2226 Verrem
1665 2168 2110 2227 demoliendum
2151 2176 2212 2227 et

156 2248 595 2322 asportandum
620 2264 965 2322 nomenque
988 2250 1231 2309 omnino
1246 2249 1308 2307 Ρ.
1327 2249 1634 2324 Scipionis
1658 2250 1980 2309 delendum
1993 2251 2206 2309 tollen-

156 2331 429 2404 dumque
452 2346 733 2392 curasse:
759 2339 932 2391 orant
955 2337 1013 2390 te
1034 2339 1219 2406 atque
1240 2331 1579 2402 obsecrant,
1606 2341 1670 2391 ut
1691 2331 1806 2392 sibi
1833 2329 2204 2404 religionem,

156 2411 368 2486 generi
396 2419 497 2472 tuo
522 2413 761 2472 laudem
783 2412 1160 2488 gloriamque
1182 2413 1486 2485 restituas,
1514 2423 1604 2486 ut,
1632 2414 1799 2487 quod
1831 2429 1942 2487 per
1961 2412 2024 2469 P.
2047 2412 2207 2472 Afri-

157 2510 379 2553 canum
408 2510 485 2554 ex
512 2495 663 2554 urbe
690 2495 957 2556 hostium
985 2495 1418 2570 recuperarint,
1449 2496 1511 2556 id
1540 2512 1651 2570 per
1679 2505 1739 2556 te
1770 2511 1847 2554 ex
1876 2493 2206 2570 praedonis

155 2577 343 2636 domo
374 2592 745 2637 conservare
776 2576 1033 2652 possint.
1097 2579 1389 2638 XXXVII.
1423 2577 1577 2650 Quid
1604 2586 1708 2638 aut
1736 2585 1800 2638 tu
1827 2577 1924 2636 his
1950 2593 2206 2651 respon·

152 2659 306 2718 dere
346 2659 601 2718 honeste
640 2666 818 2732 potes
860 2667 963 2719 aut
990 2659 1074 2718 illi
1106 2661 1333 2734 facere,
1381 2660 1498 2720 nisi
1527 2668 1594 2720 ut
1621 2669 1680 2719 te
1711 2675 1784 2718 ac
1817 2659 2000 2718 fidem
2024 2667 2205 2719 tuam

150 2739 522 2815 implorent?
584 2739 829 2801 Adsunt
870 2749 929 2801 et
969 2740 1309 2815 implorant.
1372 2744 1550 2803 Potes
1593 2741 1966 2802 domesticae
2008 2741 2204 2802 laudis

149 2821 640 2897 amplitudinem,
671 2822 909 2898 Scipio,
941 2825 1113 2891 tueri,
1168 2833 1375 2898 potes·
1419 2823 1620 2885 omnia
1659 2831 1802 2884 sunt
1836 2823 1896 2881 in
1925 2832 2014 2895 te,
2047 2840 2204 2898 quae

150 2912 261 2965 aut
301 2906 544 2964 fortuna
586 2905 933 2965 hominibus
978 2913 1081 2965 aut
1118 2916 1330 2967 natura
1369 2905 1648 2980 largitur·
1705 2922 1828 2965 non
1867 2905 2210 2981 praecerpo

149 2989 415 3047 fructum
446 2986 631 3047 officii
666 2990 769 3059 tui,
804 3003 927 3047 non
950 2969 1209 3048 alienam
1239 2987 1383 3048 mihi
1412 2989 1654 3048 laudem
1681 2995 1924 3063 appete,
1955 2995 2078 3048 no‘n
2107 2996 2202 3048 est

147 3069 410 3144 pudoris
444 3068 593 3142 mei,
637 3070 698 3129 P
734 3068 1050 3145 Scipione,
1100 3069 1533 3131 florentissimo
1573 3071 1995 3140 adolescente,
2062 3069 2200 3129 vivo

146 3160 211 3213 et
242 3151 548 3223 incolumi,
582 3168 677 3212 me
710 3160 1225 3227 propugnatorem
1257 3147 1319 3212 P.
1357 3151 1662 3226 Scipionis
1691 3153 2202 3225 defensoremque

147 3233 443 3308 profiteri.
493 3233 593 3296 81.
625 3233 815 3308 Quam
840 3234 917 3294 ob
941 3251 1068 3294 rem
1099 3234 1152 3294 si
1175 3233 1442 3308 suscipis
1471 3233 1843 3294 domesticae
1871 3233 2071 3292 laudis
2095 3248 2199 3306 pa-

145 3315 488 3389 trocinium,
526 3331 621 3376 me
652 3332 774 3375 non
802 3317 1000 3376 solum
1025 3315 1205 3377 silere
1235 3318 1312 3376 de
1345 3315 1563 3378 vestris
1591 3313 1992 3376 monumentis
2019 3330 2195 3387 opor·

140 3399 311 3471 tebit,
347 3400 460 3459 sed
495 3397 673 3458 etiam
707 3397 915 3458 laetari
988 3396 1050 3456 P.
1078 3397 1348 3460 Africani
1377 3399 1508 3458 eius
1537 3398 1700 3458 modi
1731 3399 2028 3457 fortunam
2059 3411 2199 3456 esse
