2459 3817
293 174 376 239 14
615 178 762 239 PRO
808 179 976 239 SEX.
1005 176 1281 238 ROSCIO
1322 177 1673 238 AMERINO
1721 178 2023 239 ORATIO.

297 337 358 389 et
384 330 462 389 de
497 326 753 389 caeteris
792 329 1008 389 talibus
1041 326 1184 387 viris
1217 327 1663 390 existimabant.
1736 331 1949 406 Itaque
1996 348 2075 391 ex
2105 331 2339 395 minima

296 409 776 486 tenuissimaque
803 427 872 470 re
905 410 1152 486 publica
1181 410 1506 470 maximam
1546 421 1607 472 et
1646 411 2141 473 florentissimam
2169 414 2339 475 nobis

293 491 687 568 reliquerunt.
760 492 922 553 Suos
956 492 1116 553 enim
1146 510 1331 567 agros
1368 494 1645 555 studiose
1689 495 1999 569 colebant,
2042 513 2165 558 non
2202 496 2338 557 alie-

297 592 412 636 nos
448 576 669 651 cupide
702 576 1100 651 appetebant=
1149 576 1369 651 quibus
1398 576 1585 637 rebus
1620 584 1681 637 et
1708 576 1871 651 agris
1916 587 1975 639 et
2000 578 2252 640 urbibus
2284 588 2339 640 et

296 657 642 719 nationibus
681 675 810 719 rem
852 659 1152 734 publicam
1188 666 1374 735 atque
1401 659 1521 719 hoc
1550 659 1868 734 imperium
1894 669 1956 722 et
1981 661 2197 737 populi
2224 664 2335 722 Ro·

295 740 457 801 mani
483 758 703 802 nomen
735 750 1051 802 auxerunt.
1108 738 1207 801 51.
1250 743 1464 816 Neque
1492 756 1609 817 ego
1639 743 1792 802 haec
1819 758 1893 803 eo
1922 746 2189 819 profero,-
2224 761 2341 819 quo

296 826 670 885 conserenda
697 824 818 885 sint
847 840 982 884 cum
1014 823 1217 895 hisce,
1252 826 1329 884 de
1364 824 1586 900 quibus
1618 841 1779 885 nunc
1810 824 2190 900 quaerimuS,
2233 822 2337 885 sed

294 916 360 968 ut
397 906 548 969 illud
577 906 906 981 intelligas,
961 924 1148 982 quum
1191 908 1357 982 apud
1396 906 1659 967 maiores
1698 916 1942 969 nostros
1986 908 2203 968 summi
2235 907 2337 967 viri

296 989 736 1085 clarissimique
787 987 1096 1061 homineS,
1145 990 1250 1065 qui
1292 988 1456 1050 omni
1498 997 1779 1086 tempore
1811 990 1912 1049 ad·
1937 992 2337 1065 gubernacula

293 1072 382 1133 rei
410 1072 692 1147 publicae
721 1072 940 1132 sedere
970 1072 1303 1145 debebant,
1333 1080 1535 1132 tamen
1562 1072 1624 1132 in
1654 1074 1818 1147 agris
1850 1088 2099 1148 quoque
2134 1076 2331 1133 colen

293 1154 390 1215 dis
419 1154 792 1229 aliquantum
827 1171 1052 1231 operae
1086 1154 1503 1229 temporisque
1536 1154 2057 1229 consumpserint,
2107 1156 2333 1243 ignosci

296 1246 576 1311 oportere
620 1238 676 1297 ei
719 1238 977 1312 homini,
1039 1238 1141 1313 qui
1190 1254 1259 1297 se
1298 1239 1555 1297 fateatur
1596 1254 1739 1297 esse
1779 1237 2099 1310 rusticum,
2152 1236 2333 1311 quum

293 1319 416 1380 ruri
455 1321 750 1380 adsiduus
794 1336 1036 1395 semper
1075 1320 1323 1380 vixerit.
1368 1336 1555 1395 quum
1601 1318 1957 1395 praesertim
1998 1318 2143 1378 nihil
2180 1327 2337 1379 essct

298 1402 462 1476 quod
504 1411 607 1461 aut
645 1402 801 1477 patri
841 1402 1068 1476 gratius
1116 1410 1220 1461 aut
1254 1401 1372 1461 sibi
1399 1401 1725 1461 iucundius
1753 1410 1857 1461 aut
1882 1418 1951 1460 re
1978 1416 2129 1461 vera
2157 1402 2331 1460 hone-

295 1484 448 1544 stius
496 1484 698 1557 facere
738 1492 970 1557 posset.
1057 1484 1156 1544 52.
1201 1483 1419 1544 Odium
1461 1483 1639 1558 igitur
1675 1484 2033 1544 acerrimum
2061 1484 2248 1558 patris
2278 1484 2331 1539 in

294 1565 483 1625 fllium
527 1582 607 1625 ex
655 1565 804 1640 hoc,
853 1568 1098 1642 opinor,
1145 1567 1513 1639 ostenditur,
1555 1565 1765 1639 Eruci,
1810 1566 1977 1641 quod
2021 1566 2183 1625 hunc
2216 1563 2330 1623 ruri

294 1664 436 1708 esse
480 1648 834 1723 patiebatur.
917 1648 1221 1723 Numquid
1262 1657 1356 1708 est
1394 1649 1600 1709 aliud?
1660 1650 1848 1708 Immo
1892 1664 2071 1721 vero,
2131 1646 2330 1721 inquit,

294 1740 416 1801 est3
448 1746 588 1789 narn
621 1731 803 1792 istum
833 1732 1206 1791 exheredare
1236 1731 1298 1790 in
1333 1731 1535 1791 animo
1565 1732 1844 1791 habebat.
1901 1730 2137 1790 Audi0=
2180 1743 2331 1789 nunc

293 1812 446 1872 dicis
491 1813 722 1888 aliquid
764 1816 932 1888 quod
975 1814 1056 1873 ad
1082 1830 1210 1873 rem
1239 1814 1554 1888 pertineat.
1622 1814 1771 1873 Nam
1804 1813 1935 1885 ilia,
1978 1811 2227 1887 opinor,
2270 1820 2325 1870 tu

294 1910 540 1970 quoque
563 1898 849 1956 concedis
870 1896 1032 1957 levia
1056 1912 1196 1956 esse
1218 1905 1403 1972 atque
1425 1896 1647 1970 inepta.
1663 1928 1746 1940 —-
1761 1896 2053 1956 Convivia
2075 1912 2213 1955 cum
2233 1909 2329 1968 pa·

293 1986 382 2035 tre
404 1993 527 2036 non
550 1977 1134 2054 inibat.-—Quippe;
1161 1980 1267 2053 qui
1289 1996 1365 2039 ne
1387 1980 1445 2038 in
1476 1979 1769 2053 oppidum
1796 1978 2041 2054 quidem
2066 1978 2184 2037 nisi
2206 1991 2329 2051 per·

288 2074 429 2118 raro
456 2060 705 2119 veniret.
739 2092 813 2103 -
861 2062 1118 2122 Domum
1163 2078 1337 2120 suam
1367 2062 1547 2121 istum
1574 2078 1694 2121 non
1726 2062 1854 2121 fere
1878 2060 2207 2134 quisquam
2231 2073 2329 2116 vo·

292 2142 486 2211 cahat.
529 2172 618 2185 --
655 2144 779 2202 Nec
808 2141 1052 2215 mirum,
1096 2142 1200 2217 qui
1235 2158 1435 2217 neque
1474 2143 1533 2200 in
1574 2143 1725 2203 urbe
1754 2142 1988 2201 viveret
2011 2159 2217 2218 neque
2243 2155 2324 2199 re·

293 2231 618 2285 vocaturus
641 2252 650 2261 ·
671 2233 856 2285 esset.
952 2226 1105 2284 XIX.
1159 2225 1386 2284 Verum
1438 2225 1589 2284 haec
1648 2233 1711 2287 tu
1760 2241 2006 2302 quoque
2052 2221 2325 2296 intelligis

289 2322 436 2366 esse
462 2307 794 2381 nugatoria.
852 2307 1034 2380 Illud,
1079 2308 1247 2381 quod
1278 2307 1623 2382 coepimus,
1660 2308 2007 2380 videamuS,
2050 2322 2175 2381 quo
2208 2320 2324 2365 cer-

289 2390 408 2448 tius
449 2399 864 2463 argumentum
905 2388 1032 2449 odii
1065 2390 1316 2463 reperiri
1358 2391 1519 2450 nullo
1550 2392 1733 2451 modo
1762 2397 1983 2465 potest.
2071 2388 2174 2450 53.
2216 2388 2325 2445 Ex-

288 2469 581 2532 heredare
639 2480 812 2546 pater
859 2472 1045 2533 filium
1103 2474 1422 2545 cogitabat.
1514 2474 1683 2535 Mitto
1738 2487 2031 2547 quaerere
2088 2482 2209 2547 qua
2256 2469 2327 2527 de

291 2568 506 2612 causa=
551 2571 779 2629 quaero
815 2553 918 2629 qui
947 2556 1110 2615 scias
1127 2577 1142 2608 ε
1181 2554 1421 2615 tametsi
1450 2562 1511 2615 te
1539 2556 1741 2616 dicere
1770 2564 1954 2631 atque
1982 2563 2325 2614 enumerare

290 2650 512 2695 causas
535 2652 748 2698 omncs
780 2638 1128 2711 oportebat,
1159 2644 1220 2697 et
1241 2637 1304 2696 id
1328 2645 1456 2698 erat
1478 2639 1623 2698 certi
1646 2638 2021 2699 accusatoris
2048 2634 2324 2702 officium,

290 2717 394 2792 qui
428 2719 576 2779 tanti
610 2719 862 2780 sceleris
892 2727 1197 2793 argueret,
1229 2720 1539 2794 explicare
1574 2722 1777 2781 omnia
1805 2719 1951 2780 vitia
1978 2727 2163 2796 atque
2190 2729 2323 2790 pec-

291 2806 424 2859 cata
453 2801 588 2874 filii,
622 2802 842 2878 quibus
872 2803 1160 2863 incensus
1185 2818 1413 2877 parens
1441 2804 1702 2877 potuerit
1734 2803 1995 2864 animum
2023 2801 2324 2866 inducere,

285 2889 356 2941 ut
380 2890 651 2944 naturam
680 2884 876 2959 ipsam
906 2886 1200 2957 vinceret,
1232 2894 1301 2946 ut
1328 2902 1593 2947 amorem
1618 2888 1779 2945 illum
1811 2884 2055 2961 penitus
2088 2882 2323 2943 insitum

287 2962 534 3027 eiiceret
567 2983 645 3026 ex
673 2967 906 3042 animo,
946 2975 1013 3028 ut
1039 2968 1303 3043 denique
1333 2978 1563 3042 patrem
1600 2984 1739 3029 esse
1772 2984 1915 3029 sese
1941 2965 2322 3027 obliviscere-

285 3053 410 3106 tur=
465 3066 625 3124 quae
667 3051 798 3110 sine
837 3051 1072 3126 magnis
1111 3049 1368 3111 huiusce
1408 3051 1677 3125 peccatis
1726 3051 2006 3111 accidere
2052 3046 2325 3123 potuisse

286 3145 410 3189 non
459 3133 732 3194 arbitror.
817 3130 916 3194 54.
959 3136 1187 3193 Verum
1240 3134 1513 3193 concedo
1562 3134 1667 3193 tibi
1721 3141 1787 3193 ut
1838 3150 1913 3193 ea
1962 3138 2322 3206 praetereas,

289 3230 448 3286 quae
491 3232 673 3290 quum
716 3224 912 3287 taces,
955 3217 1119 3276 nulla
1159 3232 1303 3276 esse
1344 3216 1651 3276 concedis.
1715 3213 1871 3273 Illud
1918 3214 2182 3282 quidem,
2220 3223 2319 3267 vo-

285 3294 478 3358 luissc
507 3299 892 3375 exheredare,
909 3306 1070 3359 certe
1111 3306 1177 3359 tu
1204 3300 1451 3373 planum
1495 3301 1696 3359 facere
1726 3299 1936 3360 debes.
1994 3295 2151 3369 Quid
2180 3304 2321 3365 ergo

165 3398 170 3405 ·
284 3379 492 3441 adfers
538 3396 727 3455 quare
764 3379 826 3441 id
873 3385 1094 3443 factum
1135 3388 1463 3455 putemus?
1526 3383 1691 3442 Vere
1719 3380 1865 3442 nihil
1896 3388 2074 3455 potes
2108 3378 2320 3437 dicere·
