2459 3817
854 168 1021 231 cAP.
1052 176 1242 263 1-22
1277 172 1330 235 S.
1361 176 1457 229 1-
1502 174 1559 229 6.
2113 157 2236 223 211

177 323 300 384 bat.
384 320 445 383 3.
493 319 651 383 Num
693 318 799 397 qui
828 320 1080 383 exsules
1108 316 1413 382 restitutio
1452 318 1652 379 Unum
1679 316 1894 391 alebat,
1922 324 2239 393 praeterea

178 404 498 467 neminem.
598 404 755 465 Num
808 400 1217 463 immunitates
1256 401 1477 462 datae?
1523 401 1764 475 Nullae,
1807 401 2239 477 respondebat.

182 486 490 549 Adsentiri
520 485 699 547 etiam
721 501 836 546 nos
870 484 1001 545 Ser.
1032 484 1334 561 Sulpicio,
1365 483 1705 546 clarissimo
1737 482 1892 557 viro,
1927 483 2135 557 voluit,
2164 500 2240 545 ne

180 588 303 647 qua
330 569 539 631 tabula
566 576 711 645 post
734 568 883 631 Idus
901 567 1153 630 Martias
1191 565 1372 630 ullius
1414 568 1643 630 decreti
1672 566 1952 630 Caesaris
1987 575 2099 629 aut
2137 568 2241 628 be·

180 652 383 715 aeficii
414 653 717 727 figeretur.
800 651 989 715 Multa
1019 658 1340 727 praetereo
1358 655 1568 726 veaque
1597 653 1932 728 praeclara.
1991 651 2092 713 Ad
2120 650 2242 713 sin·

178 738 391 811 gulare
424 734 587 797 enim
612 736 691 797 Μ.
725 736 976 797 Antonii
1016 735 1237 796 factum
1283 734 1528 795 festinat
1557 733 1768 794 oratio.
1852 734 2242 806 Dictaturam,

110 895 115 897 .
181 834 341 895 quae
370 818 491 893 iam
526 820 645 878 vim
674 818 884 893 regiae
910 819 1233 894 potestatis
1257 818 1602 891 obsederat,
1637 814 1908 878 funditus
1929 832 2008 879 ex
2040 834 2108 878 re
2133 834 2241 893 pu·

182 902 339 969 blica
357 900 633 964 sustulit:
663 902 741 961 de
762 918 885 975 qua
904 917 984 961 ne
1006 898 1340 961 sententias
1363 897 1610 973 quidem
1628 898 1910 960 diximus.
1941 898 2245 973 Scriptum

180 992 431 1047 senatus
474 985 814 1048 consultum
860 982 1028 1058 quod
1066 980 1201 1043 fieri
1224 981 1410 1043 vellet
1435 980 1657 1051 attulit,
1706 997 1828 1057 quo
1856 981 2108 1043 recitato
2139 998 2244 1043 au·

181 1068 518 1129 ctoritatem
559 1067 693 1128 eius
730 1080 967 1129 summo
1012 1063 1217 1127 studio
1261 1063 1456 1125 secuti
1495 1079 1708 1125 sumus
1735 1064 1916 1138 eique
1943 1064 2246 1141 amplissi-

180 1149 297 1209 mis
326 1148 532 1209 verbis
551 1162 680 1223 ’per
706 1154 957 1209 senatus
979 1147 1330 1209 cons-ultum
1357 1146 1582 1221 gratias
1614 1148 1867 1223 egimus.
1925 1148 1996 1207 11.
2025 1147 2086 1209 4.
2115 1148 2246 1208 Lux

184 1231 488 1307 quaedam
516 1229 839 1295 videbatur
866 1230 1069 1291 oblata
1097 1244 1218 1291 non
1251 1230 1436 1291 modo
1465 1245 1687 1305 regno,
1720 1231 1887 1305 quod
1916 1233 2244 1306 pertulera-

181 1331 348 1387 muS,
386 1313 500 1374 sed
528 1312 707 1375 etiam
737 1314 908 1389 regni
938 1314 1155 1375 timore
1182 1312 1454 1384 sublato,
1484 1329 1888 1390 magnumque
1917 1314 2138 1391 pignus
2167 1315 2243 1375 ab

182 1415 257 1460 eo
284 1396 373 1460 rei
400 1395 685 1473 publicae
714 1395 939 1470 datum,
972 1412 1043 1459 se
1070 1396 1322 1459 liberam
1351 1395 1654 1460 civitatem
1686 1412 1828 1458 esse
1853 1398 2024 1473 velle,
2062 1415 2246 1475 quum

182 1479 495 1543 dictatoris
518 1494 774 1555 nomen,
807 1480 975 1557 quod
1000 1495 1191 1556 saepe
1225 1479 1452 1543 iustum
1475 1481 1719 1555 fuisset,
1748 1489 2001 1559 propter
2028 1498 2244 1558 perpe·

181 1574 321 1626 tuae
363 1562 699 1627 dictaturae
736 1573 1041 1627 recentem
1084 1565 1436 1643 memoriam
1473 1565 1743 1627 funditus
1787 1581 1866 1625 ex
1902 1582 1970 1625 re
2000 1564 2246 1642 publica

184 1648 549 1709 sustulisset.
619 1645 679 1705 5.
712 1646 1029 1709 Liberatus
1064 1646 1338 1721 periculo
1369 1647 1580 1708 caedis
1608 1648 1820 1724 paucis
1851 1657 1996 1723 post
2029 1648 2246 1711 diebus

185 1738 465 1790 senatus=
487 1744 682 1791 uncus
710 1728 1011 1805 impactus
1039 1738 1136 1789 est
1165 1728 1419 1803 fugitivo
1483 1731 1598 1797 ssli,
1647 1729 1752 1802 qui
1791 1727 1853 1788 in
1881 1728 2056 1788 Marii
2139 1747 2245 1791 no-

183 1826 320 1871 men
346 1811 676 1872 invaserat.
731 1813 936 1886 Atque
969 1812 1123 1871 haec
1152 1810 1356 1871 omnia
1384 1812 1777 1871 communiter
1811 1826 1946 1895 cum
1982 1812 2244 1887 collega:

184 1893 303 1957 alia
347 1908 533 1969 porro
585 1893 835 1969 propria
875 1893 1256 1955 Dolabellae:
1301 1909 1488 1968 quae,
1543 1894 1661 1954 nisi
1702 1895 1938 1969 collega
1974 1896 2245 1968 afuisset,

184 1977 373 2038 credo
411 1975 488 2037 iis
534 1976 735 2038 futura
784 1974 979 2037 fuisse
1020 1974 1379 2037 communia.
1463 1976 1614 2037 Nam
1669 1993 1854 2051 quum
1885 1985 2159 2054 serperet
2185 1978 2248 2038 in

190 2060 395 2123 urbem
424 2058 723 2121 infinitum
754 2060 975 2120 malum
1010 2058 1196 2135 idque
1225 2067 1498 2119 manaret
1528 2057 1591 2119 in
1623 2059 1756 2121 dies
1784 2059 1994 2134 latiuS,
2037 2059 2245 2122 iidem·

187 2160 307 2217 que
330 2144 575 2204 bustum
590 2141 654 2203 in
684 2144 817 2203 foro
842 2144 1129 2217 facerent,
1158 2144 1261 2216 qui
1285 2144 1448 2202 illam
1478 2142 1844 2219 insepultam
1875 2144 2250 2220 sepulturam

185 2226 531 2301 effecerant,
555 2233 618 2287 et
639 2225 859 2289 cotidie
887 2225 1081 2301 magis
1104 2226 1423 2302 magisque
1447 2226 1666 2300 perditi
1692 2227 1969 2289 homines
1994 2245 2130 2290 cum
2153 2226 2248 2288 sui

184 2309 485 2370 similibus
527 2310 725 2371 servis
783 2309 957 2372 tectis
1017 2326 1091 2371 ac
1149 2309 1392 2384 templis
1441 2310 1610 2371 urbis
1665 2310 2064 2387 minarentur,
2110 2310 2246 2373 talis

188 2392 637 2457 animadversio
668 2392 779 2455 luit
804 2392 1157 2455 Dolabellae
1174 2409 1360 2469 quum
1389 2392 1452 2453 in
1482 2394 1752 2457 audaces
1789 2396 2248 2471 sceleratosque

186 2491 406 2537 servos
443 2482 571 2537 tum
610 2474 671 2537 in
712 2475 987 2553 impuros
1027 2483 1091 2539 et
1130 2477 1398 2538 nefarios
1423 2476 1680 2547 liberos,
1723 2478 1984 2555 talisque
2008 2477 2246 2539 eversio

184 2559 347 2622 illius
370 2568 727 2622 exsecratae
751 2561 1087 2634 columnae,
1116 2568 1183 2621 ut
1202 2560 1346 2622 mihi
1378 2561 1586 2621 mirum
1619 2561 1896 2623 videatur
1928 2572 2042 2621 tam
2069 2561 2246 2620 valde

184 2645 486 2718 reliquum
514 2650 757 2717 tempus
794 2644 871 2705 ab
906 2642 1010 2705 illo
1040 2660 1160 2705 uno
1194 2644 1294 2704 die
1324 2644 1718 2706 dissensisse.
1802 2645 1864 2707 6.
1894 2644 2056 2703 Ecce
2089 2641 2248 2702 enim

182 2726 475 2786 Kalendis
504 2725 721 2799 Iuniis,
761 2727 982 2801 quibus
1022 2735 1089 2788 ut
1114 2727 1475 2787 adessemus
1505 2726 2078 2801 edixeranamutata
2121 2741 2244 2785 om-

186 2807 316 2868 nia=
358 2806 507 2868 nihil
550 2824 662 2881 per
690 2816 995 2881 senatum,
1033 2810 1219 2870 multa
1251 2818 1312 2871 et
1341 2826 1560 2884 magna
1590 2824 1700 2882 per
1728 2809 2020 2884 populum
2048 2817 2114 2882 gt
2141 2809 2245 2868 ab·

184 2897 359 2953 sente
401 2892 631 2966 populo
668 2898 727 2951 et
752 2889 960 2951 invito.
1049 2889 1349 2951 Consules
1383 2890 1682 2966 designati
1712 2892 2013 2967 negabant
2041 2909 2112 2954 se
2142 2909 2244 2953 au·

184 2976 333 3036 dere
372 2972 434 3034 in
477 2981 755 3034 senatum
800 2972 1035 3033 venirez
1085 2973 1319 3047 patriae
1364 2975 1722 3035 liberatores
1763 2975 1914 3036 urbe
1961 2977 2249 3037 carebant

184 3074 277 3132 ea,
302 3055 477 3119 cuius
508 3074 545 3117 a
580 3055 923 3117 cervicibus
955 3054 1161 3132 iugum
1191 3054 1417 3117 servile
1446 3058 1822 3121 deiecerant:
1856 3076 2015 3135 quos
2045 3069 2244 3119 tamen

183 3139 305 3215 ipsi
336 3142 623 3203 consules
646 3140 786 3201 etin
814 3138 1199 3203 contionibus
1220 3150 1281 3202 et
1307 3139 1370 3201 in
1394 3140 1556 3204 omni
1585 3158 1868 3204 sermone
1900 3142 2244 3203 laudabant.

191 3224 473 3285 veterani
522 3223 627 3302 qui
652 3222 1145 3300 appellabantur,
1191 3223 1414 3301 quibus
1459 3223 1556 3286 hic
1600 3228 1753 3288 ordo
1785 3222 2243 3299 diligentissime

136 3346 147 3353 r
185 3317 447 3381 caverat,
472 3324 592 3369 non
616 3308 696 3368 ad
725 3308 1251 3371 conservationem
1277 3324 1482 3373 earum
1503 3325 1724 3382 rerum,
1753 3324 1908 3383 quas
1921 3304 2240 3378 habebant,

184 3388 299 3448 sed
314 3389 391 3449 ad
404 3404 577 3465 spem
600 3406 893 3453 novarum
906 3394 1266 3469 praedarum
1289 3390 1906 3535 ¹⁰⁰i¹³b³⁰²⁰‘·1{}³⁶
1931 3406 2112 3466 quum
2139 3406 2241 3451 au-
