2459 3817
634 142 800 203 CAP.
834 150 1096 205 20—23.
1137 147 1191 208 S.
1220 146 1486 205 42—47.
1969 142 2096 207 267

36 294 301 358 omnium
356 302 730 355 concursent
766 302 828 357 et
872 310 951 355 ex
992 294 1160 355 vultu
1194 294 1656 359 candidatorum
1689 294 2097 361 coniecturam

36 380 259 439 faciant
288 385 579 453 quantum
613 376 879 453 quisque
902 376 1085 438 animi
1119 387 1180 440 et
1214 378 1516 440 facultatis
1548 380 1775 440 habere
1797 378 2094 442 videatur.

31 460 135 523 45.
164 460 439 521 Videsne
470 470 533 522 tu
556 459 723 521 illum
748 460 1006 535 tristem,
1041 460 1420 523 demissum?
1453 461 1637 537 iacet,
1663 463 1900 534 diffidit,
1931 464 2095 525 abie-

34 544 117 607 cit
160 544 393 605 hastas.
460 542 664 619 Serpit
704 541 804 605 hic
842 561 1082 605 rumor:
1144 543 1282 604 Scis
1323 554 1388 605 tu
1432 544 1600 607 illum
1641 546 2096 608 accusationem

33 628 320 703 cogitare,
357 625 665 702 inquirere
694 626 755 686 in
786 626 1239 703 competitore8‚
1271 637 1462 689 testes
1498 637 1840 703 quaerere?
1895 630 2096 691 Alium

34 713 283 785 faciam,
331 709 617 785 quoniam
660 708 777 769 sibi
817 710 916 771 hic
954 710 1091 785 ipse
1136 712 1444 787 desperat.
1509 712 1658 773 Eius
1689 712 1856 773 modi
1891 714 2095 773 candi·

28 796 306 857 datorum
366 793 542 855 amici
602 792 794 855 intimi
850 793 1269 867 debilitantur,
1321 794 1524 857 studia
1580 796 1924 871 deponunt,
1967 813 2099 857 sus-

26 885 264 953 ceptam
290 893 419 939 rem
446 878 737 939 abiiciunt
760 885 865 938 aut
909 893 1083 938 suam
1112 894 1365 951 operam
1397 887 1459 939 et
1495 877 1749 952 gratiam
1777 877 2004 939 iudicio
2039 885 2098 939 et

29 959 407 1024 accusatitmi
451 969 787 1021 reservant.
848 961 1026 1020 XXII.
1066 960 1326 1021 Accedit
1363 962 1614 1033 eodem,
1649 970 1713 1021 ut
1743 962 1926 1021 etiam
1958 961 2098 1036 ipse

28 1042 393 1105 candidatus
425 1052 613 1105 totum
644 1043 910 1103 animum
943 1050 1125 1117 atque
1156 1060 1400 1105 omnem
1436 1060 1672 1115 curam,
1723 1060 1972 1119 operam
2007 1044 2094 1104 di-

30 1126 461 1202 ligentiamque
492 1127 667 1186 suam
694 1126 757 1185 in
793 1124 1086 1201 petitione
1116 1142 1238 1186 non
1266 1126 1470 1202 possit
1497 1143 1748 1202 pone-re.
1803 1126 2096 1201 Adiungi-

30 1220 129 1273 tur
154 1210 315 1269 enim
342 1208 755 1269 accusationis
789 1207 1105 1283 cogitati0‚
1137 1226 1261 1269 non
1292 1226 1482 1284 parva
1510 1224 1644 1283 ree,
1677 1210 1790 1270 sed
1821 1208 2096 1269 nimirum

30 1291 298 1353 omnium
340 1291 619 1351 maxima.
694 1292 983 1366 Magnum
1026 1302 1123 1354 est
1152 1292 1314 1353 enim
1349 1303 1407 1354 te
1441 1308 1801 1367 comparare
1830 1309 1933 1367 ea,
1964 1292 2096 1367 qui·

32 1377 147 1436 bus
190 1372 399 1450 possis
440 1374 743 1435 hominem
777 1392 814 1434 e
843 1373 1117 1448 civitate,
1164 1377 1520 1451 praesertim
1551 1392 1674 1437 non
1708 1376 1958 1452 inopem
1991 1392 2093 1437 ne·

32 1474 153 1535 que
182 1457 513 1531 infirmum,
559 1460 917 1519 exturbare:
970 1457 1075 1533 qui
1109 1469 1171 1521 et
1199 1476 1312 1535 per
1343 1476 1414 1521 se
1443 1470 1504 1523 et
1528 1477 1642 1536 per
1672 1477 1822 1521 suos
1853 1469 1914 1522 et
1947 1474 2093 1521 vero

28 1542 207 1603 etiam
238 1558 349 1617 per
372 1542 612 1602 alienos
650 1542 1031 1603 defendatur.
1091 1542 1316 1603 Omnes
1351 1544 1510 1603 enim
1539 1545 1620 1605 ad
1647 1543 1921 1619 pericula
1953 1559 2096 1618 pro-

28 1626 331 1701 pulsanda
366 1624 785 1687 concurrimus
812 1624 999 1700 etqui
1021 1642 1143 1686 non
1167 1636 1378 1701 aperte
1400 1626 1626 1687 inimici
1651 1644 1884 1699 sumuS,
1915 1627 2092 1687 etiam

26 1708 417 1770 alienissimis
444 1708 505 1768 in
537 1708 751 1783 capitis
786 1707 1073 1781 periculis
1104 1708 1614 1771 amicissimorum
1645 1710 1855 1769 officia
1879 1718 1940 1769 et
1969 1718 2094 1769 stu-

26 1792 129 1852 dia
161 1800 561 1865 praestamus.
629 1790 729 1852 46.
770 1790 900 1865 Qua
942 1808 1009 1850 re
1040 1808 1156 1867 ego
1188 1802 1482 1867 expertus
1517 1800 1578 1853 et
1610 1791 1857 1865 petendi
1887 1799 1949 1851 et
1987 1792 2094 1851 de·

32 1873 319 1935 fendendi
360 1882 425 1933 et
469 1874 803 1935 accusandi
844 1874 1184 1933 molestiam
1228 1874 1322 1934 sic
1359 1872 1657 1936 intellexi:
1720 1873 1780 1933 in
1827 1873 2094 1947 petendo

26 1956 297 2019 studium
337 1972 481 2017 esse
525 1957 915 2027 acerrimum,
958 1956 1019 2015 in
1050 1956 1440 2019 defendendo
1469 1956 1770 2029 officium,
1823 1956 1884 2017 in
1913 1972 2094 2017 accu-

28 2040 225 2101 sando
260 2040 551 2099 laborem.
610 2040 823 2115 ltaque
855 2039 944 2099 sic
975 2047 1194 2112 statue,
1232 2040 1364 2100 fieri
1395 2041 1560 2101 nullo
1585 2041 1767 2101 modo
1804 2055 1996 2115 posse
2029 2048 2096 2101 ut

27 2124 191 2185 idem
219 2122 673 2184 accusationem
704 2132 765 2184 et
799 2120 1151 2197 petitionem
1182 2126 1540 2184 consulatus
1564 2122 1883 2197 diligenter
1911 2123 2094 2185 ador-

29 2215 131 2268 net
173 2216 359 2281 atque
402 2204 677 2268 instruat.
750 2207 951 2268 Unum
990 2206 1294 2267 sustinere
1329 2205 1509 2282 pauci
1540 2216 1834 2282 possunt,
1865 2215 2091 2268 utrum·

28 2306 150 2365 que
164 2306 363 2349 nemo.
403 2287 512 2363 Tu,
536 2306 721 2363 quum
744 2298 803 2350 te
828 2290 905 2350 de
928 2289 1230 2353 curriculo
1245 2289 1556 2365 petitionis
1570 2289 1940 2351 deflexisses
1963 2287 2092 2349 ani-

26 2388 313 2447 mumque
346 2374 425 2433 ad
452 2373 867 2433 accusandum
896 2373 1332 2445 transtulisseS‚
1369 2372 1727 2434 existimasti
1758 2380 1818 2433 te
1853 2372 2095 2446 utrique
2169 2414 2172 2417 -

28 2458 271 2530 negotio
312 2454 463 2517 satis
491 2456 695 2517 facere
728 2465 959 2531 posse?
1006 2457 1420 2526 Vehementer
1453 2456 1687 2517 errasti.
1749 2454 1896 2529 Quis
1931 2454 2092 2517 enim

28 2538 163 2599 dies
206 2540 343 2609 fuit,
390 2547 607 2613 postea
653 2556 835 2614 quam
879 2539 939 2601 in
988 2538 1167 2601 istam
1200 2540 1532 2600 accusandi
1575 2536 2094 2600 denuntiat-ionem

28 2621 346 2696 ingressus
376 2638 477 2693 es,
510 2639 695 2697 quem
720 2633 786 2685 tu
815 2639 937 2683 non
969 2632 1160 2685 totum
1188 2621 1249 2683 in
1280 2621 1398 2684 ista
1431 2622 1668 2683 ratione
1697 2619 2094 2695 consumpse·

30 2705 160 2765 ris?
221 2706 428 2765 XXIII.
459 2706 685 2780 Legem
716 2704 981 2767 ambitus
1012 2706 1333 2781 flagitasti,
1373 2722 1532 2779 quae
1563 2704 1668 2765 tibi
1697 2722 1818 2765 non
1865 2706 2094 2765 deerat.

28 2788 173 2848 Erat
212 2788 373 2848 enim
414 2788 805 2849 severissime
842 2789 1072 2865 scripta
1102 2787 1454 2863 Calpurnia:
1497 2795 1716 2862 gestus·
1741 2796 1835 2849 est
1861 2802 1998 2849 mos
2033 2794 2096 2846 et

30 2869 325 2937 voluntati
364 2880 425 2931 et
470 2870 743 2947 dignitati
786 2881 942 2932 tuae.
1018 2871 1143 2932 Sed
1184 2879 1312 2933 tota
1354 2870 1456 2930 illa
1507 2871 1608 2931 lex
1641 2870 2093 2931 accusationem

29 2971 224 3028 tuam,
269 2952 322 3015 si
350 2953 611 3015 haberes
644 2964 967 3015 nocentem
994 2971 1195 3025 reum,
1246 2954 1510 3015 fortasse
1551 2963 1881 3015 armasset:
1939 2952 2071 3028 pet}

30 3036 177 3097 ttoni
222 3054 367 3097 vero
411 3037 714 3112 refragata
756 3046 869 3097 est.
946 3035 1051 3099 47.
1086 3038 1292 3097 Poena
1333 3034 1578 3112 gravior
1617 3035 1680 3099 in
1715 3038 1955 3113 plebem
1990 3044 2096 3096 tua

31 3136 185 3179 voce
224 3119 555 3194 efflagitata
594 3128 717 3181 est:
763 3119 1048 3181 commoti
1088 3118 1272 3181 animi
1305 3118 1675 3189 tenuiorum:
1719 3118 2002 3181 exsilium
2033 3115 2092 3177 in

32 3210 305 3264 nostrum
345 3202 650 3263 ordinem:
706 3203 1015 3265 concessit
1044 3210 1294 3264 senatus
1329 3201 1725 3279 postulationi
1765 3212 1932 3272 tuae,
1982 3200 2094 3259 sed

30 3302 151 3345 non
182 3285 435 3347 libenter
465 3285 771 3347 duriorem
799 3287 1077 3349 fortunae
1106 3285 1410 3347 communi
1441 3285 1868 3347 condicionem
1897 3293 1956 3346 te
1989 3299 2090 3343 au-

34 3378 201 3429 ctore
242 3368 552 3431 constituit
625 3370 821 3430 Morbi
848 3368 1235 3431 excusationi
1257 3384 1460 3445 poena
1481 3366 1688 3427 addita
1717 3374 1843 3427 est:
1881 3365 2095 3426 volun-
