2459 3817
780 143 945 206 CAP.
978 151 1049 208 28
1066 175 1137 188 ·-
1153 149 1242 206 30.
1268 148 1336 210 'S-
1369 151 1441 207 60
1457 175 1530 188 --
1543 147 1634 208 66-
2159 139 2237 205 6¹2

182 311 369 360 unum
410 295 575 358 illum
626 294 980 356 labefactari
1024 293 1417 355 viderentur?
1501 291 1604 354 63.
1649 292 1851 368 Atque
1894 290 2072 354 etiam
2119 291 2240 356 hoe

181 380 454 442 videbam
516 379 801 454 quoniam
841 378 941 438 illa
982 379 1039 437 in
1079 394 1146 437 re
1181 375 1427 452 publica
1465 377 1700 436 macula
1740 375 1911 450 regni
1952 375 2242 452 publicati

181 470 479 535 maneret,
517 478 697 537 quam
726 478 905 522 nemo
937 459 1053 520 iam
1078 465 1296 534 posset
1323 461 1556 532 eluere,
1589 460 1758 534 quod
1782 476 1860 519 ex
1890 459 2064 520 malis
2093 461 2242 522 boni

179 553 397 624 posset
422 544 481 604 in
512 561 639 606 rem
666 545 967 619 publicam
997 542 1346 618 pervenire,
1382 542 1442 602 id
1467 541 1672 603 utilius
1694 558 1840 604 esse
1868 559 1980 618 per
2001 560 2071 604 se
2094 559 2240 604 con·

180 627 413 692 servari
446 645 625 702 quam
656 644 765 702 per
796 626 969 686 alios.
1053 629 1258 702 Atque
1285 625 1387 685 ille
1417 626 1596 686 etiam
1625 625 1678 685 si
1707 626 1824 686 alia
1856 626 2143 702 quapiam
2177 627 2238 686 vi

180 712 589 786 expelleretur
618 710 735 770 illis
776 710 1150 784 temporibus
1191 725 1270 769 ex
1310 708 1426 768 hac
1466 709 1646 778 urbe,
1697 709 1874 770 facile
1908 719 2236 784 pateretur.

176 794 409 856 Etenim
442 794 545 868 qui
578 795 897 869 superiore
926 809 1086 853 anno
1118 799 1334 852 senatu
1365 790 1694 860 caruisset,
1739 808 1860 865 quo
1897 793 1949 850 si
1979 800 2105 852 tum
2135 809 2236 854 ve-

175 872 361 949 niret,
410 894 505 937 me
553 885 752 938 tamen
796 876 1031 938 socium
1075 890 1326 934 suorum
1355 871 1415 932 in
1444 889 1512 932 re
1559 872 1801 945 publica
1843 874 2238 934 consiliorum

176 959 387 1020 videre
415 968 642 1033 posset,
668 959 721 1020 is
744 974 944 1032 aequo
970 957 1170 1017 animo
1195 963 1318 1015 tum
1339 972 1435 1015 me
1459 956 1720 1029 expulso
1751 964 1810 1015 et
1830 972 1966 1015 meo
1993 957 2239 1017 nomine

178 1059 365 1118 quum
395 1042 683 1102 universo
722 1050 935 1100 senatu
966 1049 1091 1100 tum
1126 1037 1426 1098 sententia
1454 1054 1568 1096 sua
1598 1039 1998 1098 condemnata
2030 1039 2090 1098 in
2121 1039 2238 1099 hac

175 1126 329 1186 urbe
370 1140 511 1183 esse
554 1129 806 1197 posset?
858 1123 965 1182 llle
1005 1137 1151 1181 vero
1194 1119 1392 1180 eidem
1424 1119 1681 1194 tempori
1726 1119 1823 1180 cui
1875 1136 2021 1192 nos,
2075 1123 2236 1182 eius-

179 1207 317 1265 dem
346 1203 568 1275 furori,
618 1203 851 1266 eisdem
877 1201 1511 1275 consulibuS‚eisdem
1534 1201 1742 1276 minis,
1773 1202 2039 1276 insidiis,
2078 1204 2234 1279 peri—

178 1288 335 1348 culis
376 1286 580 1348 cessit.
662 1286 915 1348 Luctum
949 1303 1064 1349 nos
1100 1285 1412 1347 hausimus
1453 1285 1770 1361 maiorem,
1821 1287 2094 1348 dolorem
2135 1286 2238 1348 ille

179 1369 361 1431 animi
397 1386 519 1430 non
548 1367 859 1430 minorem.
1895 1435 1918 1444 ·

343 1454 521 1512 XXX.
546 1451 645 1514 64.
678 1453 788 1514 His
810 1454 889 1514 de
910 1461 997 1516 tot
1017 1451 1325 1530 tantisque
1347 1452 1580 1515 iniuriis
1603 1453 1662 1513 in
1694 1451 1918 1526 socioS‚
1949 1454 2010 1516 in
2034 1470 2234 1530 reges,

174 1537 237 1598 in
280 1536 555 1596 civitates
596 1536 819 1598 liberas
854 1539 1171 1599 consulum
1214 1539 1487 1613 querella
1509 1553 1652 1599 esse
1708 1537 1945 1599 debuit:
1993 1538 2056 1598 in
2100 1539 2234 1600 eius

174 1619 563 1693 magistratus
598 1620 780 1681 tutela
812 1637 991 1695 reges
1023 1631 1206 1696 atque
1243 1631 1488 1682 exterae
1521 1620 1797 1682 nationes
1833 1637 2076 1695 semper
2106 1623 2235 1682 fue·

172 1711 330 1763 runt.
386 1703 633 1776 Ecquae
657 1719 779 1763 vox
802 1721 1088 1777 umquam
1112 1712 1209 1764 est
1235 1705 1450 1762 audita·
1469 1703 1832 1762 consulum?
1867 1719 2234 1778 quamquam

176 1783 317 1858 quis
347 1784 613 1854 audiret,
636 1783 705 1844 si
734 1785 993 1844 maxime
1026 1787 1195 1859 queri
1224 1787 1490 1844 vellent?
1529 1785 1619 1843 De
1649 1783 1875 1860 Cyprio
1911 1799 2057 1858 rege
2087 1801 2233 1858 que-

172 1873 491 1928 rerentur?
541 1864 646 1939 qui
684 1882 781 1926 me
809 1867 1005 1926 civem
1036 1867 1199 1926 nullo
1230 1882 1368 1926 meo
1400 1864 1680 1938 crimine,
1733 1865 1961 1940 patriae
1979 1868 2233 1948 ‘nomine

171 1951 546 2010 laborantem
598 1963 721 2008 non
774 1950 957 2009 modo
1008 1956 1266 2008 stantem
1323 1964 1446 2007 non
1500 1948 1929 2020 defenderunt,
1988 1950 2102 2009 sed
2156 1966 2234 2010 ne

172 2033 468 2090 iacentem
512 2028 757 2103 quidem
799 2037 1233 2106 protexerunt?
1296 2031 1644 2102 cesseram,
1701 2031 1752 2091 si
1783 2031 2039 2092 alienam
2069 2049 2105 2092 a
2135 2047 2232 2092 me

172 2114 413 2190 plebem
452 2114 641 2173 fuisse
676 2114 887 2185 vultis,
924 2131 1083 2188 quae
1114 2131 1237 2174 non
1271 2113 1409 2186 fuit,
1444 2112 1738 2174 invidiae:
1777 2114 1830 2174 si
1859 2115 2231 2177 commoveri

172 2195 375 2258 omnia
398 2195 774 2270 videbantur,
802 2197 1087 2272 tempori=
1121 2198 1175 2258 si
1199 2197 1292 2257 vis
1314 2197 1580 2268 suberat,
1611 2196 1828 2258 armis=
1863 2197 1917 2257 si
1940 2199 2227 2273 societaS,

169 2277 625 2352 magistratuum
666 2281 969 2354 pactionh
1018 2280 1072 2341 si
1118 2281 1450 2354 periculum
1491 2279 1744 2353 civium,
1791 2281 1882 2342 rei
1925 2282 2226 2356 publicae.

167 2362 270 2426 65.
317 2361 464 2434 Cur,
512 2379 696 2437 quum
737 2365 815 2423 de
858 2361 1055 2437 capite
1096 2364 1248 2424 civis
1279 2396 1362 2408 —
1393 2380 1515 2424 non
1559 2364 1805 2438 disputo
1841 2366 2016 2425 cuius
2061 2365 2226 2426 modi

168 2444 321 2506 civis
348 2477 434 2490 —-
460 2455 521 2507 et
558 2446 636 2506 de
679 2445 856 2506 bonis
900 2447 1266 2522 proscriptio
1309 2449 1594 2519 ferretur,
1645 2465 1828 2521 quum
1870 2455 1930 2507 et
1969 2447 2226 2509 sacratIs

166 2528 407 2602 legibus
440 2537 499 2589 et
526 2545 615 2588 xu
648 2529 865 2590 tabulis
898 2540 1173 2591 sanctum
1203 2538 1400 2601 esset,
1428 2536 1496 2588 ut
1518 2545 1598 2590 ne
1619 2529 1716 2590 cui
1739 2529 2118 2606 privilegium
2146 2531 2224 2592 ir·

164 2611 365 2685 rogari
408 2611 615 2673 liceret
655 2630 811 2674 neve
844 2614 922 2672 de
957 2613 1154 2687 capite
1186 2613 1301 2674 nisi
1332 2613 1588 2673 comitiis
1619 2614 1967 2675 centuriatis
2003 2614 2224 2690 rogari,

165 2695 329 2754 nulla
362 2711 482 2754 vox
512 2705 607 2755 est
632 2696 839 2756 audita
868 2699 1216 2766 consulum,
1251 2696 1764 2769 constitutumque
1795 2706 1890 2756 est
1917 2695 2018 2759 illo
2043 2713 2222 2762 anno.

166 2786 456 2851 quantum
481 2775 681 2837 inillis
706 2779 943 2840 duabus
969 2779 1145 2839 huius
1169 2779 1402 2852 Imperii
1427 2779 1704 2854 pestibus
1729 2778 1853 2848 suit,
1879 2779 2009 2840 iure
2035 2798 2238 2855 posse·

164 2876 277 2934 per
309 2876 533 2933 operas
563 2859 895 2920 concitatas
926 2860 1201 2934 quemvis
1235 2861 1428 2921 civem
1462 2860 1810 2924 nominatim
1844 2862 2063 2923 tribuni
2099 2867 2224 2938 ple-

164 2943 261 3002 bis
304 2941 563 3002 concilio
604 2957 683 3002 ex
724 2943 965 3003 civitate
1000 2943 1350 3003 exturbari?
1431 2943 1532 3005 66.
1581 2943 1747 3017 Quae
1777 2961 1922 3006 vero
1955 2949 2222 3021 promul-

162 3033 302 3099 gata
326 3025 426 3084 illo
451 3041 611 3084 anno
637 3024 873 3097 fuerint,
906 3043 1065 3100 quae
1096 3025 1398 3100 promissa
1423 3025 1642 3098 multiS‚
1671 3044 1829 3102 quae
1853 3030 2220 3104 conscripta,

165 3124 324 3182 quae
354 3117 627 3182 sperata,
662 3125 819 3183 quae
849 3108 1135 3183 cogitata,
1170 3108 1316 3183 quid
1346 3110 1586 3170 dicam?
1619 3110 1724 3185 qui
1749 3113 1922 3173 locus
1946 3113 2074 3173 orbi
2104 3121 2221 3170 ter·
2263 3114 2266 3119 '

160 3206 267 3250 rae
316 3190 431 3249 iam
480 3208 601 3250 non
646 3201 777 3252 erat
820 3191 999 3252 alicui
1051 3192 1430 3253 destinatus?
1484 3193 1658 3253 cuius
1711 3196 1938 3266 negotii
1996 3192 2222 3267 publici

162 3273 447 3346 cogitari,
482 3277 707 3349 optari,
741 3274 886 3351 fingi
918 3275 1148 3337 curatio
1183 3277 1374 3351 potuit
1405 3293 1562 3351 quae
1595 3294 1715 3337 non
1746 3287 1911 3338 esset
1940 3276 2220 3338 attributa

162 3363 347 3431 atquc
404 3357 737 3432 discripta?
793 3359 961 3433 quod
1008 3375 1205 3434 genus
1251 3359 1490 3434 imperii
1535 3367 1638 3419 aut
1685 3377 1842 3434 quae
1884 3358 2220 3440 provincia,

1724 3449 1808 3513 5*
