<?xml version="1.0" encoding="UTF-8"?>
<!DOCTYPE html PUBLIC "-//W3C//DTD XHTML 1.0 Transitional//EN"
    "http://www.w3.org/TR/xhtml1/DTD/xhtml1-transitional.dtd">
<html xmlns="http://www.w3.org/1999/xhtml" xml:lang="en" lang="en">
 <head>
  <title>
</title>
<meta http-equiv="Content-Type" content="text/html;charset=utf-8" />
  <meta name='ocr-system' content='tesseract 3.04.00' />
  <meta name='ocr-capabilities' content='ocr_page ocr_carea ocr_par ocr_line ocrx_word'/>
</head>
<body>
  <div class='ocr_page' id='page_1' title='image "./mtulliiciceroni00klotgoog_0066.png"; bbox 0 0 2459 3817; ppageno 0'>
   <div class='ocr_carea' id='block_1_1' title="bbox 104 0 2439 166">
    <p class='ocr_par' dir='ltr' id='par_1_1' title="bbox 104 0 2439 166">
     <span class='ocr_line' id='line_1_1' title="bbox 104 0 2439 39; baseline 0.001 -6"><span class='ocrx_word' id='word_1_1' title='bbox 104 0 109 1; x_wconf 51' lang='lat'><em>⁷</em></span> <span class='ocrx_word' id='word_1_2' title='bbox 132 0 2439 39; x_wconf 55' lang='grc' dir='ltr'>ἡ</span> 
     </span>
     <span class='ocr_line' id='line_1_2' title="bbox 791 96 2256 166; baseline 0.002 -8"><span class='ocrx_word' id='word_1_3' title='bbox 791 100 952 159; x_wconf 79' lang='lat' dir='ltr'>CAP.</span> <span class='ocrx_word' id='word_1_4' title='bbox 983 108 1243 162; x_wconf 78' lang='lat'><strong>13—16.</strong></span> <span class='ocrx_word' id='word_1_5' title='bbox 1284 106 1336 166; x_wconf 79' lang='lat' dir='ltr'>s.</span> <span class='ocrx_word' id='word_1_6' title='bbox 1366 108 1433 161; x_wconf 78' lang='lat'>43</span> <span class='ocrx_word' id='word_1_7' title='bbox 1450 132 1527 147; x_wconf 90' lang='lat'>--</span> <span class='ocrx_word' id='word_1_8' title='bbox 1542 112 1627 162; x_wconf 84' lang='lat'>50.</span> <span class='ocrx_word' id='word_1_9' title='bbox 2170 96 2256 164; x_wconf 80' lang='lat'>55</span> 
     </span>
    </p>
   </div>
   <div class='ocr_carea' id='block_1_2' title="bbox 206 246 2260 3350">
    <p class='ocr_par' dir='ltr' id='par_1_2' title="bbox 208 246 2260 1885">
     <span class='ocr_line' id='line_1_3' title="bbox 217 246 2255 323; baseline 0.002 -15"><span class='ocrx_word' id='word_1_10' title='bbox 217 250 422 308; x_wconf 75' lang='lat' dir='ltr'>malo?</span> <span class='ocrx_word' id='word_1_11' title='bbox 480 246 676 321; x_wconf 66' lang='lat' dir='ltr'>Quid?</span> <span class='ocrx_word' id='word_1_12' title='bbox 703 265 889 323; x_wconf 90' lang='lat' dir='ltr'>quum</span> <span class='ocrx_word' id='word_1_13' title='bbox 919 248 1327 310; x_wconf 78' lang='lat' dir='ltr'><strong>accusationis</strong></span> <span class='ocrx_word' id='word_1_14' title='bbox 1356 258 1496 309; x_wconf 84' lang='lat' dir='ltr'>tuae</span> <span class='ocrx_word' id='word_1_15' title='bbox 1526 251 1794 311; x_wconf 82' lang='lat' dir='ltr'>membra</span> <span class='ocrx_word' id='word_1_16' title='bbox 1816 250 2087 311; x_wconf 88' lang='lat' dir='ltr'>dividere</span> <span class='ocrx_word' id='word_1_17' title='bbox 2117 266 2255 313; x_wconf 85' lang='lat' dir='ltr'>coe·</span> 
     </span>
     <span class='ocr_line' id='line_1_4' title="bbox 216 329 2260 406; baseline 0 -16"><span class='ocrx_word' id='word_1_18' title='bbox 216 332 376 406; x_wconf 81' lang='lat' dir='ltr'><strong>perit</strong></span> <span class='ocrx_word' id='word_1_19' title='bbox 415 330 564 389; x_wconf 89' lang='lat' dir='ltr'>etin</span> <span class='ocrx_word' id='word_1_20' title='bbox 599 329 800 404; x_wconf 78' lang='lat' dir='ltr'>digitis</span> <span class='ocrx_word' id='word_1_21' title='bbox 844 330 972 391; x_wconf 90' lang='lat' dir='ltr'>suis</span> <span class='ocrx_word' id='word_1_22' title='bbox 1018 331 1292 405; x_wconf 85' lang='lat' dir='ltr'>singulas</span> <span class='ocrx_word' id='word_1_23' title='bbox 1333 340 1537 405; x_wconf 82' lang='lat' dir='ltr'>partes</span> <span class='ocrx_word' id='word_1_24' title='bbox 1579 347 1803 393; x_wconf 86' lang='lat' dir='ltr'>causae</span> <span class='ocrx_word' id='word_1_25' title='bbox 1850 332 2260 393; x_wconf 70' lang='lat' dir='ltr'>constituere?</span> 
     </span>
     <span class='ocr_line' id='line_1_5' title="bbox 218 412 2259 488; baseline 0 -16"><span class='ocrx_word' id='word_1_26' title='bbox 218 413 418 487; x_wconf 65' lang='lat' dir='ltr'>Quid?</span> <span class='ocrx_word' id='word_1_27' title='bbox 440 428 625 486; x_wconf 90' lang='lat' dir='ltr'>quum</span> <span class='ocrx_word' id='word_1_28' title='bbox 646 429 830 472; x_wconf 89' lang='lat' dir='ltr'>unum</span> <span class='ocrx_word' id='word_1_29' title='bbox 857 412 1126 487; x_wconf 87' lang='lat' dir='ltr'>quidque</span> <span class='ocrx_word' id='word_1_30' title='bbox 1155 412 1518 487; x_wconf 76' lang='lat' dir='ltr'>transigere,</span> <span class='ocrx_word' id='word_1_31' title='bbox 1542 414 1863 488; x_wconf 87' lang='lat' dir='ltr'>expedire,</span> <span class='ocrx_word' id='word_1_32' title='bbox 1897 414 2215 475; x_wconf 84' lang='lat' dir='ltr'>absolvere</span> <span class='ocrx_word' id='word_1_33' title='bbox 2230 422 2259 473; x_wconf 67' lang='lat'><em>8</em></span> 
     </span>
     <span class='ocr_line' id='line_1_6' title="bbox 213 494 2257 571; baseline 0.002 -18"><span class='ocrx_word' id='word_1_34' title='bbox 213 496 360 570; x_wconf 90' lang='lat' dir='ltr'>Ipse</span> <span class='ocrx_word' id='word_1_35' title='bbox 393 495 667 568; x_wconf 83' lang='lat' dir='ltr'>profecto</span> <span class='ocrx_word' id='word_1_36' title='bbox 705 502 970 554; x_wconf 90' lang='lat' dir='ltr'>metuere</span> <span class='ocrx_word' id='word_1_37' title='bbox 1003 494 1289 568; x_wconf 82' lang='lat' dir='ltr'>incipieS,</span> <span class='ocrx_word' id='word_1_38' title='bbox 1333 510 1409 553; x_wconf 92' lang='lat' dir='ltr'>ne</span> <span class='ocrx_word' id='word_1_39' title='bbox 1458 496 1766 555; x_wconf 76' lang='lat' dir='ltr'>innocenti</span> <span class='ocrx_word' id='word_1_40' title='bbox 1807 496 2142 571; x_wconf 85' lang='lat' dir='ltr'>periculum</span> <span class='ocrx_word' id='word_1_41' title='bbox 2171 497 2257 557; x_wconf 80' lang='lat' dir='ltr'>fa·</span> 
     </span>
     <span class='ocr_line' id='line_1_7' title="bbox 214 573 2257 652; baseline 0.002 -17"><span class='ocrx_word' id='word_1_42' title='bbox 214 575 502 636; x_wconf 88' lang='lat' dir='ltr'>cesseris.</span> <span class='ocrx_word' id='word_1_43' title='bbox 545 573 646 635; x_wconf 89' lang='lat'>46.</span> <span class='ocrx_word' id='word_1_44' title='bbox 692 576 888 649; x_wconf 71' lang='lat' dir='ltr'>Quid?</span> <span class='ocrx_word' id='word_1_45' title='bbox 919 593 1104 651; x_wconf 91' lang='lat' dir='ltr'>quum</span> <span class='ocrx_word' id='word_1_46' title='bbox 1133 576 1571 649; x_wconf 69' lang='lat' dir='ltr'>commisereri,</span> <span class='ocrx_word' id='word_1_47' title='bbox 1602 578 1894 652; x_wconf 85' lang='lat' dir='ltr'>conqueri</span> <span class='ocrx_word' id='word_1_48' title='bbox 1918 587 1979 640; x_wconf 89' lang='lat' dir='ltr'>et</span> <span class='ocrx_word' id='word_1_49' title='bbox 1996 595 2077 638; x_wconf 84' lang='lat' dir='ltr'>ex</span> <span class='ocrx_word' id='word_1_50' title='bbox 2095 578 2257 639; x_wconf 83' lang='lat' dir='ltr'>iilius</span> 
     </span>
     <span class='ocr_line' id='line_1_8' title="bbox 215 656 2255 735; baseline 0.001 -18"><span class='ocrx_word' id='word_1_51' title='bbox 215 656 448 717; x_wconf 89' lang='lat' dir='ltr'>invidia</span> <span class='ocrx_word' id='word_1_52' title='bbox 489 658 825 717; x_wconf 84' lang='lat' dir='ltr'>deonerare</span> <span class='ocrx_word' id='word_1_53' title='bbox 866 658 1101 732; x_wconf 71' lang='lat' dir='ltr'>aliquid</span> <span class='ocrx_word' id='word_1_54' title='bbox 1144 666 1204 718; x_wconf 89' lang='lat' dir='ltr'>et</span> <span class='ocrx_word' id='word_1_55' title='bbox 1243 658 1304 715; x_wconf 89' lang='lat' dir='ltr'>in</span> <span class='ocrx_word' id='word_1_56' title='bbox 1339 666 1399 717; x_wconf 88' lang='lat' dir='ltr'>te</span> <span class='ocrx_word' id='word_1_57' title='bbox 1432 658 1703 719; x_wconf 88' lang='lat' dir='ltr'>traiicere</span> <span class='ocrx_word' id='word_1_58' title='bbox 1733 660 2048 735; x_wconf 65' lang='lat' dir='ltr'>coeperit?</span> <span class='ocrx_word' id='word_1_59' title='bbox 2095 676 2255 720; x_wconf 85' lang='lat' dir='ltr'>com-</span> 
     </span>
     <span class='ocr_line' id='line_1_9' title="bbox 215 740 2255 815; baseline 0.001 -18"><span class='ocrx_word' id='word_1_60' title='bbox 215 754 557 799; x_wconf 87' lang='lat' dir='ltr'>memorare</span> <span class='ocrx_word' id='word_1_61' title='bbox 599 740 946 814; x_wconf 87' lang='lat' dir='ltr'>quaestoris</span> <span class='ocrx_word' id='word_1_62' title='bbox 981 756 1114 799; x_wconf 88' lang='lat' dir='ltr'>eum</span> <span class='ocrx_word' id='word_1_63' title='bbox 1159 747 1441 815; x_wconf 87' lang='lat' dir='ltr'>praetore</span> <span class='ocrx_word' id='word_1_64' title='bbox 1481 741 1993 802; x_wconf 87' lang='lat' dir='ltr'>necessitudinem</span> <span class='ocrx_word' id='word_1_65' title='bbox 2034 742 2255 802; x_wconf 83' lang='lat' dir='ltr'>consti·</span> 
     </span>
     <span class='ocr_line' id='line_1_10' title="bbox 211 820 2256 894; baseline 0.001 -14"><span class='ocrx_word' id='word_1_66' title='bbox 211 830 404 882; x_wconf 84' lang='lat' dir='ltr'>tutam</span> <span class='ocrx_word' id='word_1_67' title='bbox 431 836 600 879; x_wconf 89' lang='lat' dir='ltr'>more</span> <span class='ocrx_word' id='word_1_68' title='bbox 628 821 948 893; x_wconf 88' lang='lat' dir='ltr'>maiorum,</span> <span class='ocrx_word' id='word_1_69' title='bbox 979 821 1160 883; x_wconf 90' lang='lat' dir='ltr'>sortis</span> <span class='ocrx_word' id='word_1_70' title='bbox 1189 820 1479 894; x_wconf 85' lang='lat' dir='ltr'>religione</span> <span class='ocrx_word' id='word_1_71' title='bbox 1498 826 1527 877; x_wconf 64' lang='grc' dir='ltr'><strong><em>τ</em></strong></span> <span class='ocrx_word' id='word_1_72' title='bbox 1620 822 1934 884; x_wconf 89' lang='lat' dir='ltr'>Poterisne</span> <span class='ocrx_word' id='word_1_73' title='bbox 1960 823 2093 883; x_wconf 89' lang='lat' dir='ltr'>eius</span> <span class='ocrx_word' id='word_1_74' title='bbox 2124 839 2256 883; x_wconf 88' lang='lat' dir='ltr'>ora·</span> 
     </span>
     <span class='ocr_line' id='line_1_11' title="bbox 211 901 2255 979; baseline 0.001 -18"><span class='ocrx_word' id='word_1_75' title='bbox 211 902 365 963; x_wconf 88' lang='lat' dir='ltr'>tioni</span> <span class='ocrx_word' id='word_1_76' title='bbox 393 901 638 962; x_wconf 74' lang='lat' dir='ltr'>subire?</span> <span class='ocrx_word' id='word_1_77' title='bbox 681 902 976 964; x_wconf 83' lang='lat' dir='ltr'>Invidiam</span> <span class='ocrx_word' id='word_1_78' title='bbox 1010 905 1148 963; x_wconf 90' lang='lat' dir='ltr'>vide</span> <span class='ocrx_word' id='word_1_79' title='bbox 1181 903 1395 976; x_wconf 90' lang='lat' dir='ltr'>modo,</span> <span class='ocrx_word' id='word_1_80' title='bbox 1430 902 1609 963; x_wconf 85' lang='lat' dir='ltr'>etiam</span> <span class='ocrx_word' id='word_1_81' title='bbox 1642 913 1825 979; x_wconf 86' lang='lat' dir='ltr'>atque</span> <span class='ocrx_word' id='word_1_82' title='bbox 1854 907 2033 966; x_wconf 88' lang='lat' dir='ltr'>etiam</span> <span class='ocrx_word' id='word_1_83' title='bbox 2056 904 2255 965; x_wconf 88' lang='lat' dir='ltr'>consi-</span> 
     </span>
     <span class='ocr_line' id='line_1_12' title="bbox 213 983 2254 1059; baseline 0 -16"><span class='ocrx_word' id='word_1_84' title='bbox 213 986 382 1043; x_wconf 87' lang='lat' dir='ltr'>dera.</span> <span class='ocrx_word' id='word_1_85' title='bbox 425 983 585 1042; x_wconf 84' lang='lat' dir='ltr'>Mihi</span> <span class='ocrx_word' id='word_1_86' title='bbox 625 984 784 1044; x_wconf 89' lang='lat' dir='ltr'>enim</span> <span class='ocrx_word' id='word_1_87' title='bbox 823 985 1060 1045; x_wconf 89' lang='lat' dir='ltr'>videtur</span> <span class='ocrx_word' id='word_1_88' title='bbox 1090 984 1427 1059; x_wconf 89' lang='lat' dir='ltr'>periculum</span> <span class='ocrx_word' id='word_1_89' title='bbox 1470 987 1602 1045; x_wconf 80' lang='lat' dir='ltr'>sore</span> <span class='ocrx_word' id='word_1_90' title='bbox 1644 1002 1723 1045; x_wconf 90' lang='lat' dir='ltr'>ne</span> <span class='ocrx_word' id='word_1_91' title='bbox 1763 986 1864 1045; x_wconf 89' lang='lat' dir='ltr'>ille</span> <span class='ocrx_word' id='word_1_92' title='bbox 1908 1002 2029 1047; x_wconf 89' lang='lat' dir='ltr'>non</span> <span class='ocrx_word' id='word_1_93' title='bbox 2070 987 2254 1046; x_wconf 90' lang='lat' dir='ltr'>modo</span> 
     </span>
     <span class='ocr_line' id='line_1_13' title="bbox 211 1065 2255 1143; baseline 0.001 -20"><span class='ocrx_word' id='word_1_94' title='bbox 211 1065 422 1126; x_wconf 88' lang='lat' dir='ltr'>verbis</span> <span class='ocrx_word' id='word_1_95' title='bbox 451 1074 514 1125; x_wconf 90' lang='lat' dir='ltr'>te</span> <span class='ocrx_word' id='word_1_96' title='bbox 541 1066 784 1140; x_wconf 84' lang='lat' dir='ltr'>obruat,</span> <span class='ocrx_word' id='word_1_97' title='bbox 819 1067 932 1127; x_wconf 86' lang='lat' dir='ltr'>sed</span> <span class='ocrx_word' id='word_1_98' title='bbox 959 1076 1134 1141; x_wconf 82' lang='lat' dir='ltr'>gestu</span> <span class='ocrx_word' id='word_1_99' title='bbox 1161 1066 1300 1141; x_wconf 88' lang='lat' dir='ltr'>ipso</span> <span class='ocrx_word' id='word_1_100' title='bbox 1328 1083 1401 1126; x_wconf 92' lang='lat' dir='ltr'>ac</span> <span class='ocrx_word' id='word_1_101' title='bbox 1429 1074 1598 1127; x_wconf 89' lang='lat' dir='ltr'>motu</span> <span class='ocrx_word' id='word_1_102' title='bbox 1628 1068 1900 1142; x_wconf 87' lang='lat' dir='ltr'>corporis</span> <span class='ocrx_word' id='word_1_103' title='bbox 1929 1066 2255 1143; x_wconf 85' lang='lat' dir='ltr'>praestrin-</span> 
     </span>
     <span class='ocr_line' id='line_1_14' title="bbox 213 1147 2253 1225; baseline -0 -18"><span class='ocrx_word' id='word_1_104' title='bbox 213 1156 320 1222; x_wconf 83' lang='lat' dir='ltr'>gat</span> <span class='ocrx_word' id='word_1_105' title='bbox 351 1148 544 1207; x_wconf 86' lang='lat' dir='ltr'>aciem</span> <span class='ocrx_word' id='word_1_106' title='bbox 585 1147 810 1223; x_wconf 83' lang='lat' dir='ltr'>ingenii</span> <span class='ocrx_word' id='word_1_107' title='bbox 853 1148 938 1209; x_wconf 91' lang='lat' dir='ltr'>tui</span> <span class='ocrx_word' id='word_1_108' title='bbox 973 1156 1156 1224; x_wconf 89' lang='lat' dir='ltr'>teque</span> <span class='ocrx_word' id='word_1_109' title='bbox 1183 1150 1261 1207; x_wconf 91' lang='lat' dir='ltr'>ab</span> <span class='ocrx_word' id='word_1_110' title='bbox 1296 1148 1579 1209; x_wconf 88' lang='lat' dir='ltr'>institutis</span> <span class='ocrx_word' id='word_1_111' title='bbox 1611 1149 1731 1212; x_wconf 87' lang='lat' dir='ltr'>tuis</span> <span class='ocrx_word' id='word_1_112' title='bbox 1762 1148 2253 1225; x_wconf 79' lang='lat' dir='ltr'>cogitationibus-</span> 
     </span>
     <span class='ocr_line' id='line_1_15' title="bbox 217 1228 2251 1305; baseline 0.001 -18"><span class='ocrx_word' id='word_1_113' title='bbox 217 1245 343 1303; x_wconf 88' lang='lat' dir='ltr'>que</span> <span class='ocrx_word' id='word_1_114' title='bbox 371 1230 646 1289; x_wconf 86' lang='lat' dir='ltr'>abducat.</span> <span class='ocrx_word' id='word_1_115' title='bbox 697 1228 798 1290; x_wconf 86' lang='lat'>47.</span> <span class='ocrx_word' id='word_1_116' title='bbox 840 1233 1048 1305; x_wconf 85' lang='lat' dir='ltr'>Atque</span> <span class='ocrx_word' id='word_1_117' title='bbox 1086 1230 1340 1291; x_wconf 88' lang='lat' dir='ltr'>huiusce</span> <span class='ocrx_word' id='word_1_118' title='bbox 1379 1230 1467 1289; x_wconf 91' lang='lat' dir='ltr'>rei</span> <span class='ocrx_word' id='word_1_119' title='bbox 1495 1230 1783 1291; x_wconf 89' lang='lat' dir='ltr'>iudicium</span> <span class='ocrx_word' id='word_1_120' title='bbox 1816 1232 1936 1291; x_wconf 87' lang='lat' dir='ltr'>iam</span> <span class='ocrx_word' id='word_1_121' title='bbox 1968 1232 2251 1291; x_wconf 85' lang='lat' dir='ltr'>continuo</span> 
     </span>
     <span class='ocr_line' id='line_1_16' title="bbox 214 1310 2255 1401; baseline 0.001 -33"><span class='ocrx_word' id='word_1_122' title='bbox 214 1310 402 1370; x_wconf 90' lang='lat' dir='ltr'>video</span> <span class='ocrx_word' id='word_1_123' title='bbox 431 1312 708 1371; x_wconf 80' lang='lat' dir='ltr'>futurum.</span> <span class='ocrx_word' id='word_1_124' title='bbox 740 1311 806 1371; x_wconf 92' lang='lat' dir='ltr'>Si</span> <span class='ocrx_word' id='word_1_125' title='bbox 829 1312 988 1371; x_wconf 89' lang='lat' dir='ltr'>enim</span> <span class='ocrx_word' id='word_1_126' title='bbox 1015 1311 1160 1371; x_wconf 89' lang='lat' dir='ltr'>mihi</span> <span class='ocrx_word' id='word_1_127' title='bbox 1181 1311 1363 1371; x_wconf 92' lang='lat' dir='ltr'>hodie</span> <span class='ocrx_word' id='word_1_128' title='bbox 1387 1313 1764 1386; x_wconf 89' lang='lat' dir='ltr'>respondere</span> <span class='ocrx_word' id='word_1_129' title='bbox 1786 1313 1865 1371; x_wconf 90' lang='lat' dir='ltr'>ad</span> <span class='ocrx_word' id='word_1_130' title='bbox 1886 1314 2068 1401; x_wconf 86' lang='lat' dir='ltr'>haec,</span> <span class='ocrx_word' id='word_1_131' title='bbox 2096 1328 2255 1387; x_wconf 91' lang='lat' dir='ltr'>quae</span> 
     </span>
     <span class='ocr_line' id='line_1_17' title="bbox 215 1357 2255 1487; baseline 0.001 -36"><span class='ocrx_word' id='word_1_132' title='bbox 215 1392 388 1465; x_wconf 79' lang='lat' dir='ltr'>dicu,</span> <span class='ocrx_word' id='word_1_133' title='bbox 416 1394 721 1487; x_wconf 78' lang='lat' dir='ltr'>potueriS,</span> <span class='ocrx_word' id='word_1_134' title='bbox 751 1394 806 1454; x_wconf 91' lang='lat' dir='ltr'>si</span> <span class='ocrx_word' id='word_1_135' title='bbox 833 1395 910 1453; x_wconf 88' lang='lat' dir='ltr'>ab</span> <span class='ocrx_word' id='word_1_136' title='bbox 939 1394 1056 1454; x_wconf 87' lang='lat' dir='ltr'>isto</span> <span class='ocrx_word' id='word_1_137' title='bbox 1079 1394 1266 1467; x_wconf 88' lang='lat' dir='ltr'>libro,</span> <span class='ocrx_word' id='word_1_138' title='bbox 1298 1409 1478 1468; x_wconf 90' lang='lat' dir='ltr'>quem</span> <span class='ocrx_word' id='word_1_139' title='bbox 1517 1392 1625 1453; x_wconf 89' lang='lat' dir='ltr'>tibi</span> <span class='ocrx_word' id='word_1_140' title='bbox 1658 1394 1942 1469; x_wconf 84' lang='lat' dir='ltr'>magister</span> <span class='ocrx_word' id='word_1_141' title='bbox 1964 1357 2109 1453; x_wconf 76' lang='lat' dir='ltr'>”ludi</span> <span class='ocrx_word' id='word_1_142' title='bbox 2150 1408 2255 1453; x_wconf 89' lang='lat' dir='ltr'>ne</span> 
     </span>
     <span class='ocr_line' id='line_1_18' title="bbox 213 1474 2250 1551; baseline 0 -17"><span class='ocrx_word' id='word_1_143' title='bbox 213 1474 347 1534; x_wconf 91' lang='lat' dir='ltr'>scio</span> <span class='ocrx_word' id='word_1_144' title='bbox 382 1474 484 1548; x_wconf 86' lang='lat' dir='ltr'>qui</span> <span class='ocrx_word' id='word_1_145' title='bbox 513 1490 592 1535; x_wconf 84' lang='lat' dir='ltr'>ex</span> <span class='ocrx_word' id='word_1_146' title='bbox 618 1475 832 1537; x_wconf 86' lang='lat' dir='ltr'>alienis</span> <span class='ocrx_word' id='word_1_147' title='bbox 856 1475 1229 1537; x_wconf 88' lang='lat' dir='ltr'>orationibus</span> <span class='ocrx_word' id='word_1_148' title='bbox 1260 1474 1659 1551; x_wconf 88' lang='lat' dir='ltr'>compositum</span> <span class='ocrx_word' id='word_1_149' title='bbox 1687 1476 1882 1551; x_wconf 83' lang='lat' dir='ltr'>dedit,</span> <span class='ocrx_word' id='word_1_150' title='bbox 1915 1476 2101 1539; x_wconf 89' lang='lat' dir='ltr'>verbo</span> <span class='ocrx_word' id='word_1_151' title='bbox 2134 1491 2250 1535; x_wconf 91' lang='lat' dir='ltr'>uno</span> 
     </span>
     <span class='ocr_line' id='line_1_19' title="bbox 212 1555 2256 1633; baseline 0.001 -18"><span class='ocrx_word' id='word_1_152' title='bbox 212 1555 611 1631; x_wconf 87' lang='lat' dir='ltr'>discesseris,</span> <span class='ocrx_word' id='word_1_153' title='bbox 649 1574 842 1632; x_wconf 89' lang='lat' dir='ltr'>posse</span> <span class='ocrx_word' id='word_1_154' title='bbox 879 1567 941 1619; x_wconf 90' lang='lat' dir='ltr'>te</span> <span class='ocrx_word' id='word_1_155' title='bbox 987 1567 1049 1618; x_wconf 90' lang='lat' dir='ltr'>et</span> <span class='ocrx_word' id='word_1_156' title='bbox 1085 1558 1170 1618; x_wconf 85' lang='lat' dir='ltr'>illi</span> <span class='ocrx_word' id='word_1_157' title='bbox 1210 1574 1456 1633; x_wconf 89' lang='lat' dir='ltr'>quoque</span> <span class='ocrx_word' id='word_1_158' title='bbox 1493 1557 1717 1619; x_wconf 90' lang='lat' dir='ltr'>iudicio</span> <span class='ocrx_word' id='word_1_159' title='bbox 1766 1575 1889 1619; x_wconf 90' lang='lat' dir='ltr'>non</span> <span class='ocrx_word' id='word_1_160' title='bbox 1934 1560 2154 1618; x_wconf 86' lang='lat' dir='ltr'>deesse</span> <span class='ocrx_word' id='word_1_161' title='bbox 2195 1565 2256 1617; x_wconf 90' lang='lat' dir='ltr'>et</span> 
     </span>
     <span class='ocr_line' id='line_1_20' title="bbox 209 1640 2254 1714; baseline 0.001 -16"><span class='ocrx_word' id='word_1_162' title='bbox 209 1654 442 1699; x_wconf 86' lang='lat' dir='ltr'>causae</span> <span class='ocrx_word' id='word_1_163' title='bbox 479 1648 663 1714; x_wconf 86' lang='lat' dir='ltr'>atque</span> <span class='ocrx_word' id='word_1_164' title='bbox 697 1640 900 1701; x_wconf 77' lang='lat' dir='ltr'>officio</span> <span class='ocrx_word' id='word_1_165' title='bbox 930 1649 1032 1700; x_wconf 92' lang='lat' dir='ltr'>tuo</span> <span class='ocrx_word' id='word_1_166' title='bbox 1067 1640 1216 1700; x_wconf 85' lang='lat' dir='ltr'>satis</span> <span class='ocrx_word' id='word_1_167' title='bbox 1252 1642 1451 1699; x_wconf 83' lang='lat' dir='ltr'>faeere</span> <span class='ocrx_word' id='word_1_168' title='bbox 1478 1640 1843 1701; x_wconf 76' lang='lat' dir='ltr'>arbitrabor:</span> <span class='ocrx_word' id='word_1_169' title='bbox 1892 1640 1986 1700; x_wconf 87' lang='lat' dir='ltr'>sin</span> <span class='ocrx_word' id='word_1_170' title='bbox 2018 1655 2254 1699; x_wconf 87' lang='lat' dir='ltr'>mecum</span> 
     </span>
     <span class='ocr_line' id='line_1_21' title="bbox 208 1720 2254 1796; baseline -0.001 -16"><span class='ocrx_word' id='word_1_171' title='bbox 208 1720 274 1780; x_wconf 93' lang='lat' dir='ltr'>in</span> <span class='ocrx_word' id='word_1_172' title='bbox 304 1720 420 1779; x_wconf 86' lang='lat' dir='ltr'>hac</span> <span class='ocrx_word' id='word_1_173' title='bbox 447 1722 802 1796; x_wconf 84' lang='lat' dir='ltr'>prolusione</span> <span class='ocrx_word' id='word_1_174' title='bbox 829 1721 976 1781; x_wconf 85' lang='lat' dir='ltr'>nihil</span> <span class='ocrx_word' id='word_1_175' title='bbox 1021 1723 1237 1791; x_wconf 79' lang='lat' dir='ltr'>fueris,</span> <span class='ocrx_word' id='word_1_176' title='bbox 1292 1737 1473 1795; x_wconf 89' lang='lat' dir='ltr'>quem</span> <span class='ocrx_word' id='word_1_177' title='bbox 1515 1729 1573 1779; x_wconf 90' lang='lat' dir='ltr'>te</span> <span class='ocrx_word' id='word_1_178' title='bbox 1616 1722 1674 1779; x_wconf 90' lang='lat' dir='ltr'>in</span> <span class='ocrx_word' id='word_1_179' title='bbox 1716 1721 1854 1794; x_wconf 88' lang='lat' dir='ltr'>ipsa</span> <span class='ocrx_word' id='word_1_180' title='bbox 1883 1735 2089 1793; x_wconf 79' lang='lat' dir='ltr'>pugna</span> <span class='ocrx_word' id='word_1_181' title='bbox 2119 1736 2254 1780; x_wconf 86' lang='lat' dir='ltr'>cum</span> 
     </span>
     <span class='ocr_line' id='line_1_22' title="bbox 208 1802 1411 1895; baseline -0.005 -32"><span class='ocrx_word' id='word_1_182' title='bbox 208 1802 508 1863; x_wconf 89' lang='lat' dir='ltr'>acerrimo</span> <span class='ocrx_word' id='word_1_183' title='bbox 543 1804 896 1864; x_wconf 87' lang='lat' dir='ltr'>adversario</span> <span class='ocrx_word' id='word_1_184' title='bbox 924 1805 1055 1863; x_wconf 82' lang='lat' dir='ltr'>sore</span> <span class='ocrx_word' id='word_1_185' title='bbox 1087 1807 1411 1895; x_wconf 63' lang='lat' dir='ltr'>putemus?</span> 
     </span>
    </p>

    <p class='ocr_par' dir='ltr' id='par_1_3' title="bbox 206 1880 2256 3350">
     <span class='ocr_line' id='line_1_23' title="bbox 378 1880 2250 1957; baseline -0.003 -13"><span class='ocrx_word' id='word_1_186' title='bbox 378 1886 510 1947; x_wconf 88' lang='lat' dir='ltr'>XV.</span> <span class='ocrx_word' id='word_1_187' title='bbox 553 1886 734 1944; x_wconf 86' lang='lat' dir='ltr'>Esto.</span> <span class='ocrx_word' id='word_1_188' title='bbox 777 1884 915 1957; x_wconf 90' lang='lat' dir='ltr'>ipse</span> <span class='ocrx_word' id='word_1_189' title='bbox 943 1882 1091 1941; x_wconf 84' lang='lat' dir='ltr'>nihil</span> <span class='ocrx_word' id='word_1_190' title='bbox 1120 1891 1241 1954; x_wconf 88' lang='lat' dir='ltr'>est,</span> <span class='ocrx_word' id='word_1_191' title='bbox 1272 1880 1421 1939; x_wconf 82' lang='lat' dir='ltr'>nihii</span> <span class='ocrx_word' id='word_1_192' title='bbox 1448 1889 1682 1954; x_wconf 87' lang='lat' dir='ltr'>potest·</span> <span class='ocrx_word' id='word_1_193' title='bbox 1723 1890 1785 1941; x_wconf 90' lang='lat' dir='ltr'>at</span> <span class='ocrx_word' id='word_1_194' title='bbox 1809 1880 1976 1941; x_wconf 88' lang='lat' dir='ltr'>venit</span> <span class='ocrx_word' id='word_1_195' title='bbox 2002 1889 2250 1956; x_wconf 77' lang='lat' dir='ltr'>paratus</span> 
     </span>
     <span class='ocr_line' id='line_1_24' title="bbox 208 1961 2254 2038; baseline -0.003 -11"><span class='ocrx_word' id='word_1_196' title='bbox 208 1983 354 2027; x_wconf 87' lang='lat' dir='ltr'>cum</span> <span class='ocrx_word' id='word_1_197' title='bbox 395 1964 912 2038; x_wconf 86' lang='lat' dir='ltr'>subscriptoribus</span> <span class='ocrx_word' id='word_1_198' title='bbox 955 1962 1298 2024; x_wconf 86' lang='lat' dir='ltr'>exercitatis</span> <span class='ocrx_word' id='word_1_199' title='bbox 1328 1970 1387 2021; x_wconf 91' lang='lat' dir='ltr'>et</span> <span class='ocrx_word' id='word_1_200' title='bbox 1426 1961 1687 2023; x_wconf 85' lang='lat' dir='ltr'>disertis.</span> <span class='ocrx_word' id='word_1_201' title='bbox 1740 1964 1851 2023; x_wconf 87' lang='lat' dir='ltr'>Est</span> <span class='ocrx_word' id='word_1_202' title='bbox 1894 1972 2090 2023; x_wconf 84' lang='lat' dir='ltr'>tamen</span> <span class='ocrx_word' id='word_1_203' title='bbox 2135 1962 2254 2022; x_wconf 87' lang='lat' dir='ltr'>hoc</span> 
     </span>
     <span class='ocr_line' id='line_1_25' title="bbox 209 2044 2253 2120; baseline -0.002 -12"><span class='ocrx_word' id='word_1_204' title='bbox 209 2048 478 2120; x_wconf 82' lang='lat' dir='ltr'>aliquid,</span> <span class='ocrx_word' id='word_1_205' title='bbox 525 2044 762 2105; x_wconf 87' lang='lat' dir='ltr'>tametsi</span> <span class='ocrx_word' id='word_1_206' title='bbox 798 2062 921 2106; x_wconf 92' lang='lat' dir='ltr'>non</span> <span class='ocrx_word' id='word_1_207' title='bbox 949 2054 1044 2105; x_wconf 88' lang='lat' dir='ltr'>est</span> <span class='ocrx_word' id='word_1_208' title='bbox 1072 2044 1241 2105; x_wconf 86' lang='lat' dir='ltr'>satis.</span> <span class='ocrx_word' id='word_1_209' title='bbox 1310 2044 1598 2105; x_wconf 90' lang='lat' dir='ltr'>Omnibus</span> <span class='ocrx_word' id='word_1_210' title='bbox 1628 2045 1785 2105; x_wconf 90' lang='lat' dir='ltr'>enim</span> <span class='ocrx_word' id='word_1_211' title='bbox 1814 2046 1997 2104; x_wconf 91' lang='lat' dir='ltr'>rebus</span> <span class='ocrx_word' id='word_1_212' title='bbox 2026 2046 2109 2116; x_wconf 87' lang='lat' dir='ltr'>is,</span> <span class='ocrx_word' id='word_1_213' title='bbox 2152 2044 2253 2119; x_wconf 91' lang='lat' dir='ltr'>qui</span> 
     </span>
     <span class='ocr_line' id='line_1_26' title="bbox 211 2126 2253 2205; baseline -0 -20"><span class='ocrx_word' id='word_1_214' title='bbox 211 2129 506 2205; x_wconf 88' lang='lat' dir='ltr'>princeps</span> <span class='ocrx_word' id='word_1_215' title='bbox 536 2127 598 2185; x_wconf 89' lang='lat' dir='ltr'>in</span> <span class='ocrx_word' id='word_1_216' title='bbox 638 2129 876 2201; x_wconf 84' lang='lat' dir='ltr'>agendo</span> <span class='ocrx_word' id='word_1_217' title='bbox 919 2135 1041 2199; x_wconf 88' lang='lat' dir='ltr'>est,</span> <span class='ocrx_word' id='word_1_218' title='bbox 1091 2126 1511 2189; x_wconf 87' lang='lat' dir='ltr'>ornatissimus</span> <span class='ocrx_word' id='word_1_219' title='bbox 1554 2134 1615 2187; x_wconf 87' lang='lat' dir='ltr'>et</span> <span class='ocrx_word' id='word_1_220' title='bbox 1651 2127 2069 2201; x_wconf 89' lang='lat' dir='ltr'>paratissimus</span> <span class='ocrx_word' id='word_1_221' title='bbox 2112 2140 2253 2185; x_wconf 88' lang='lat' dir='ltr'>esse</span> 
     </span>
     <span class='ocr_line' id='line_1_27' title="bbox 211 2208 2253 2285; baseline -0.003 -14"><span class='ocrx_word' id='word_1_222' title='bbox 211 2210 418 2271; x_wconf 88' lang='lat' dir='ltr'>debet.</span> <span class='ocrx_word' id='word_1_223' title='bbox 477 2210 706 2269; x_wconf 85' lang='lat' dir='ltr'>Verum</span> <span class='ocrx_word' id='word_1_224' title='bbox 761 2217 960 2271; x_wconf 86' lang='lat' dir='ltr'>tamen</span> <span class='ocrx_word' id='word_1_225' title='bbox 999 2208 1066 2267; x_wconf 94' lang='lat' dir='ltr'>L.</span> <span class='ocrx_word' id='word_1_226' title='bbox 1093 2209 1463 2285; x_wconf 79' lang='lat' dir='ltr'>Appuleium</span> <span class='ocrx_word' id='word_1_227' title='bbox 1504 2225 1643 2269; x_wconf 91' lang='lat' dir='ltr'>esse</span> <span class='ocrx_word' id='word_1_228' title='bbox 1690 2210 1869 2269; x_wconf 90' lang='lat' dir='ltr'>video</span> <span class='ocrx_word' id='word_1_229' title='bbox 1912 2208 2253 2283; x_wconf 86' lang='lat' dir='ltr'>proximum</span> 
     </span>
     <span class='ocr_line' id='line_1_28' title="bbox 211 2288 2255 2367; baseline -0.004 -14"><span class='ocrx_word' id='word_1_230' title='bbox 211 2290 726 2367; x_wconf 86' lang='lat' dir='ltr'>subscriptorem,</span> <span class='ocrx_word' id='word_1_231' title='bbox 758 2291 1059 2353; x_wconf 88' lang='lat' dir='ltr'>hominem</span> <span class='ocrx_word' id='word_1_232' title='bbox 1090 2308 1212 2351; x_wconf 88' lang='lat' dir='ltr'>non</span> <span class='ocrx_word' id='word_1_233' title='bbox 1247 2300 1470 2363; x_wconf 85' lang='lat' dir='ltr'>aetate,</span> <span class='ocrx_word' id='word_1_234' title='bbox 1516 2292 1626 2351; x_wconf 88' lang='lat' dir='ltr'>sed</span> <span class='ocrx_word' id='word_1_235' title='bbox 1666 2308 1786 2351; x_wconf 91' lang='lat' dir='ltr'>usu</span> <span class='ocrx_word' id='word_1_236' title='bbox 1815 2288 2043 2349; x_wconf 83' lang='lat' dir='ltr'>forensi</span> <span class='ocrx_word' id='word_1_237' title='bbox 2071 2296 2255 2363; x_wconf 87' lang='lat' dir='ltr'>atque</span> 
     </span>
     <span class='ocr_line' id='line_1_29' title="bbox 206 2369 2253 2447; baseline -0.002 -14"><span class='ocrx_word' id='word_1_238' title='bbox 206 2375 646 2434; x_wconf 80' lang='lat' dir='ltr'>exercitatione</span> <span class='ocrx_word' id='word_1_239' title='bbox 685 2372 958 2435; x_wconf 85' lang='lat' dir='ltr'>tironem.</span> <span class='ocrx_word' id='word_1_240' title='bbox 1022 2372 1123 2435; x_wconf 84' lang='lat'>48.</span> <span class='ocrx_word' id='word_1_241' title='bbox 1164 2374 1429 2446; x_wconf 90' lang='lat' dir='ltr'>Deinde,</span> <span class='ocrx_word' id='word_1_242' title='bbox 1479 2380 1545 2432; x_wconf 91' lang='lat' dir='ltr'>ut</span> <span class='ocrx_word' id='word_1_243' title='bbox 1584 2372 1829 2447; x_wconf 87' lang='lat' dir='ltr'>opinor,</span> <span class='ocrx_word' id='word_1_244' title='bbox 1880 2370 2065 2429; x_wconf 85' lang='lat' dir='ltr'>habet</span> <span class='ocrx_word' id='word_1_245' title='bbox 2088 2369 2253 2429; x_wconf 86' lang='lat' dir='ltr'>Alie·</span> 
     </span>
     <span class='ocr_line' id='line_1_30' title="bbox 209 2452 2256 2530; baseline -0.003 -13"><span class='ocrx_word' id='word_1_246' title='bbox 209 2473 387 2529; x_wconf 90' lang='lat' dir='ltr'>num,</span> <span class='ocrx_word' id='word_1_247' title='bbox 430 2456 592 2516; x_wconf 87' lang='lat' dir='ltr'>hunc</span> <span class='ocrx_word' id='word_1_248' title='bbox 619 2464 818 2515; x_wconf 87' lang='lat' dir='ltr'>tamen</span> <span class='ocrx_word' id='word_1_249' title='bbox 847 2458 924 2515; x_wconf 85' lang='lat' dir='ltr'>ab</span> <span class='ocrx_word' id='word_1_250' title='bbox 961 2454 1299 2528; x_wconf 77' lang='lat' dir='ltr'>subselliiS,</span> <span class='ocrx_word' id='word_1_251' title='bbox 1343 2454 1449 2530; x_wconf 93' lang='lat' dir='ltr'>qui</span> <span class='ocrx_word' id='word_1_252' title='bbox 1478 2454 1625 2528; x_wconf 90' lang='lat' dir='ltr'>quid</span> <span class='ocrx_word' id='word_1_253' title='bbox 1657 2454 1716 2513; x_wconf 91' lang='lat' dir='ltr'>in</span> <span class='ocrx_word' id='word_1_254' title='bbox 1749 2452 2009 2512; x_wconf 89' lang='lat' dir='ltr'>dicendo</span> <span class='ocrx_word' id='word_1_255' title='bbox 2042 2458 2256 2527; x_wconf 87' lang='lat' dir='ltr'>posset</span> 
     </span>
     <span class='ocr_line' id='line_1_31' title="bbox 211 2533 2253 2613; baseline -0.002 -16"><span class='ocrx_word' id='word_1_256' title='bbox 211 2553 544 2613; x_wconf 85' lang='lat' dir='ltr'>numquam</span> <span class='ocrx_word' id='word_1_257' title='bbox 595 2536 742 2597; x_wconf 88' lang='lat' dir='ltr'>satis</span> <span class='ocrx_word' id='word_1_258' title='bbox 791 2538 1046 2611; x_wconf 89' lang='lat' dir='ltr'>attendi,</span> <span class='ocrx_word' id='word_1_259' title='bbox 1101 2536 1163 2595; x_wconf 89' lang='lat' dir='ltr'>in</span> <span class='ocrx_word' id='word_1_260' title='bbox 1213 2536 1529 2597; x_wconf 84' lang='lat' dir='ltr'>clamando</span> <span class='ocrx_word' id='word_1_261' title='bbox 1582 2535 1827 2611; x_wconf 89' lang='lat' dir='ltr'>quidem</span> <span class='ocrx_word' id='word_1_262' title='bbox 1879 2533 2061 2594; x_wconf 89' lang='lat' dir='ltr'>video</span> <span class='ocrx_word' id='word_1_263' title='bbox 2113 2550 2253 2593; x_wconf 88' lang='lat' dir='ltr'>eum</span> 
     </span>
     <span class='ocr_line' id='line_1_32' title="bbox 208 2617 2255 2699; baseline -0.003 -18"><span class='ocrx_word' id='word_1_264' title='bbox 208 2637 359 2681; x_wconf 83' lang='lat' dir='ltr'>esse</span> <span class='ocrx_word' id='word_1_265' title='bbox 402 2620 560 2679; x_wconf 89' lang='lat' dir='ltr'>bene</span> <span class='ocrx_word' id='word_1_266' title='bbox 599 2619 916 2680; x_wconf 90' lang='lat' dir='ltr'>robustum</span> <span class='ocrx_word' id='word_1_267' title='bbox 964 2628 1146 2694; x_wconf 89' lang='lat' dir='ltr'>atque</span> <span class='ocrx_word' id='word_1_268' title='bbox 1197 2617 1607 2693; x_wconf 85' lang='lat' dir='ltr'>exercitatum.</span> <span class='ocrx_word' id='word_1_269' title='bbox 1670 2618 1738 2678; x_wconf 90' lang='lat' dir='ltr'>In</span> <span class='ocrx_word' id='word_1_270' title='bbox 1788 2617 1907 2677; x_wconf 87' lang='lat' dir='ltr'>hoc</span> <span class='ocrx_word' id='word_1_271' title='bbox 1940 2632 2087 2699; x_wconf 85' lang='lat' dir='ltr'>spes</span> <span class='ocrx_word' id='word_1_272' title='bbox 2115 2624 2255 2676; x_wconf 89' lang='lat' dir='ltr'>tuae</span> 
     </span>
     <span class='ocr_line' id='line_1_33' title="bbox 213 2686 2253 2775; baseline -0.003 -12"><span class='ocrx_word' id='word_1_273' title='bbox 213 2709 360 2763; x_wconf 90' lang='lat' dir='ltr'>sunt</span> <span class='ocrx_word' id='word_1_274' title='bbox 379 2717 623 2761; x_wconf 90' lang='lat' dir='ltr'>omnes·</span> <span class='ocrx_word' id='word_1_275' title='bbox 653 2700 782 2775; x_wconf 88' lang='lat' dir='ltr'>hic,</span> <span class='ocrx_word' id='word_1_276' title='bbox 811 2702 864 2761; x_wconf 91' lang='lat' dir='ltr'>si</span> <span class='ocrx_word' id='word_1_277' title='bbox 887 2710 952 2762; x_wconf 90' lang='lat' dir='ltr'>tu</span> <span class='ocrx_word' id='word_1_278' title='bbox 973 2700 1092 2763; x_wconf 90' lang='lat' dir='ltr'>eris</span> <span class='ocrx_word' id='word_1_279' title='bbox 1121 2709 1292 2761; x_wconf 89' lang='lat' dir='ltr'>actor</span> <span class='ocrx_word' id='word_1_280' title='bbox 1320 2686 1714 2773; x_wconf 76' lang='lat' dir='ltr'>constitutae,</span> <span class='ocrx_word' id='word_1_281' title='bbox 1742 2705 1931 2760; x_wconf 89' lang='lat' dir='ltr'>totum</span> <span class='ocrx_word' id='word_1_282' title='bbox 1966 2693 2253 2758; x_wconf 88' lang='lat' dir='ltr'>iudicium</span> 
     </span>
     <span class='ocr_line' id='line_1_34' title="bbox 209 2779 2251 2858; baseline -0.003 -14"><span class='ocrx_word' id='word_1_283' title='bbox 209 2782 554 2844; x_wconf 86' lang='lat' dir='ltr'>sustinebit.</span> <span class='ocrx_word' id='word_1_284' title='bbox 617 2781 709 2845; x_wconf 81' lang='lat' dir='ltr'>Ae</span> <span class='ocrx_word' id='word_1_285' title='bbox 749 2799 828 2842; x_wconf 92' lang='lat' dir='ltr'>ne</span> <span class='ocrx_word' id='word_1_286' title='bbox 866 2782 922 2843; x_wconf 90' lang='lat' dir='ltr'>is</span> <span class='ocrx_word' id='word_1_287' title='bbox 969 2782 1213 2858; x_wconf 90' lang='lat' dir='ltr'>quidem</span> <span class='ocrx_word' id='word_1_288' title='bbox 1253 2791 1482 2843; x_wconf 87' lang='lat' dir='ltr'>tantum</span> <span class='ocrx_word' id='word_1_289' title='bbox 1525 2781 1848 2842; x_wconf 85' lang='lat' dir='ltr'>contendet</span> <span class='ocrx_word' id='word_1_290' title='bbox 1887 2780 1948 2841; x_wconf 91' lang='lat' dir='ltr'>in</span> <span class='ocrx_word' id='word_1_291' title='bbox 1991 2779 2251 2840; x_wconf 89' lang='lat' dir='ltr'>dicendo</span> 
     </span>
     <span class='ocr_line' id='line_1_35' title="bbox 211 2860 2253 2941; baseline -0.002 -15"><span class='ocrx_word' id='word_1_292' title='bbox 211 2873 505 2941; x_wconf 89' lang='lat' dir='ltr'>quantum</span> <span class='ocrx_word' id='word_1_293' title='bbox 550 2872 782 2938; x_wconf 90' lang='lat' dir='ltr'>potest,</span> <span class='ocrx_word' id='word_1_294' title='bbox 836 2866 948 2925; x_wconf 89' lang='lat' dir='ltr'>sed</span> <span class='ocrx_word' id='word_1_295' title='bbox 993 2866 1273 2925; x_wconf 85' lang='lat' dir='ltr'>consulet</span> <span class='ocrx_word' id='word_1_296' title='bbox 1311 2863 1476 2925; x_wconf 87' lang='lat' dir='ltr'>laudi</span> <span class='ocrx_word' id='word_1_297' title='bbox 1525 2872 1587 2924; x_wconf 88' lang='lat' dir='ltr'>et</span> <span class='ocrx_word' id='word_1_298' title='bbox 1628 2860 2057 2924; x_wconf 85' lang='lat' dir='ltr'>existimationi</span> <span class='ocrx_word' id='word_1_299' title='bbox 2094 2870 2253 2933; x_wconf 85' lang='lat' dir='ltr'>tuae,</span> 
     </span>
     <span class='ocr_line' id='line_1_36' title="bbox 207 2945 2253 3021; baseline -0.002 -14"><span class='ocrx_word' id='word_1_300' title='bbox 207 2955 277 3007; x_wconf 90' lang='lat' dir='ltr'>et</span> <span class='ocrx_word' id='word_1_301' title='bbox 303 2963 383 3007; x_wconf 89' lang='lat' dir='ltr'>ex</span> <span class='ocrx_word' id='word_1_302' title='bbox 413 2963 516 3019; x_wconf 91' lang='lat' dir='ltr'>eo,</span> <span class='ocrx_word' id='word_1_303' title='bbox 561 2946 728 3019; x_wconf 92' lang='lat' dir='ltr'>quod</span> <span class='ocrx_word' id='word_1_304' title='bbox 766 2946 904 3021; x_wconf 89' lang='lat' dir='ltr'>ipse</span> <span class='ocrx_word' id='word_1_305' title='bbox 934 2954 1135 3021; x_wconf 89' lang='lat' dir='ltr'>potest</span> <span class='ocrx_word' id='word_1_306' title='bbox 1161 2945 1222 3005; x_wconf 89' lang='lat' dir='ltr'>in</span> <span class='ocrx_word' id='word_1_307' title='bbox 1255 2946 1546 3019; x_wconf 88' lang='lat' dir='ltr'>dicendo,</span> <span class='ocrx_word' id='word_1_308' title='bbox 1576 2945 1949 3020; x_wconf 84' lang='lat' dir='ltr'>aliquantum</span> <span class='ocrx_word' id='word_1_309' title='bbox 1977 2945 2253 3015; x_wconf 87' lang='lat' dir='ltr'>remittet,</span> 
     </span>
     <span class='ocr_line' id='line_1_37' title="bbox 209 3023 2253 3102; baseline -0.004 -13"><span class='ocrx_word' id='word_1_310' title='bbox 209 3038 282 3090; x_wconf 91' lang='lat' dir='ltr'>ut</span> <span class='ocrx_word' id='word_1_311' title='bbox 327 3037 392 3089; x_wconf 90' lang='lat' dir='ltr'>tu</span> <span class='ocrx_word' id='word_1_312' title='bbox 430 3036 628 3087; x_wconf 88' lang='lat' dir='ltr'>tamen</span> <span class='ocrx_word' id='word_1_313' title='bbox 667 3027 896 3102; x_wconf 86' lang='lat' dir='ltr'>aliquid</span> <span class='ocrx_word' id='word_1_314' title='bbox 935 3044 1078 3089; x_wconf 88' lang='lat' dir='ltr'>esse</span> <span class='ocrx_word' id='word_1_315' title='bbox 1116 3026 1385 3087; x_wconf 86' lang='lat' dir='ltr'>videare.</span> <span class='ocrx_word' id='word_1_316' title='bbox 1451 3028 1530 3089; x_wconf 84' lang='lat' dir='ltr'>Ut</span> <span class='ocrx_word' id='word_1_317' title='bbox 1566 3026 1627 3087; x_wconf 88' lang='lat' dir='ltr'>in</span> <span class='ocrx_word' id='word_1_318' title='bbox 1666 3027 1973 3087; x_wconf 88' lang='lat' dir='ltr'>actoribus</span> <span class='ocrx_word' id='word_1_319' title='bbox 2006 3023 2253 3087; x_wconf 86' lang='lat' dir='ltr'>Graecis</span> 
     </span>
     <span class='ocr_line' id='line_1_38' title="bbox 209 3106 2253 3184; baseline -0.003 -14"><span class='ocrx_word' id='word_1_320' title='bbox 209 3110 348 3171; x_wconf 87' lang='lat' dir='ltr'>fieri</span> <span class='ocrx_word' id='word_1_321' title='bbox 379 3109 653 3170; x_wconf 87' lang='lat' dir='ltr'>videmus</span> <span class='ocrx_word' id='word_1_322' title='bbox 669 3153 685 3182; x_wconf 99' lang='lat'>,</span> <span class='ocrx_word' id='word_1_323' title='bbox 727 3124 916 3184; x_wconf 89' lang='lat' dir='ltr'>saepe</span> <span class='ocrx_word' id='word_1_324' title='bbox 954 3109 1152 3184; x_wconf 85' lang='lat' dir='ltr'>inum,</span> <span class='ocrx_word' id='word_1_325' title='bbox 1194 3108 1300 3183; x_wconf 90' lang='lat' dir='ltr'>qui</span> <span class='ocrx_word' id='word_1_326' title='bbox 1338 3116 1435 3170; x_wconf 90' lang='lat' dir='ltr'>est</span> <span class='ocrx_word' id='word_1_327' title='bbox 1473 3110 1879 3171; x_wconf 82' lang='lat' dir='ltr'>secundarum</span> <span class='ocrx_word' id='word_1_328' title='bbox 1921 3116 2028 3169; x_wconf 85' lang='lat' dir='ltr'>aut</span> <span class='ocrx_word' id='word_1_329' title='bbox 2052 3106 2253 3168; x_wconf 85' lang='lat' dir='ltr'>tertia-</span> 
     </span>
     <span class='ocr_line' id='line_1_39' title="bbox 208 3190 2255 3267; baseline -0.003 -15"><span class='ocrx_word' id='word_1_330' title='bbox 208 3210 347 3253; x_wconf 86' lang='lat' dir='ltr'>rum</span> <span class='ocrx_word' id='word_1_331' title='bbox 395 3190 685 3266; x_wconf 89' lang='lat' dir='ltr'>partium,</span> <span class='ocrx_word' id='word_1_332' title='bbox 739 3206 922 3266; x_wconf 89' lang='lat' dir='ltr'>quum</span> <span class='ocrx_word' id='word_1_333' title='bbox 973 3190 1174 3267; x_wconf 83' lang='lat' dir='ltr'>possit</span> <span class='ocrx_word' id='word_1_334' title='bbox 1216 3191 1526 3266; x_wconf 84' lang='lat' dir='ltr'>aliquanto</span> <span class='ocrx_word' id='word_1_335' title='bbox 1567 3191 1788 3253; x_wconf 84' lang='lat' dir='ltr'>clarius</span> <span class='ocrx_word' id='word_1_336' title='bbox 1829 3190 2032 3250; x_wconf 91' lang='lat' dir='ltr'>dicere</span> <span class='ocrx_word' id='word_1_337' title='bbox 2073 3204 2255 3262; x_wconf 88' lang='lat' dir='ltr'>quam</span> 
     </span>
     <span class='ocr_line' id='line_1_40' title="bbox 207 3270 2251 3350; baseline -0.005 -11"><span class='ocrx_word' id='word_1_338' title='bbox 207 3278 350 3350; x_wconf 83' lang='lat' dir='ltr'>ipse</span> <span class='ocrx_word' id='word_1_339' title='bbox 379 3273 736 3349; x_wconf 85' lang='lat' dir='ltr'>primarum,</span> <span class='ocrx_word' id='word_1_340' title='bbox 781 3274 1030 3334; x_wconf 90' lang='lat' dir='ltr'>multum</span> <span class='ocrx_word' id='word_1_341' title='bbox 1059 3272 1426 3335; x_wconf 87' lang='lat' dir='ltr'>summittere</span> <span class='ocrx_word' id='word_1_342' title='bbox 1441 3318 1457 3348; x_wconf 86' lang='lat'>,</span> <span class='ocrx_word' id='word_1_343' title='bbox 1497 3282 1563 3333; x_wconf 93' lang='lat' dir='ltr'>ut</span> <span class='ocrx_word' id='word_1_344' title='bbox 1600 3273 1701 3332; x_wconf 85' lang='lat' dir='ltr'>iile</span> <span class='ocrx_word' id='word_1_345' title='bbox 1748 3270 2036 3347; x_wconf 86' lang='lat' dir='ltr'>princeps</span> <span class='ocrx_word' id='word_1_346' title='bbox 2073 3284 2251 3343; x_wconf 88' lang='lat' dir='ltr'>quam</span> 
     </span>
    </p>
   </div>
   <div class='ocr_carea' id='block_1_3' title="bbox 2244 3670 2439 3781">
    <p class='ocr_par' dir='ltr' id='par_1_4' title="bbox 2244 3670 2439 3781">
     <span class='ocr_line' id='line_1_41' title="bbox 2244 3670 2439 3781; baseline 0 0"><span class='ocrx_word' id='word_1_347' title='bbox 2244 3670 2439 3781; x_wconf 52' lang='lat' dir='ltr'>j</span> 
     </span>
    </p>
   </div>
  </div>
 </body>
</html>
