2459 3817
735 138 898 198 CAP.
932 146 1194 201 19—22.
1239 145 1291 205 s.
1320 148 1390 201 os
1410 172 1479 183 --
1498 148 1587 201 58.
2079 145 2204 213 159

132 299 300 352 etum
330 305 476 351 esse
507 286 767 348 diceres.
823 288 942 348 Gur
979 288 1162 362 igitur
1193 288 1390 350 victus
1425 296 1563 350 est?
1620 288 1773 363 Quia
1801 306 1927 351 non
1956 308 2203 369 semper

127 372 335 434 viator
358 388 397 431 a
423 373 688 444 lau-one,
732 387 855 432 non
885 387 1214 446 numquam
1257 372 1437 432 etiam
1464 373 1617 435 latro
1646 390 1685 433 a
1710 373 1945 436 viatore
1974 377 2201 437 occidi-

130 465 260 517 tura
309 453 478 530 quia,
523 468 892 529 quamquam
929 463 1180 528 paratus
1220 453 1281 513 in
1312 457 1641 531 imparatos
1672 456 1953 531 Clodius,
1999 466 2201 523 tamen

129 537 348 600 mulier
389 535 685 597 inciderat
727 536 789 596 in
828 536 1018 597 viros·
1105 536 1206 599 56.
1251 539 1375 599 Nec
1418 555 1564 600 vero
1604 539 1696 600 sic
1740 548 1870 601 erat
1912 558 2201 617 umquam

129 638 256 681 non
281 627 532 695 paratus
571 618 717 680 Milo
753 628 966 681 contra
997 620 1194 692 illum,
1239 629 1306 681 ut
1333 638 1455 681 non
1486 620 1637 683 satis
1672 623 1798 683 fere
1827 632 1995 685 esset
2023 643 2198 701 para-

134 712 254 765 tus.
341 702 600 777 Semper
645 702 744 763 ille
771 709 832 763 et
865 711 1154 778 quantum
1196 704 1523 765 interesset
1549 705 1611 764 P.
1652 704 1847 766 Clodii
1889 724 1959 769 se
2000 712 2199 784 perire

128 794 190 848 et
236 793 465 860 quanto
505 784 592 843 illi
628 784 770 845 odio
814 794 981 847 esset
1023 794 1084 846 et
1119 796 1408 862 quantum
1451 786 1552 847 ille
1592 789 1845 850 auderet
1875 791 2197 866 cogitabat.

128 870 323 943 Quam
351 868 432 929 ob
459 883 586 929 rem
623 868 805 927 vitam
837 885 1044 940 suam,
1076 886 1257 943 quam
1288 868 1567 931 maximis
1596 871 1882 967 praemiis
1912 876 2197 971 proposi-

130 960 250 1012 tam
277 960 338 1013 et
367 966 564 1026 paene
595 950 900 1011 addictam
929 950 1190 1025 sciebat,
1232 968 1563 1027 numquam
1605 952 1666 1013 in
1701 954 2034 1029 periculum
2064 958 2197 1018 sine

128 1034 438 1110 praesidio
485 1042 552 1095 et
589 1033 724 1094 sine
765 1033 1044 1095 custodia
1086 1034 1458 1109 proiiciebat.
1557 1036 1737 1097 Adde
1780 1054 1996 1113 casus,
2037 1038 2197 1103 adde

127 1119 398 1177 incertos
432 1116 634 1176 exitus
662 1132 1000 1191 pugnarum
1029 1116 1409 1192 Martemque
1438 1106 1839 1193 communem,
1870 1122 1975 1197 qui
2004 1138 2195 1199 saepe

128 1198 492 1294 spoliantem
526 1196 644 1257 iam
674 1204 736 1259 et
765 1200 1168 1261 exsultantem
1201 1203 1416 1262 evertit
1444 1210 1506 1261 et
1536 1202 1789 1276 perculit
1818 1203 1895 1264 ab
1926 1205 2191 1269 abiecto:

127 1282 290 1341 adde
310 1280 610 1341 inscitiam
637 1280 865 1357 pransi,
894 1282 1040 1356 poti,
1070 1283 1385 1344 oscitantis
1409 1284 1603 1358 duciS,
1627 1285 1732 1361 qui
1757 1303 1941 1361 quum
1962 1304 2003 1347 a
2022 1298 2189 1384 tergo

127 1364 367 1425 hostem
396 1362 790 1425 interclusum
821 1364 1199 1440 reliquisset,
1232 1366 1381 1427 nihil
1413 1369 1492 1429 de
1526 1368 1661 1429 eius
1688 1370 1979 1431 extremis
2008 1373 2189 1432 comi

128 1447 290 1508 tibus
317 1445 634 1521 cogitavit,
666 1446 726 1507 in
755 1463 914 1523 quos
937 1447 1227 1509 incensos
1257 1450 1347 1509 ira
1372 1450 1681 1546 vitamque
1708 1452 1935 1513 domini
1970 1454 2193 1529 despe-

127 1538 330 1590 rantes
367 1546 554 1605 quum
587 1529 920 1603 incidisset,
949 1531 1184 1594 haesit
1167 1550 1229 1591 m
1260 1532 1336 1594 iis
1366 1536 1604 1609 ροεηίε,
1638 1551 1793 1609 quas
1822 1536 1899 1595 ab
1922 1552 1999 1597 eo
2029 1536 2193 1598 servi

127 1613 342 1678 fideles
375 1629 488 1688 pro
512 1613 741 1675 domini
771 1614 894 1674 vita
923 1615 1367 1690 expetiverunt.
1408 1614 1511 1679 57.
1536 1618 1653 1677 Cur
1678 1616 1859 1692 igitur
1880 1634 1990 1679 eos
2012 1637 2195 1681 manu

133 1696 330 1760 misit?
370 1696 682 1757 Metuebat
711 1695 945 1757 scilicet
975 1714 1052 1757 ne
1081 1698 1469 1769 indicaretur,
1510 1713 1591 1758 ne
1616 1700 1889 1760 dolorem
1922 1704 2193 1777 perferre

123 1793 246 1839 non
281 1786 566 1853 possent,
607 1794 684 1838 ne
716 1780 1027 1839 tormentis
1063 1788 1423 1853 cogerentur
1453 1780 1725 1842 occisum
1754 1797 1897 1842 esse
1924 1800 1963 1843 a
1992 1786 2191 1846 servis

120 1860 364 1920 Milonis
405 1861 467 1920 in
503 1858 708 1937 Appia
752 1858 850 1920 via
887 1860 950 1919 P.
998 1861 1270 1923 Clodium
1314 1862 1609 1923 confiteri.
1700 1863 1854 1937 Quid
1900 1880 2059 1939 opus
2094 1877 2193 1930 est

121 1951 393 2006 tortore?
432 1942 580 2019 quid
631 1942 920 2019 quaeris?
969 1942 1393 2006 occideritne?
1432 1944 1674 2010 occidit.
1762 1947 1897 2006 Iure
1933 1964 2007 2007 an
2040 1947 2190 2009 iniu-

121 2026 212 2089 ria
234 2034 265 2085 ἵ
293 2024 438 2085 nihil
468 2027 547 2086 ad
582 2034 900 2088 tortorem=
937 2026 1078 2088 l'acti
1109 2027 1271 2088 enim
1300 2027 1359 2087 in
1392 2028 1605 2089 eculeo
1637 2030 1915 2104 quaestio
1949 2039 2072 2104 est,
2102 2032 2191 2092 iu-

121 2110 206 2170 ris
235 2108 295 2169 in
327 2108 576 2171 iudicio.
661 2109 842 2170 XXII.
886 2108 1062 2182 Quod
1101 2110 1285 2185 igitur
1314 2111 1373 2171 in
1404 2126 1595 2172 causa
1625 2113 2041 2186 quaerendum
2072 2122 2189 2188 est,

121 2194 184 2252 id
224 2208 479 2268 agamus
537 2193 668 2253 hiet
724 2194 892 2268 quod
947 2194 1263 2255 tormentis
1310 2194 1587 2255 invenire
1629 2196 1754 2267 vis,
1812 2194 1873 2256 id
1915 2197 2189 2258 latemur.

120 2277 305 2336 Manu
344 2291 494 2337 vero
537 2292 648 2337 cur
673 2276 934 2349 miserit,
981 2276 1036 2336 si
1081 2278 1143 2337 id
1171 2278 1379 2353 potius
1408 2277 1686 2353 quaeris,
1731 2295 1909 2352 quam
1941 2294 2049 2340 cur
2084 2297 2189 2355 pa·

122 2374 256 2419 rum
291 2358 512 2434 amplis
545 2359 840 2427 adfecerit
865 2359 1182 2434 praemiis,
1226 2360 1433 2421 nescis
1472 2359 1698 2421 inimici
1734 2362 1953 2422 factum
1980 2378 2189 2437 repre·-

120 2442 408 2503 hendere.
494 2439 597 2504 58.
635 2442 801 2503 Dixit
841 2444 1002 2503 enim
1043 2443 1144 2503 hie
1171 2442 1363 2515 idem,
1404 2443 1509 2519 qui
1540 2443 1741 2504 omnia
1768 2460 2013 2519 semper
2044 2462 2188 2507 con-

121 2533 352 2586 stanter
379 2532 440 2586 et
468 2525 727 2599 fortiter,
769 2525 851 2585 M.
898 2526 1074 2599 Cato,
1121 2533 1180 2587 et
1208 2525 1360 2587 dixit
1398 2526 1460 2587 in
1494 2527 1837 2588 turbulenta
1882 2527 2188 2601 contione,

124 2625 279 2684 quae
307 2615 509 2670 tamen
545 2609 726 2669 huius
757 2608 1116 2670 auctoritate
1161 2611 1399 2684 placata
1438 2619 1560 2680 est,
1604 2625 1723 2670 non
1772 2610 2047 2672 libertate
2087 2627 2189 2671 so-

120 2708 259 2764 rum,
291 2692 406 2751 sed
437 2691 614 2753 etiam
641 2691 922 2753 omnibus
952 2692 1240 2768 praemiis
1272 2692 1669 2767 dignissimos
1699 2691 1910 2765 fuisse,
1946 2694 2051 2767 qui
2079 2693 2188 2753 do·

122 2775 264 2835 mini
295 2782 479 2848 caput
499 2774 941 2837 defendissent.
976 2775 1152 2849 Quod
1175 2774 1339 2835 enim
1368 2775 1700 2853 praemium
1732 2771 1883 2835 satis
1905 2792 2189 2851 mag-num

121 2866 217 2919 est
261 2865 384 2918 tam
418 2857 766 2928 benevolis,
799 2866 921 2919 tom
949 2856 1162 2932 boniS,
1191 2867 1313 2917 tam
1348 2856 1635 2917 fidelibus
1666 2855 1895 2930 servis,
1940 2868 2191 2934 propter

125 2956 282 3017 quos
305 2938 500 3000 vivit?
530 2940 661 3001 Etsi
683 2939 746 3001 id
777 2942 1020 3013 quidem
1050 2956 1173 2999 non
1203 2939 1351 3001 tanti
1384 2949 1498 3015 est,
1528 2955 1712 3015 quam
1742 2940 1907 3015 quod
1937 2950 2191 3017 propter

123 3024 376 3086 eosdem
400 3040 520 3085 non
552 3022 852 3098 sanguine
881 3031 941 3083 et
976 3021 1329 3083 vulneribus
1352 3022 1493 3083 -suis
1522 3020 1929 3083 crudelissimi
1964 3024 2187 3083 inimici

122 3116 379 3169 mentem
415 3108 761 3182 oculosque
801 3104 1062 3167 satiavit.
1149 3104 1319 3178 Quos
1362 3104 1480 3166 nisi
1504 3105 2022 3178 manu-misisset,
2066 3114 2187 3167 tor-

123 3192 338 3253 mentis
367 3190 550 3253 etiam
581 3188 849 3251 dedendi
878 3191 1118 3250 fuerunt
1157 3197 1624 3250 conservatores
1656 3189 1915 3262 domini,
1958 3191 2189 3249 ultores

124 3273 399 3346 sceleriS,
423 3274 788 3335 defensores
817 3270 1006 3335 necis,
1093 3272 1206 3332 Hic
1236 3288 1383 3333 vero
1414 3271 1558 3332 nihil
1588 3272 1770 3334 habet
1796 3272 1859 3332 in
1889 3269 1984 3331 his
2012 3268 2187 3329 malis

128 3356 292 3430 quod
325 3356 524 3417 minus
554 3358 810 3418 moleste
841 3357 1028 3429 ferat,
1065 3371 1277 3431 quam,
1312 3355 1491 3417 etiam
1521 3355 1574 3415 si
1606 3354 1753 3430 quid
1783 3353 1901 3429 ipsi
1931 3352 2185 3422 accidat,
