2459 3817
247 144 329 208 94
844 137 990 198 PRO
1025 138 1088 199 P.
1121 137 1387 198 SESTIO
1420 137 1721 198 ORATIO.

241 290 328 350 rei
372 291 673 366 publicae.
743 290 876 349 Non
923 305 998 348 ca
1025 295 1122 348 est
1155 286 1493 362 medicina,
1540 305 1727 363 quum
1754 303 1945 350 sanae
1974 288 2131 364 parti
2161 306 2288 352 eor·

244 373 414 450 poris
455 373 826 447 scalpellum·
853 370 1178 432 adhibetur
1213 379 1404 446 atque
1452 371 1755 446 integraez
1790 369 2157 432 carnificina
2202 380 2291 436 est

243 457 361 517 ista
403 463 465 516 ct
505 453 865 516 erudelitas=
913 452 974 514 ei
1012 454 1331 514 medentur
1375 452 1465 514 rei
1510 452 1820 528 publicae,
1850 454 1975 528 -qui
1997 464 2289 517 exsecant

243 547 481 614 pestem
509 538 776 612 aliquam
806 545 1110 611 tamquam
1141 545 1431 596 strumam
1466 536 1743 598 civitatis.
2224 572 2229 603 :

412 617 557 680 136.
601 619 726 679 Sed
759 628 826 680 ut
848 628 1182 680 extremum
1215 618 1437 678 habeat
1464 619 1696 694 aliquid
1724 619 1925 680 oratio
1946 635 2115 692 mea,
2146 631 2213 682 et
2229 630 2293 684 ιιι

243 719 360 780 ego
396 711 538 764 ante
571 703 816 763 dicendi
847 703 1030 762 finem
1059 702 1275 762 faciam
1304 719 1485 776 quam
1514 719 1631 762 vos
1658 719 1757 766 me
1781 711 1905 762 tam
1934 710 2161 766 attente
2185 719 2290 765 au-

243 784 482 860 diendi,
523 786 885 846 concludam
925 786 1076 846 illud
1112 786 1194 844 de
1223 783 1613 859 optimatibus
1641 801 1977 861 eorumque
2008 784 2289 860 principi-

241 871 360 930 bus
401 885 476 928 ac
504 867 594 940 rei
628 869 908 943 publicae
939 868 1401 941 defensoribuS,
1440 885 1707 943 vosque,
1736 869 2195 943 adolescentes,
2232 879 2291 928 et

245 951 350 1028 qui
390 951 630 1012 nobiles
669 951 852 1024 estiS,
893 953 972 1010 ad
1008 951 1302 1012 maiorum
1334 959 1674 1012 vestrorum
1704 949 2101 1013 imitati-onem.
2131 950 2289 1010 exci-

242 1035 415 1106 tabo,
463 1041 524 1094 et
563 1033 670 1108 qui
708 1034 956 1110 ingenio
983 1049 1072 1096 ae
1119 1033 1335 1094 virtute
1374 1033 1743 1094 nobilitatem
1786 1031 2049 1109 potestIs
2072 1049 2289 1094 eonse-

245 1117 380 1193 qui‚
411 1118 490 1177 ad
521 1131 655 1176 eam
685 1117 1011 1192 rationem,
1054 1115 1112 1177 in
1147 1133 1269 1192 qua
1296 1118 1462 1177 multi
1496 1114 1775 1177 homines
1804 1117 1950 1176 novi
1975 1116 2289 1177 ethonore

242 1209 304 1261 et
325 1200 519 1274 gloria
547 1199 902 1272 floruerunt,
935 1199 1319 1261 cohortabor.
1383 1197 1521 1261 137
1562 1200 1731 1264 Haeo
1749 1208 1849 1260 est
1867 1215 1991 1260 una
2010 1198 2124 1270 via,
2146 1196 2291 1258 mihi

243 1282 505 1357 credite,
547 1290 608 1343 et
651 1284 852 1343 laudis
895 1291 956 1342 et
983 1281 1291 1356 dignitatis
1322 1291 1383 1342 et
1409 1281 1691 1343 honoris·
1729 1299 1769 1341 a
1806 1282 1985 1343 bonis
2018 1280 2170 1342 viris
2196 1294 2288 1342 sa·

245 1364 549 1441 pientibus
590 1373 651 1425 et
690 1366 850 1426 bene
889 1372 1104 1425 natura
1141 1363 1487 1427 constitutis
1513 1344 1747 1424 laudari
1776 1373 1839 1426 et
1864 1365 2061 1440 diligi,
2102 1379 2289 1425 nosse

239 1444 702 1520 discriptionem
716 1444 978 1507 civitatis
1001 1447 1382 1508 amaioribus
1412 1445 1638 1510 nostris
1666 1446 2121 1542 sapientissime
2148 1462 2288 1506 coa·

241 1528 540 1601 stitutum,
573 1529 678 1605 qui
715 1545 900 1605 quum
927 1544 1138 1604 regum
1164 1539 1529 1605 potestatem
1562 1545 1686 1590 non
1716 1529 2024 1600 tulissent,
2056 1527 2140 1589 ita
2166 1545 2291 1590 ma-

123 1616 130 1622 ‘
242 1610 530 1687 gistratus
571 1629 810 1674 annuos
852 1621 1239 1685 creaverunt,
1286 1618 1355 1674 ιιι
1396 1611 1717 1673 consilium
1754 1619 2007 1673 senatus
2047 1611 2139 1672 rei
2180 1629 2290 1686 pu-

243 1695 440 1755 blicae
468 1703 919 1772 praeponerent
945 1694 1411 1772 sempiternum,
1459 1693 1872 1770 deligerentur
1908 1704 2109 1756 autem
2134 1695 2201 1754 in
2230 1695 2291 1752 id

243 1777 560 1839 eonsilium
587 1779 666 1838 ab
687 1778 978 1841 universo
999 1781 1230 1854 populo
1249 1779 1576 1853 aditusque
1601 1777 1659 1836 in
1682 1778 1849 1848 illum
1872 1793 2175 1838 summum
2194 1793 2292 1836 or·

243 1861 445 1921 dinem
469 1861 735 1923 omnium
761 1863 986 1924 civium
1012 1861 1349 1923 industriae
1370 1877 1445 1921 ac
1474 1859 1675 1921 virtuti
1706 1869 1961 1934 pateret:
2012 1870 2294 1922 senatum

240 1945 326 2003 rei
351 1943 632 2019 publicae
655 1947 992 2019 custodem,
1017 1945 1378 2021 praesidem,
1413 1951 1926 2019 propugnatorem
1950 1944 2287 2004 collocave-

241 2034 407 2086 runt=
435 2025 616 2086 huius
647 2027 880 2088 ordinis
911 2028 1270 2088 auctoritate
1294 2027 1379 2087 uti
1406 2024 1793 2101 magistratus
1822 2034 1883 2087 et
1912 2025 2089 2100 quasi
2118 2025 2290 2086 mini·

241 2117 403 2168 stros
447 2109 792 2182 gravissimi
835 2109 1074 2169 consilii
1107 2125 1251 2170 esse
1279 2111 1631 2170 voluerunt‹.
1662 2117 1939 2170 senatum
1970 2116 2170 2169 autem
2197 2107 2291 2182 ip-

242 2206 373 2250 sum
418 2189 830 2265 proximorum
887 2191 1164 2252 ordinum
1217 2192 1607 2266 splendorem
1659 2193 2049 2265 confirmare,
2092 2189 2291 2265 plebis
2318 2265 2331 2272 ·

239 2273 573 2344 libertatem
603 2279 664 2332 et
691 2275 1014 2334 commoda
1041 2273 1197 2336 tueri
1224 2282 1411 2350 atque
1442 2291 1669 2350 augere
1694 2276 2055 2336 voluerunt.⁴

404 2355 611 2414 val.
661 2354 799 2417 138.
840 2357 1006 2416 Haec
1037 2357 1142 2433 qui
1175 2372 1291 2431 pro
1320 2357 1477 2417 virili
1510 2366 1679 2433 parte
1720 2358 2086 2423 defendunt.
2126 2355 2288 2430 opti-

239 2445 430 2498 mates
466 2445 642 2512 sunt,
674 2437 1112 2514 cuiuscumque
1140 2447 1283 2500 sunt
1310 2439 1567 2500 ordinis:
1600 2440 1703 2516 qui
1732 2448 1929 2501 autem
1958 2438 2290 2514 praecipue

239 2519 370 2580 suis
421 2517 762 2581 cervicibus
810 2529 972 2583 tanta
1015 2523 1219 2582 munia
1259 2530 1444 2597 atque
1470 2539 1596 2583 rem
1628 2522 1932 2598 publicam
1966 2521 2289 2593 sustinent,

241 2603 301 2662 hi
325 2618 570 2677 semper
596 2603 781 2664 habiti
811 2612 954 2665 sunt
980 2604 1354 2682 optimatium
1386 2605 1717 2680 principes,
1746 2614 2028 2666 auctores
2055 2611 2117 2664 et
2142 2617 2291 2664 con-

241 2698 588 2746 servatores
635 2683 914 2748 civitatis.
975 2687 1130 2748 Huic
1175 2688 1485 2748 hominum
1528 2687 1738 2762 generi
1770 2690 1993 2760 fateor,
2036 2695 2101 2747 ut
2147 2693 2291 2746 ante

239 2766 399 2839 dixi,
429 2769 648 2829 multos
679 2769 1095 2840 adversarios,
1127 2769 1426 2844 inimicoS,
1460 2769 1706 2831 invidos
1740 2787 1901 2844 esse,
1930 2772 2115 2830 multa
2145 2780 2291 2841 pro-

241 2849 384 2926 poni
416 2849 713 2926 pericula,
759 2854 979 2914 multas
1022 2853 1230 2914 inferri
1260 2851 1545 2924 iniurias,
1589 2869 1844 2928 magnos
1874 2869 2016 2913 esse
2044 2851 2291 2925 experi-

243 2932 442 2994 undos
475 2943 536 2994 et
561 2935 921 2997 subeundos
953 2937 1224 2998 laboresz
1262 2937 1375 2996 sed
1404 2935 1551 2997 mihi
1578 2935 1777 2996 omnis
1805 2935 1999 2996 >oratio
2032 2943 2129 2994 est
2148 2947 2292 2993 cum

239 3014 488 3089 virtute,
517 3032 639 3077 non
671 3033 806 3077 cum
837 3017 1101 3093 desidia,
1135 3035 1270 3079 cum
1301 3017 1606 3094 dignitate,
1638 3035 1762 3080 non
1788 3035 1926 3078 cum
1959 3018 2289 3090 voluptate,

239 3115 378 3160 eum
415 3097 625 3173 iis,qui
657 3115 726 3158 se
758 3100 1017 3176 patriae,
1060 3101 1164 3178 qui
1187 3101 1319 3162 suis
1349 3100 1616 3174 civibuS,
1650 3101 1755 3177 qui
1782 3099 1973 3172 laudi,
2022 3099 2125 3174 qui
2154 3099 2291 3173 glo·-

237 3179 384 3254 riae,
414 3197 536 3242 non
554 3227 570 3254 ,
613 3180 715 3256 qui
749 3199 966 3247 somno
995 3193 1057 3246 et
1087 3183 1385 3246 conviviis
1420 3193 1481 3246 et
1506 3183 1893 3246 delectationi
1920 3191 2097 3244 natos
2128 3179 2293 3240 arbi-

239 3273 486 3327 trantur.
550 3263 701 3323 Nam
741 3264 796 3325 si
835 3266 940 3341 qui
983 3265 1395 3342 voluptatibus
1434 3267 1740 3328 ducuntur
1777 3274 1842 3327 vet
1878 3281 1949 3326 se
2002 3262 2293 3324 vitiorum

239 3343 544 3406 illecebris
586 3352 646 3407 et
687 3349 1102 3427 cupiditatium
1127 3347 1444 3410 lenociniis
1486 3349 1877 3420 dediderunt,
1926 3346 2153 3407 missos
2196 3345 2290 3402 fa·
