2459 3817
846 147 1231 208 CAP.·a--5.
1276 152 1329 211 s.
1357 150 1584 207 7—14.
1691 164 1703 171 ·
2124 140 2249 207 145

192 311 396 373 poena
421 296 644 357 luenda
673 294 754 357 sit
778 310 958 372 quam
986 293 1146 355 iusta
1166 293 1521 367 repetenda.
1607 290 1707 353 11.
1736 289 1865 351 Etsi
1890 289 2241 365 persapien-

191 384 286 439 ter
323 386 384 439 et
429 378 695 454 quodam
740 376 923 437 modo
964 375 1143 439 tacite
1187 373 1293 435 dat
1331 375 1469 450 ipsa
1514 376 1613 433 lex
1645 379 2008 449 potestatem
2037 372 2244 433 defen-

191 459 395 533 dendi,
423 475 581 533 quae
605 475 724 520 non
760 457 1064 518 hominem
1094 456 1314 534 occidi,
1346 457 1457 517 sed
1492 472 1634 516 esse
1664 471 1800 515 cum
1836 454 1955 515 telo
1983 452 2244 515 hominis

193 541 513 603 occidendi
547 556 734 601 causa
763 547 954 613 vetat,
989 548 1072 613 ut,
1105 554 1290 613 quum
1326 553 1530 612 causa,
1559 554 1680 598 non
1701 539 1887 597 telum
1923 551 2244 610 quaerere-

193 633 317 694 tur,
367 624 472 698 qui
513 624 607 683 sui
646 621 1011 682 defendendi
1053 636 1243 682 causa
1268 622 1389 681 telo
1420 628 1589 681 esset
1609 636 1792 691 usus,
1831 634 1953 678 non
1981 617 2243 679 hominis

192 704 510 766 occidendi
540 720 727 764 causa
752 704 1042 765 habuisse
1064 702 1249 764 telum
1283 703 1666 762 iudicaretur.
1730 701 2107 775 Quapropter
2125 701 2243 762 hoc

189 795 430 848 maneat
456 785 515 845 in
549 802 764 859 causa,
807 785 1070 847 iudices=
1115 801 1237 844 non
1277 784 1438 843 enim
1467 782 1673 844 dubito
1704 782 1847 857 quin
1881 784 2243 856 probaturus

193 870 307 930 'sim
335 868 512 929 vobis
541 867 959 929 defensionem
989 882 1212 938 meam,
1264 866 1317 925 si
1344 865 1409 925 id
1438 864 1858 937 memineritiS,
1895 864 2062 940 quod
2093 864 2231 925 obli·

193 950 347 1012 visci
377 967 500 1011 non
534 949 813 1026 potestis,
875 948 1291 1009 insidiatorem
1321 945 1577 1008 interfici
1609 946 1739 1007 iure
1772 960 1979 1021 posse.

315 1034 394 1092 V.
425 1031 524 1094 12.
555 1031 843 1106 Sequitur
873 1030 1036 1103 illud,
1069 1030 1238 1105 quod
1264 1028 1563 1088 aMilonis
1597 1027 1855 1089 inimicis
1877 1025 2243 1101 saepissime

193 1114 443 1186 dicitur,
491 1114 772 1185 caedem,
816 1112 876 1172 in
903 1128 1025 1187 qua
1053 1111 1116 1170 P.
1147 1110 1393 1171 Clodius
1417 1109 1661 1171 occisus
1690 1119 1813 1183 est,
1851 1117 2126 1171 senatum
2152 1108 2242 1171 iu·

193 1195 438 1256 dicasse
465 1201 675 1255 contra
699 1210 830 1253 rem
859 1192 1163 1268 publicam
1187 1210 1331 1255 esse
1364 1194 1603 1253 iactam.
1688 1194 1857 1252 Illam
1887 1209 2034 1254 vero
2064 1207 2241 1253 sena-

192 1288 289 1339 tus
318 1294 440 1337 non
473 1274 788 1337 sententiis
821 1277 949 1335 suis
973 1277 1188 1349 solum,
1219 1274 1333 1335 sed
1354 1274 1529 1336 etiam
1561 1274 1777 1337 studiis
1809 1272 2244 1351 comprobavit.

194 1359 485 1433 Quotiens
526 1357 686 1418 enim
718 1364 812 1419 est
838 1358 940 1417 illa
970 1373 1158 1418 causa
1187 1374 1225 1417 a
1258 1358 1435 1418 nobis
1466 1365 1602 1418 acta
1630 1358 1691 1416 in
1726 1365 1971 1417 senatu!
2020 1355 2243 1433 quibus

191 1440 660 1503 adsensionibus
682 1438 950 1499 universi
974 1439 1221 1512 ordinis,
1249 1455 1430 1514 quam
1458 1456 1571 1501 nec
1598 1438 1793 1500 tacitis
1815 1454 1929 1499 nec
1959 1439 2211 1500 occultis
2226 1445 2249 1519 ¹.

193 1524 446 1597 Quando
495 1521 660 1583 enim‘
694 1520 1184 1598 frequentissimo
1218 1531 1435 1583 senatu
1481 1530 1765 1598 quattuor
1796 1529 1901 1582 aut
1944 1536 2241 1583 summum

196 1605 466 1681 quinque
521 1612 662 1665 sunt
709 1603 937 1665 inventi
982 1603 1084 1679 qui
1124 1603 1366 1665 Milonis
1408 1620 1656 1664 causam
1703 1619 1824 1664 non
1877 1604 2243 1677 probarent}

197 1687 517 1749 Declarant
567 1686 747 1746 huius
797 1686 1060 1746 ambusti
1110 1686 1332 1745 tribuni
1386 1686 1585 1761 plebis
1629 1685 1768 1744 illae
1820 1686 2243 1746 intermortuae

196 1768 528 1839 contioneS,
554 1767 776 1841 quibus
804 1767 1028 1827 cotidie
1062 1782 1255 1825 meam
1284 1766 1613 1841 potentiam
1643 1764 1944 1825 invidiose
1969 1764 2243 1825 crimina·

199 1852 400 1921 batur,
447 1865 632 1923 quum
674 1848 902 1908 diceret
943 1857 1216 1908 senatum
1258 1864 1381 1908 non
1416 1848 1584 1922 quod
1619 1848 1895 1922 sentiret,
1930 1848 2042 1907 sed
2078 1846 2239 1923 quod

198 1948 310 2007 ego
355 1931 572 1991 vellem
605 1930 953 1991 decernere.
1039 1930 1207 2003 Quae
1242 1928 1486 2004 quidem
1532 1929 1587 1988 si
1615 1928 1881 2006 potentia
1913 1937 2008 1990 est
2037 1929 2240 2004 appel-

199 2015 377 2074 landa
419 2012 620 2087 potius
650 2028 830 2087 quam
860 2019 964 2071 aut
996 2018 1247 2085 propter
1274 2027 1492 2085 magna
1524 2011 1585 2070 in
1624 2027 1750 2071 rem
1792 2010 2094 2085 publicam
2120 2026 2243 2070 me-

195 2098 309 2157 rita
339 2094 664 2155 mediocris
703 2094 765 2154 in
794 2094 973 2154 bonis
1004 2092 1208 2153 causis
1238 2093 1564 2154 auctoritas
1594 2101 1697 2154 aut
1725 2101 1977 2168 propter
2007 2092 2123 2154 hos
2156 2093 2243 2154 of-

199 2177 450 2238 ficiosos
482 2176 724 2237 labores
753 2192 925 2237 meos
955 2192 1078 2237 non
1109 2176 1274 2235 nulla
1296 2177 1460 2251 apud
1482 2176 1683 2237 bonos
1715 2176 1936 2250 gratia,
1970 2176 2243 2252 appelle-

198 2268 292 2321 tur
325 2257 411 2320 ita
447 2274 627 2333 sane,
670 2259 813 2319 dum
852 2260 1033 2320 modo
1063 2274 1137 2318 ea
1167 2274 1283 2319 nos
1316 2266 1555 2319 utamur
1581 2275 1694 2335 pro
1728 2260 1923 2319 salute
1943 2256 2242 2319 bonorum

199 2348 408 2403 contra
446 2340 764 2401 amentiam
807 2341 1196 2416 perditorum.
1286 2338 1385 2401 13.
1432 2340 1605 2401 Hanc
1632 2357 1778 2400 vero
1804 2339 2241 2416 quaestionem,

197 2423 313 2484 etsi
340 2440 464 2484 non
492 2432 587 2484 est
618 2422 857 2498 iniqua,
899 2438 1229 2498 numquam
1256 2430 1457 2485 tamen
1488 2431 1735 2485 senatus
1766 2421 2244 2484 constituendam

199 2506 448 2581 putavit.
531 2505 718 2565 Erant
744 2504 904 2566 enim
932 2507 1132 2580 legeS,
1174 2514 1348 2566 erant
1400 2504 1791 2581 quaestiones
1822 2507 1918 2565 vel
1949 2506 2027 2564 de
2053 2504 2245 2565 caede

196 2590 294 2648 vel
323 2589 401 2649 de
431 2585 520 2660 vi,
551 2603 666 2647 nec
705 2596 932 2649 tantum
970 2603 1304 2649 maerorem
1344 2604 1417 2649 ac
1457 2589 1683 2650 luctum
1722 2586 1958 2649 senatui
1985 2602 2150 2647 mors
2177 2584 2243 2644 P.

199 2668 385 2731 Clodii
417 2670 745 2744 adferebat,
772 2679 838 2732 ut
864 2684 1027 2732 nova
1055 2670 1333 2745 quaestio
1363 2672 1841 2733 constitueretur.
1880 2670 2064 2731 Cuius
2087 2666 2244 2729 enim

198 2754 276 2812 de
304 2750 405 2812 illo
439 2750 674 2814 incesto
718 2760 929 2827 stupro
963 2750 1253 2829 iudicium
1281 2751 1650 2814 decernendi
1690 2750 1926 2814 senatui
1968 2760 2243 2827 potestas

197 2842 367 2894 esset
396 2840 605 2906 erepta
623 2878 644 2908 ,
687 2834 766 2895 de
806 2832 939 2894 eius
984 2832 1225 2895 interitu
1269 2834 1407 2910 quis
1449 2843 1655 2911 potest
1693 2834 1944 2895 credere
1972 2841 2246 2895 senatum

198 2913 485 2976 iudicium
520 2930 746 2976 novum
794 2914 1279 2977 constituendum
1326 2924 1577 2990 putasse
1598 2923 1629 2977 τ
1667 2916 1787 2978 Cur
1824 2914 2006 2991 igitur
2040 2914 2246 2977 incen-

199 2998 363 3058 dium
384 2997 605 3069 curiae,
639 2995 1151 3072 oppugnationem
1181 2998 1424 3059 aedium
1449 2998 1531 3059 M.
1552 2998 1785 3075 Lepidi,
1819 3000 2069 3060 caedem
2088 2998 2247 3058 hanc

199 3079 396 3154 ipsam
439 3086 652 3140 contra
695 3096 823 3139 rem
865 3078 1165 3154 publicam
1209 3088 1459 3142 senatus
1501 3082 1720 3143 iactam
1764 3097 1907 3143 esse
1936 3078 2249 3142 decrevit?

200 3160 351 3235 Quia
387 3163 555 3222 nulla
596 3160 688 3222 vis
722 3178 1009 3238 umquam
1061 3171 1158 3224 est
1201 3163 1263 3223 in
1292 3163 1481 3224 libera
1512 3162 1753 3227 civitate
1781 3172 2069 3238 suscepta
2096 3161 2249 3223 inter

202 3245 370 3305 cives
413 3261 536 3304 non
578 3252 790 3305 contra
830 3261 954 3305 rem
987 3244 1313 3319 publicam.
1400 3244 1499 3309 14.
1530 3246 1664 3307 Non
1697 3245 1856 3307 enim
1885 3254 1981 3307 est
2013 3244 2115 3305 illa
2143 3245 2245 3305 de-

207 3325 401 3385 fensio
449 3333 658 3387 contra
686 3327 1120 3466 viriilumquam
1167 3329 1461 3405 optanda,
1506 3329 1618 3389 sed
1646 3344 2127 3467 noitonumquam
2155 3337 2249 3390 est

357 3415 479 3461 σισ.
527 3419 713 3464 ona-r.
834 3452 848 3466 .
