2459 3817
194 154 319 219 268
451 155 529 215 IN
557 154 639 219 Μ.
668 149 1075 213 ΑΝΤΟΝΙΠΜ
1104 146 1394 209 ORATIO
1425 144 1855 207 PHILIPPICA
1885 148 2046 209 xlv.
2163 198 2170 203 .

196 303 464 379 Gallicis,
492 301 720 365 Italicis
746 301 927 363 bellis
955 299 1103 361 clari
1132 306 1195 360 et
1226 299 1432 375 magni
1461 298 1722 371 ruerunt,
1765 314 1880 359 nec
1908 306 2114 361 temen
2146 296 2302 362 ullis

194 392 317 452 tale
339 402 535 464 genus
564 384 819 447 honoris
840 385 1125 445 tributum
1156 392 1270 443 est.
1313 385 1524 459 Atque
1540 380 1772 444 utinam
1801 382 2032 443 maiora
2063 398 2302 459 posse·

194 486 351 545 mus,
377 470 623 547 quando
648 469 895 547 quidem
915 482 953 526 a
976 465 1153 527 vobis
1178 464 1443 527 maxima
1466 467 1850 540 accepimus!
1877 468 2014 527 Vos
2036 468 2121 528 ab
2135 469 2304 537 urbe

194 556 496 616 furentem
526 550 858 615 Antonium
896 548 1236 611 avertistis:
1280 564 1395 611 vos
1435 550 1643 610 redire
1678 549 2030 611 molientem
2053 564 2302 627 reppu-

194 636 371 699 listis.
456 635 585 697 Erit
640 634 825 711 igitur
876 640 1191 693 exstructa
1253 634 1450 694 moles
1505 646 1696 708 opere
1746 632 2074 709 magnifico
2135 634 2298 695 inei·-

194 734 433 795 saeque
470 718 731 790 litterae,
783 715 1029 778 divinae
1068 715 1308 779 virtutis
1359 723 1551 777 testes
1603 712 2044 791 sempiternae,
2111 732 2298 779 mm-

194 816 507 879 quamque
573 802 653 863 de
719 799 899 861 vobis
972 814 1182 862 eorum
1204 845 1221 873 ,
1291 798 1396 875 qui
1469 807 1573 859 aut
1638 800 1934 861 videbunt
2005 808 2294 863 vestrum

193 887 630 949 monimentum
700 893 805 945 aut
855 884 1124 957 audient,
1176 884 1564 959 gratissimus
1614 896 1819 944 sermo
1883 883 2292 945 conticescet.
2411 894 2413 935 l

192 970 283 1031 Ita
322 986 437 1045 pro
482 967 723 1031 mortali
776 967 1140 1028 condicione
1194 968 1352 1027 vitae
1392 964 1898 1027 immortalitatem
1937 966 2094 1027 estis
2139 984 2289 1029 con·
2411 960 2413 1010 ῑ

194 1054 409 1113 secuti.

315 1134 471 1195 xm.
510 1133 613 1196 34.
662 1133 788 1195 Sed
818 1133 1136 1211 quoniam,
1170 1141 1380 1209 patres
1410 1131 1764 1207 conscripti,
1796 1132 2030 1208 gloriae
2061 1150 2286 1196 munus

194 1218 444 1294 optimis
468 1226 527 1277 et
558 1217 904 1279 fortissimis
934 1217 1172 1279 civibus
1220 1215 1576 1278 monimenti
1609 1216 1846 1277 honore
1889 1215 2285 1291 persolvitur,

194 1302 591 1363 consolemur
611 1316 821 1361 eorum
848 1302 1187 1377 proximos,
1218 1299 1445 1375 quibus
1470 1299 1700 1376 optima
1725 1308 1822 1360 est
1849 1299 2006 1361 haec
2033 1300 2282 1376 quidem

194 1382 571 1447 consolatioz
616 1384 1004 1459 parentibus,
1056 1384 1224 1460 quod
1271 1390 1438 1445 tanta
1487 1383 1577 1444 rei
1644 1382 1926 1459 publicae
1973 1384 2284 1458 praesidia

193 1472 553 1544 genuerunt,
606 1466 847 1543 liberis,
892 1469 1059 1543 quod
1105 1468 1417 1528 habebunt
1457 1466 1799 1527 domestica
1839 1470 2127 1543 exfflnpla
2165 1470 2279 1527 vir-

192 1548 356 1622 tutis,
387 1546 772 1624 coniugibus„
811 1552 979 1626 quod
1004 1550 1079 1610 iis
1117 1546 1264 1610 viris
1289 1548 1598 1623 carebunt,
1633 1566 1790 1626 quos
1815 1550 2067 1613 laudare
2101 1566 2278 1627 quam

191 1634 402 1707 lugere
440 1631 791 1707 praestabit,
823 1632 1126 1704 fratribus,
1161 1633 1331 1709 quod
1359 1633 1417 1692 in
1455 1648 1527 1695 se
1554 1640 1624 1694 ut
1649 1646 1996 1708 corporum,
2041 1634 2134 1695 sie
2161 1634 2282 1694 vir·

192 1724 385 1777 tutum
418 1714 875 1778 similitudinem
909 1734 1053 1779 esse
1084 1716 1415 1777 confident.
1502 1719 1709 1791 Atque
1736 1715 1966 1776 utinam
1995 1716 2095 1778 his
2153 1734 2280 1779 om-

191 1797 372 1860 nibus
398 1800 751 1874 abstergere
778 1798 989 1863 fletum
1018 1798 1336 1861 sententiis
1366 1799 1592 1861 nostris
1617 1798 2041 1875 consultisque
2061 1816 2280 1876 posse—

196 1896 330 1965 mus
361 1884 462 1943 vel
491 1883 697 1959 aliqua
746 1884 884 1945 talis
915 1884 992 1945 iis
1022 1882 1298 1944 adhiberi
1327 1881 1574 1960 publice
1618 1888 1836 1959 posset
1873 1883 2102 1955 oratio,
2159 1900 2279 1960 qua

193 1966 579 2041 deponerent
622 1982 959 2029 maerorem
1014 1973 1200 2042 atque
1257 1968 1484 2028 luctum
1536 1968 2001 2042 gauderentque
2053 1967 2278 2043 potiUS,

196 2062 383 2123 quum
412 2050 597 2109 multa
625 2056 686 2110 et
714 2050 887 2111 varia
921 2048 1346 2125 impenderent
1385 2050 1734 2112 hominibus
1775 2064 2006 2125 genera
2047 2050 2278 2124 mortiS‚

192 2128 255 2191 id
284 2146 515 2207 genus,
546 2134 715 2209 quod
755 2138 926 2195 esset
968 2132 1470 2209 pulcherrimum,
1511 2133 1644 2195 suis
1698 2132 1996 2208 obtigisse
2041 2150 2280 2209 eosque

192 2228 307 2275 nec
349 2213 699 2277 inhumatos
742 2218 887 2277 esse
925 2232 1043 2277 nec
1083 2217 1399 2291 desertos,
1454 2218 1623 2291 quod
1664 2224 1868 2278 tamen
1914 2216 2119 2292 ipsum
2167 2232 2278 2293 pro

191 2296 389 2375 patn'a
415 2314 538 2359 non
574 2298 986 2361 miserandum
1019 2309 1282 2375 putatur,
1325 2316 1439 2363 nec
1484 2300 1785 2381 dispersis
1828 2300 2028 2360 bustis
2069 2299 2276 2361 humili

194 2382 507 2456 sepultura
546 2390 878 2455 crematos,
922 2383 1035 2444 sed
1078 2390 1397 2445 contectos
1439 2384 1700 2459 publicis
1751 2382 2042 2459 operibus
2093 2392 2276 2459 atque

192 2460 546 2524 muneribus
582 2478 782 2538 eaque
810 2466 1245 2541 exstructione,
1280 2482 1440 2543 quae
1469 2468 1549 2527 sit
1591 2467 1671 2526 ad
1699 2466 2052 2528 memoriam
2086 2472 2274 2527 aeter—

192 2544 393 2608 nitatis
434 2560 541 2607 ara
578 2546 855 2608 Virtutis.
944 2546 1047 2611 35.
1104 2550 1295 2624 Quam
1347 2548 1426 2610 ob
1465 2564 1597 2610 rem
1645 2550 1973 2612 maximum
2031 2548 2274 2626 quidem

195 2628 491 2692 solacium
545 2629 658 2691 erit
717 2630 1202 2708 propinquorum
1268 2632 1488 2694 eodem
1551 2631 1924 2694 monimento
1979 2631 2274 2694 declarari

194 2721 255 2774 et
304 2713 583 2777 virtutem
633 2730 881 2777 suorum
939 2724 999 2776 et
1029 2716 1241 2791 populi
1281 2712 1541 2777 Romani
1592 2716 1878 2792 pietatem
1923 2724 1985 2777 et
2025 2725 2274 2778 senatus

192 2796 376 2857 fidem
407 2805 469 2857 et
496 2797 902 2860 crudelissimi
936 2798 1290 2862 memoriam
1322 2799 1497 2861 belli=
1538 2799 1600 2859 in
1636 2816 1759 2875 quo
1797 2798 1915 2861 nisi
1960 2807 2128 2861 tanta
2170 2799 2274 2859 mi-

193 2880 360 2941 litum
415 2880 609 2943 virtus
675 2880 1040 2957 exstitisset,
1090 2881 1423 2960 parricidio
1475 2883 1556 2942 Μ.
1601 2881 1852 2945 Antonii
1896 2898 2121 2945 nomen
2165 2898 2273 2958 po·

194 2962 322 3038 puli
364 2962 625 3025 Romani
666 2964 1016 3027 occidisset.
1104 2968 1310 3043 Atque
1352 2965 1532 3028 etiam
1577 2982 1836 3040 censeo,
1883 2976 2091 3043 patres
2135 2980 2272 3027 eon·

195 3044 440 3123 scripti,
488 3057 651 3123 quae
689 3046 961 3123 praemia
1004 3048 1292 3112 militibus
1335 3049 1726 3126 promisimus
1769 3066 1886 3112 nos
1926 3066 1994 3109 re
2035 3048 2274 3125 publica

192 3138 557 3206 recuperata
630 3128 991 3205 tributuros,
1056 3146 1131 3193 ea
1196 3132 1357 3195 vivis
1431 3132 1890 3210 victoribusque
1954 3134 2273 3208 cumulate,

196 3227 381 3286 quum
451 3223 695 3289 tempus
764 3214 1024 3290 venerit,
1105 3216 1548 3293 persolvenda=
1621 3216 1726 3292 qui
1785 3222 1988 3279 autem
2049 3230 2130 3276 ex
2182 3213 2274 3277 iis.

196 3294 417 3366 quibus
449 3296 553 3356 illa
586 3296 892 3372 promissa
921 3306 1079 3374 sunt,
1112 3314 1223 3375 pro
1267 3301 1461 3375 patria
1504 3295 1878 3374 occiderunt,
1925 3311 2135 3361 eorum
2169 3309 2274 3374 pa-

194 3370 487 3441 rentibus.
515 3378 741 3450 liberis,
774 3378 1166 3457 coniugibus.
1211 3382 1497 3443 fratribus
1527 3383 1744 3445 eadem
1777 3383 2093 3445 tribuenda
2135 3396 2268 3442 cen·
