2459 3817
783 98 950 163 CAP.
979 107 1140 177 1)-
1155 105 1240 160 14.
1276 103 1330 164 s.
1360 105 1527 162 3³—-
1541 107 1630 163 37.
2126 106 2247 172 153

183 263 378 324 Clodii
415 271 609 326 morte
657 263 891 324 cecidit.
975 264 1111 323 Vos
1138 262 1347 339 adepti
1375 265 1556 334 estiS,
1583 279 1660 322 ne
1694 279 1875 338 quem
1906 263 2103 327 civem
2126 285 2246 330 me-

181 345 462 407 meretis:
492 347 592 406 hic
615 344 1108 406 exercitationem
1141 345 1377 407 virtutis
1395 391 1411 419 ,
1438 345 1939 422 suffragationem
1968 352 2249 412 consula-

181 438 300 503 tue,
325 429 552 490 fontem
582 444 913 505 perennem
942 427 1174 503 gloriae
1203 444 1355 490 suae
1400 428 1680 503 perdidit.
1768 431 1981 506 Itaque
2004 431 2249 494 Milonis

179 512 562 582 consulatuS,
605 511 710 586 qui
739 511 882 571 vivo
914 510 1126 570 Clodio
1155 511 1509 572 labefactari
1538 529 1660 572 non
1708 521 1977 588 poterat,
2008 524 2248 577 mortuo

179 593 446 670 denique
478 594 752 668 temptari
785 601 1044 670 coeptus
1084 603 1198 655 est.
1282 595 1419 654 Non
1460 596 1646 656 modo
1677 594 1859 670 igitur
1889 597 2035 656 nihil
2064 600 2244 673 prod-

177 683 304 751 est,
357 677 472 738 sed
514 676 692 737 obest
734 676 913 738 etiam
942 675 1012 736 Ρ.-
1041 676 1236 737 clodii
1275 694 1445 738 mors
1484 677 1713 736 Miloni.
1810 679 1911 740 35.
1948 681 2034 740 At
2058 681 2250 742 valuit

180 759 406 834 odium,
438 757 582 820 fecit
613 758 822 834 iratuS,
852 760 995 820 fecit
1022 758 1323 832 inimicus»,
1348 761 1459 820 fuit
1482 760 1641 820 ultor
1662 759 1933 834 iniuriae,
1964 763 2250 836 poenitor

177 843 412 904 doloris
445 841 560 904 sui.
648 842 849 917 Quid?
883 841 939 903 si
966 842 1120 903 haec
1166 858 1290 902 non
1336 840 1475 901 dico
1497 841 1731 901 maiora
1761 844 2003 904 ruerunt
2026 844 2087 904 in
2114 846 2248 906 Clo·

175 925 278 986 dio
313 941 497 1000 quam
530 926 590 984 in
619 925 879 998 Milone,
919 925 1034 985 sed
1065 922 1128 984 in
1155 923 1261 984 illo
1296 922 1575 996 maxima,
1615 925 1781 985 nulla
1810 924 1870 984 in
1897 925 2061 986 hoc?
2100 927 2249 1002 quid

179 1009 358 1069 vultis
389 1005 696 1082 amplius?
725 1006 879 1079 Quid
908 1005 1068 1065 enim
1099 1004 1338 1066 odisset
1368 1006 1641 1067 Clodium
1672 1005 1839 1081 Milo,
1872 1017 2145 1082 segetem
2174 1025 2249 1070 ac

176 1091 484 1150 materiem
513 1105 664 1148 suae
691 1088 953 1162 gloriae,
984 1095 1227 1162 praeter
1257 1087 1375 1147 hoc
1407 1087 1586 1148 civile
1618 1087 1843 1165 odium,
1876 1107 2000 1164 quo
2032 1107 2247 1152 omnes

175 1171 493 1246 improbos
534 1170 820 1230 odimus?
859 1171 968 1230 Ille
1007 1177 1135 1229 erat
1162 1178 1229 1231 ut
1264 1169 1500 1231 odisset
1548 1172 1809 1250 primum
1854 1176 2247 1236 defensorem

176 1254 390 1316 salutis
413 1269 604 1324 meae,
638 1252 862 1313 deinde
893 1261 1245 1314 vexatorem
1276 1252 1517 1327 suroris,
1554 1254 1915 1316 domitorem
1944 1272 2248 1317 armorum

177 1353 456 1409 suorum,
503 1343 817 1412 postremo
848 1335 1028 1397 etiam
1059 1345 1482 1397 accusatorem
1510 1333 1721 1397 suum:
1764 1355 1911 1399 reus
1946 1341 2106 1400 enim
2136 1339 2241 1398 Mi-

178 1419 333 1481 'onis
363 1421 500 1495 lege
521 1419 713 1480 Plotia
735 1419 847 1480 suit
875 1417 1142 1492 Clodiae,
1175 1420 1380 1495 quoad
1404 1419 1572 1482 vixit.
1610 1420 1741 1494 Quo
1770 1422 2009 1483 tandem
2040 1422 2243 1483 animo

174 1503 292 1564 hoc
321 1511 644 1580 tyranuum
675 1502 840 1563 illum
871 1501 1088 1563 tulisse
1117 1501 1410 1563 creditis?
1442 1511 1733 1578 quantum
1763 1505 1968 1566 odium
1992 1504 2155 1566 illius
2187 1512 2241 1570 e!

172 1587 234 1645 in
257 1586 504 1646 homine
535 1586 758 1647 iniusto
792 1601 974 1661 quam
995 1585 1178 1646 etiam
1206 1586 1435 1646 iustum
1469 1586 1705 1647 fuisse?

295 1669 456 1727 XIV.
479 1667 580 1730 36.
604 1670 928 1742 Reliquum
962 1676 1059 1728 est
1086 1665 1299 1729 utiam
1326 1667 1495 1727 illum
1518 1676 1733 1728 natura
1757 1667 1958 1743 ipsius
1989 1683 2247 1730 consue-

175 1750 451 1824 tudoque
479 1750 796 1821 defendat,
821 1751 982 1809 hunc
1007 1758 1209 1810 autem
1238 1750 1393 1809 haec
1416 1750 1634 1809 eadem
1664 1757 2017 1824 coarguant.
2088 1750 2246 1810 Nihil

175 1847 286 1908 per
314 1831 436 1893 vim
460 1848 748 1906 umquam
776 1830 1055 1902 Gladim,
1097 1830 1303 1892 omnia
1343 1846 1457 1904 per
1482 1830 1605 1890 vim
1634 1830 1801 1890 Milo.
1888 1827 2083 1904 Quid?
2106 1845 2242 1906 ego,

172 1915 408 1976 iudices
433 1960 451 1990 ,
492 1932 679 1990 quum
735 1912 1144 1973 maerentibus
1190 1913 1368 1973 vobis
1426 1912 1579 1974 urbe
1627 1911 1818 1985 cessi,
1876 1911 2247 1976 iudiciumne

175 1996 387 2059 timui?
423 2013 545 2057 non
573 2012 820 2070 servos,
856 2012 979 2056 non
1005 2012 1202 2067 arma,
1247 2012 1368 2056 non
1398 1995 1563 2055 vim?
1594 1997 1761 2072 Quae
1805 1993 2023 2057 fuisset
2070 1996 2248 2070 igitur

172 2072 333 2141 iusta
379 2095 568 2139 causa
620 2077 978 2140 restituendi
1031 2076 1188 2150 mei,
1242 2077 1363 2138 nisi
1404 2079 1625 2140 fuisset
1660 2077 1883 2139 iniusta
1924 2077 2249 2139 eiiciendiv

57 2201 74 2208 -
152 2162 345 2224 Diem
373 2159 549 2235 mihi,
583 2163 797 2233 crede,
823 2160 1089 2234 dixerat,
1159 2163 1407 2222 multam
1438 2160 1752 2236 irrogarat,
1776 2160 2077 2221 actionem
2108 2176 2246 2236 per-

172 2244 501 2306 duellionis
525 2243 898 2318 intenderat,
939 2251 999 2306 et
1028 2241 1173 2303 mihi
1202 2242 1490 2305 videlicet
1514 2243 1573 2303 in
1605 2258 1796 2304 causa
1826 2251 1929 2304 aut
1958 2246 2114 2303 mala
2143 2253 2248 2306 aut

171 2343 328 2401 mea,
359 2344 480 2388 non
503 2337 565 2388 et
589 2325 1075 2402 praeclarissima
1100 2334 1160 2387 et
1190 2333 1413 2397 vestra,
1441 2324 1730 2386 iudicium
1759 2326 2091 2386 timendum
2116 2327 2245 2388 fuit.

172 2411 507 2472 Servorum
545 2418 607 2471 et
642 2409 946 2484 egentium
981 2408 1206 2469 civium
1235 2417 1295 2470 et
1320 2407 1807 2469 facinorosorum
1853 2407 2036 2469 armis
2072 2425 2245 2470 meos

171 2491 376 2568 civeS,
430 2492 584 2554 meis
635 2491 909 2553 consiliis
953 2491 1367 2566 periculisque
1408 2499 1718 2564 servatoS‚
1772 2507 1885 2566 pro
1925 2506 2023 2552 me
2064 2491 2245 2553 obiici

170 2575 359 2638 nolui.
403 2573 505 2638 37.
531 2575 676 2636 Vidi
707 2575 885 2648 enim,
921 2573 1049 2634 vidi
1075 2575 1239 2635 hunc
1267 2571 1468 2648 ipsum
1498 2574 1567 2647 Q.
1594 2573 2016 2646 Hortensium,
2043 2575 2243 2633 lumen

172 2667 234 2720 et
261 2667 680 2720 ornamentum
705 2658 798 2719 rei
820 2657 1131 2732 publicae,
1180 2672 1379 2732 paene
1402 2654 1661 2717 interfici
1693 2671 2011 2715 servorum
2041 2672 2241 2728 manu,

176 2758 364 2817 quum
408 2738 554 2801 mihi
589 2742 868 2801 adesset:
923 2757 1043 2814 qua
1089 2738 1148 2798 in
1187 2739 1363 2799 turba
1399 2737 1474 2797 Ο)
1488 2739 1787 2799 Vibienus
1826 2746 2105 2812 senator,
2150 2739 2245 2798 vir

173 2823 464 2899 optimus,
495 2838 632 2883 cum
653 2823 774 2882 hoc
801 2838 986 2896 quum
1010 2827 1180 2880 esset
1205 2836 1347 2893 una,
1376 2819 1459 2880 ita
1482 2827 1577 2882 est
1597 2821 1894 2880 mulcatus
1910 2864 1925 2892 ,
1972 2828 2039 2881 ut
2061 2821 2244 2882 vitam

173 2904 462 2967 amiserit.
549 2906 762 2978 Itaque
809 2904 1056 2978 quando
1085 2901 1247 2963 illius
1271 2909 1493 2977 postea
1522 2901 1651 2962 sica
1680 2900 1811 2975 illa,
1856 2917 2037 2977 quam
2068 2920 2106 2964 a
2136 2905 2241 2964 Ca-

174 2989 344 3051 tilina
372 2993 731 3064 acceperat,
772 2983 1166 3061 conquievit?
1207 2985 1375 3045 Haec
1415 2985 1703 3045 intentata
1745 2982 1923 3046 nobis
1955 2993 2079 3058 est,
2104 2984 2243 3046 huic

174 3088 292 3146 ego
333 3088 451 3133 vos
477 3070 658 3133 obiici
682 3085 793 3146 pro
823 3085 920 3128 me
943 3085 1066 3129 non
1099 3085 1235 3128 sum
1268 3083 1523 3143 passu8,
1570 3067 1724 3128 haec
1749 3066 2031 3128 insidiata
2071 3068 2243 3127 Pom-

173 3151 318 3228 peio
343 3163 455 3228 est,
487 3155 641 3216 haec
665 3154 841 3214 istam
864 3153 1143 3228 Appiam,
1191 3151 1629 3215 monimentum
1652 3148 1750 3212 sui
1781 3148 2063 3221 nominis,
2096 3163 2247 3209 nece

174 3235 396 3311 Papirii
433 3234 801 3309 cruentavit,
841 3233 1026 3309 haec,
1072 3235 1228 3296 haec
1269 3235 1483 3294 eadem
1524 3235 1709 3307 longo
1752 3231 2069 3292 intervallo
2102 3246 2245 3292 con-

179 3332 362 3378 versa
392 3334 607 3380 rursus
637 3325 732 3380 est
760 3317 820 3377 in
857 3333 982 3376 me:
1030 3333 1226 3394 nuper
1256 3317 1531 3392 quidem,
1560 3324 1626 3376 ut
1674 3313 1873 3384 scitis,
1918 3329 2015 3373 me
2044 3313 2123 3374 ad
2152 3329 2272 3374 re·-
