2459 3817
246 121 367 187 110
695 124 773 182 IN
802 123 865 182 C.
898 122 1224 183 VERREM
1249 122 1419 183 ACT.
1447 122 1520 183 ΙΙ.
1550 124 1694 182 LIB.
1725 124 1829 183 IV.

242 274 702 351 diligentissime
733 273 1003 349 perfecta
1040 280 1396 348 argumenta
1423 280 1594 333 erant
1631 272 1695 333 in
1724 270 1948 335 valvis=
1989 288 2064 333 ea
2104 274 2305 335 detra-

241 356 717 420 henda‘curavit
759 356 979 418 omnia.
1040 354 1339 430 Gorgonis
1381 372 1453 417 os
1499 354 1997 431 pulcherrimum,
2041 354 2305 418 cinctum

242 440 576 517 anguibus,
620 440 858 501 revellit
883 448 1071 513 atque
1100 436 1374 499 abstulit=
1419 446 1480 498 et.
1515 446 1711 499 tamen
1739 437 2032 499 indicavit
2069 456 2140 501 se
2179 457 2305 501 non

243 526 442 586 solum
470 522 757 595 artificio,
795 524 907 585 sed
936 522 1113 584 etiam
1142 522 1340 597 pretio
1387 530 1771 597 quaestuque
1799 522 1958 581 duci.
1995 522 2146 582 Nam
2173 524 2306 583 bul-

243 608 335 670 las
364 622 582 668 aureas
612 622 825 667 omnes
860 621 939 665 ex
966 604 1043 665 iis
1071 604 1300 678 valvis,
1341 621 1500 679 quae
1527 613 1698 669 erant
1725 606 1946 667 multae
1975 612 2035 665 et
2062 621 2302 679 ἔτεινας,
2333 616 2336 621 ·

242 707 367 751 non
413 687 708 750 dubitavit
742 689 1003 749 auferret
1058 704 1312 763 quarum
1355 686 1472 747 iste
1503 703 1626 748 non
1656 704 1842 763 opere
1871 688 2306 762 delectabatur,

244 774 359 833 sed
389 772 683 848 pondere.
741 772 765 831 Ι
772 780 955 846 taque
984 769 1119 831 eius
1144 769 1310 831 modi
1331 771 1545 831 valvas
1567 768 1830 845 reliquit,
1858 778 1941 844 ut,
1971 787 2131 844 quae
2161 772 2304 831 olim

243 857 327 915 ad
366 856 704 917 ornandum
744 855 1033 929 templum
1076 862 1248 915 erant
1287 852 1580 925 maxime,
1621 869 1784 913 nunc
1813 860 2040 914 tantum
2069 855 2150 913 ad
2179 856 2306 915 clu-

244 938 511 998 dendum
534 939 729 999 factae
758 953 901 997 esse
926 935 1284 997 videantur.⁷
1333 934 1476 997 125.
1533 935 1812 998 Etiamne
1827 934 2171 1011 gramineas
2199 936 2306 995 ha-

244 1029 372 1082 stas
415 1054 501 1067 —
540 1020 667 1081 vidi
711 1020 871 1080 enim
912 1035 1029 1080 vos
1057 1018 1119 1080 in
1148 1020 1270 1081 hoc
1297 1018 1570 1092 nomine,
1621 1036 1809 1094 quum
1841 1017 2014 1079 testis
2055 1017 2303 1091 diceret,

245 1103 635 1178 commoveri,
658 1102 829 1175 quod
858 1110 1035 1163 erant
1062 1106 1195 1165 eius
1228 1103 1416 1177 modi,
1441 1111 1510 1163 ut
1535 1102 1729 1162 semel
1761 1100 1995 1161 vidisse
2025 1101 2176 1163 satis
2207 1118 2298 1163 es·

245 1182 365 1248 s‘et=
411 1185 473 1245 in
506 1185 727 1261 quibus
769 1200 969 1261 neque
1002 1200 1187 1245 manu
1220 1186 1443 1247 factum
1478 1183 1812 1259 quidquam
1839 1200 2042 1259 neque
2085 1186 2304 1259 pulcri-

242 1270 389 1330 tudo
418 1277 549 1329 erat
576 1270 718 1341 ulla,
748 1268 863 1328 sed
882 1276 1111 1329 tantum
1143 1266 1494 1341 magnitudo
1527 1264 1922 1341 incredibiliS,
1952 1268 2029 1327 de
2059 1284 2182 1343 qua
2205 1269 2305 1327 vel

244 1352 457 1412 audire
490 1351 641 1411 satis
672 1360 871 1424 esset,
912 1349 1161 1410 nimium
1205 1350 1415 1410 videre
1458 1351 1599 1425 plus
1623 1366 1803 1425 quam
1835 1351 2055 1411 semel=
2089 1348 2295 1409 etiam-

244 1451 323 1493 ne
355 1433 418 1493 id
450 1432 837 1509 concupisti?

412 1516 592 1575 LVII.
652 1514 793 1577 126.
855 1515 1005 1575 Nam
1058 1514 1342 1589 Sappho,
1397 1530 1555 1589 quae
1599 1516 1838 1577 sublata
1889 1516 1970 1575 de
2021 1513 2300 1591 prytanio

244 1606 367 1670 est,
415 1600 520 1659 dat
556 1597 659 1659 tibi
705 1597 925 1660 iustam
966 1597 1458 1672 exeusationem,
1496 1615 1693 1675 prope
1737 1607 1805 1660 ut
1845 1598 2306 1660 concedendum

244 1691 427 1758 atque
457 1681 903 1757 ignoscendum
931 1697 1075 1741 esse
1103 1680 1398 1741 videatur.
1473 1680 1804 1743 Silanionis
1833 1698 1992 1755 opus
2019 1688 2142 1741 tam
2169 1696 2282 1755 per

244 1766 500 1839 fectum,
542 1772 661 1825 tam
705 1766 986 1839 elegans,
1028 1772 1151 1825 tam
1190 1764 1566 1825 elaboratum
1612 1763 1934 1840 quisquam
1963 1780 2090 1824 non
2119 1764 2306 1825 modo

242 1848 549 1923 privatuS,
578 1848 692 1908 sed
720 1849 989 1922 populus
1020 1846 1227 1921 potius
1261 1846 1514 1907 haberet
1541 1864 1726 1922 quam
1763 1848 1946 1908 homo
1983 1846 2305 1921 elegantis-

244 1930 437 1991 simus
492 1938 676 2004 atque
728 1928 1207 2004 eruditissimuS,
1256 1931 1526 1990 Verres?
1582 1929 1872 1990 Nimirum
1922 1937 2134 1991 contra
2187 1928 2308 1989 dici

242 2011 391 2072 nihil
438 2020 661 2085 potest.
723 2013 1009 2073 Nostrum
1064 2013 1225 2073 enim
1277 2030 1440 2073 unus
1492 2013 1756 2088 quisque
1805 2012 1908 2089 qui
1957 2020 2078 2073 tam
2125 2010 2303 2083 beati,

246 2111 427 2170 quam
455 2094 573 2156 iste
602 2102 715 2169 est,
748 2111 872 2155 non
896 2112 1140 2169 sumuS,
1181 2103 1305 2157 tam
1338 2094 1582 2156 delicati
1612 2112 1754 2157 esse
1787 2113 1912 2157 non
1944 2111 2304 2171 possumus=

245 2178 299 2240 si
330 2178 575 2253 quando
605 2176 839 2251 aliquid
866 2176 1044 2239 istius
1074 2179 1240 2240 modi
1273 2177 1482 2239 videre
1511 2180 1703 2253 volet,
1733 2187 1832 2239 eat.
1855 2180 1934 2239 ad
1964 2178 2180 2238 aedem
2195 2176 2306 2237 Fe·

240 2259 515 2335 licitatiS,
568 2261 649 2321 ad
696 2266 1149 2323 monumentum
1194 2261 1415 2335 Catuli,
1464 2263 1524 2320 in
1571 2261 1872 2337 porticum
1903 2260 2160 2321 Metelli=
2205 2260 2308 2319 det

244 2360 497 2419 operam
535 2352 604 2405 ut
629 2344 971 2406 admittatur
1010 2344 1069 2404 in
1099 2343 1358 2406 alicuius
1400 2345 1658 2406 istorum
1685 2345 2121 2405 Tusculanum=
2165 2358 2305 2417 spe-

244 2434 365 2487 ctet
392 2428 591 2487 forum
621 2435 916 2501 ornatum,
948 2426 1002 2487 si
1028 2429 1177 2503 quid
1204 2428 1322 2489 iste
1352 2444 1602 2490 suorum
1630 2427 1930 2489 aedilibus
1955 2426 2308 2488 commoda-

240 2508 348 2570 ritz
406 2511 634 2569 Verres
676 2510 829 2569 haee
862 2510 1087 2572 habeat
1126 2512 1322 2585 domi,
1351 2512 1578 2572 Verres
1615 2511 1985 2571 ornamentis
2027 2511 2306 2569 fanorum

242 2601 429 2667 atque
477 2591 845 2667 oppidorum
885 2593 1108 2654 habeat
1159 2595 1402 2667 plenam
1456 2596 1738 2669 domum,
1790 2593 1968 2654 villas
2007 2594 2307 2652 refertas?

241 2673 517 2735 Etiamne
558 2674 738 2737 huius
783 2677 1046 2751 operarii
1092 2675 1294 2737 studia
1321 2691 1394 2735 ac
1427 2676 1710 2751 deliciaS,
1740 2677 2006 2750 iudieeS,
2040 2676 2308 2750 perfere-

242 2758 362 2819 tis?
411 2756 516 2833 qui
557 2758 639 2819 ita
678 2766 887 2832 natus,
938 2760 1020 2819 ita
1067 2759 1364 2819 educatus
1402 2766 1526 2831 est,
1567 2757 1652 2819 ita
1687 2761 1882 2820 faetus
1925 2766 1987 2819 et
2015 2758 2216 2817 animo
2247 2764 2310 2815 et

243 2857 534 2915 corpore,
574 2851 641 2904 ut
672 2844 857 2903 multo
888 2838 1230 2917 appositior
1259 2840 1337 2901 ad
1373 2841 1624 2901 ferenda
1653 2858 1836 2917 quam
1868 2843 1948 2901 ad
1973 2838 2310 2901 auferenda

240 2923 416 3000 signa
444 2942 583 2986 esse
604 2924 900 3006 videatur.
963 2921 1104 2984 127.
1159 2925 1366 2998 Atque
1394 2924 1546 2983 haee
1571 2924 1822 2999 Sappho
1847 2924 2086 2985 sublata
2115 2938 2309 2997 quan-

238 3015 366 3069 tum
416 3006 787 3069 desiderium
834 3004 931 3066 sui
976 3005 1290 3081 reliquerit
1331 3006 1452 3066 dici
1491 3006 1598 3067 vix
1638 3015 1862 3081 potest.
1922 3007 2074 3065 Nam
2095 3077 2097 3079 ,
2120 3020 2307 3079 quum

240 3089 379 3166 ipsa
418 3090 529 3152 fuit
568 3088 812 3163 egregie
859 3089 1019 3149 facta
1057 3096 1179 3149 tum
1222 3089 1594 3165 epigramma
1637 3090 1935 3151 Graecum
1987 3086 2308 3164 pernobile

240 3171 501 3233 incisum
530 3174 709 3232 estin
746 3170 911 3231 basi:
958 3173 1126 3246 quod
1165 3172 1280 3233 iste
1323 3172 1596 3235 eruditus
1635 3173 1824 3234 horno
1861 3180 1923 3233 et
1950 3170 2306 3240 Graeculus,

244 3254 350 3331 qui
386 3255 541 3317 haec
571 3252 867 3314 subtiliter
899 3254 1156 3329 iudicat,
1200 3254 1306 3332 qui
1336 3256 1504 3319 solus
1533 3254 1838 3331 intelligit,
1891 3254 1947 3315 si
1989 3270 2172 3315 unam
2212 3251 2310 3327 lit-

241 3347 434 3400 teram
468 3342 763 3401 Graecam
807 3340 1061 3415 scisset,
1109 3348 1274 3402 certe
1313 3359 1435 3403 una
1474 3342 1849 3409 sustulisset.¹
1920 3342 2094 3403 Nunc
2126 3336 2314 3423 enim,

2184 3482 2206 3563 f

2179 3592 2199 3687 :³
