2459 3817
270 90 392 155 160
716 93 866 154 PRO
898 93 964 152 Τ.
993 94 1227 153 ANNIO
1256 93 1548 154 MILONE
1578 93 1880 156 ORATIO.

265 261 412 306 esse
457 253 654 306 tamen
698 241 818 302 illis
863 240 1140 304 meritum
1181 245 1517 318 praemium
1558 246 1955 320 persolutum.
2052 241 2157 306 59.
2208 246 2331 310 Sed

266 326 659 404 quaestiones
688 335 906 400 urgent
929 323 1238 400 Milonem,
1262 343 1423 402 quae
1450 334 1593 388 sunt
1618 325 1861 388 habitae
1892 343 2055 388 nunc
2082 328 2145 387 in
2178 329 2332 391 atrio

263 410 604 472 Libertatis.
655 407 1028 483 Quibusnam
1061 409 1140 469 de
1173 409 1421 470 servis?
1444 417 1675 485 rogas?
1699 411 1779 471 de
1806 411 1873 469 P.
1898 410 2114 472 clodii.
2186 411 2331 486 Quis

263 510 375 555 eos
403 490 778 568 postulavitv
826 489 1091 567 Appius.
1137 491 1285 564 Quis
1317 492 1647 568 produxit?
1675 493 1955 568 Appius.
2003 493 2231 554 Unde?
2256 496 2331 556 ab

267 576 489 652 Appio.
513 574 588 634 Di
612 573 791 634 bonit
816 572 962 649 quid
985 582 1192 649 potest
1212 574 1312 649 agi
1336 575 1661 636 severius?
1688 577 1779 637 De
1800 574 2001 638 servis
2015 576 2183 638 nulla
2198 579 2332 653 lege

265 656 548 732 quaestio
579 655 759 717 estin
789 655 1101 718 dominum
1135 655 1257 718 nisi
1287 658 1366 719 de
1394 657 1663 730 incestu,
1707 667 1776 718 ut
1805 658 1917 720 fuit
1940 659 2002 719 in
2033 658 2327 722 Clodium

259 739 546 801 Proxime
577 739 732 800 deos
759 739 1027 801 accessit
1058 739 1327 815 Clodius,
1361 739 1619 816 propius
1650 757 1833 816 quam
1863 750 2005 814 tum,
2039 759 2232 817 quum
2252 744 2330 802 ad

259 823 438 899 ipsos
481 830 859 898 penetrarat,
900 822 1076 883 cuius
1123 823 1202 882 de
1243 831 1437 884 morte
1472 831 1779 898 tamquam
1822 823 1901 886 de
1941 825 2327 886 caerimoniis

264 904 506 968 violatis
545 906 873 980 quaeritur.
959 904 1086 966 Sed
1133 913 1335 966 tamen
1379 905 1645 968 maiores
1686 903 1879 968 nostri
1910 905 1975 967 in
2019 907 2326 970 dominum
2445 945 2446 948 =

267 990 348 1051 de
377 1006 564 1050 servo
591 991 806 1066 quaeri
829 994 1176 1062 noluerunt,
1207 1008 1335 1054 non
1364 991 1509 1068 quia
1537 1008 1661 1053 non
1680 999 1900 1066 posset
1918 1005 2135 1050 verum
2155 991 2319 1047 inve·

265 1071 398 1144 niri,
435 1074 551 1134 sed
588 1073 732 1149 quia
753 1073 1082 1136 videbatur
1101 1075 1420 1152 indignum
1444 1090 1589 1136 esse
1614 1083 1677 1136 et
1695 1074 1929 1136 vdomini
1952 1079 2155 1134 morte
2184 1071 2318 1146 ipsa

259 1155 510 1218 tristius.
595 1155 664 1213 In
693 1169 864 1214 reum
893 1153 972 1214 de
999 1169 1184 1214 servo
1213 1154 1593 1213 accusatoris
1623 1169 1809 1228 quum
1840 1152 2180 1226 quaeritur,
2222 1168 2323 1213 ve·

259 1255 390 1299 rum
407 1235 666 1297 inveniri
690 1243 934 1311 potest?
956 1234 1061 1298 60.
1094 1240 1230 1310 Age
1262 1251 1428 1309 vero,
1452 1251 1611 1310 quae
1640 1243 1771 1296 erat
1796 1243 1902 1296 aut
1920 1233 2118 1308 qualis
2140 1249 2325 1309 quae·
2445 1257 2446 1264 ι

259 1321 419 1381 ειίοἳ
445 1321 615 1379 Heus
643 1326 726 1392 tu,
753 1319 955 1392 Rufio,
984 1317 1160 1378 verbi
1179 1333 1387 1390 causa,
1420 1333 1572 1378 cave
1594 1319 1683 1378 sis
1704 1316 2031 1379 mentiaris.
2078 1317 2325 1382 Clodius

262 1401 522 1464 insidias
551 1400 698 1462 fecit
721 1400 978 1460 Miloni?
1001 1399 1186 1460 Fecit.
1233 1401 1411 1462 Certa
1437 1417 1608 1465 crux.
1646 1401 1855 1461 Nullas
1878 1399 2039 1462 fecit.
2071 1399 2326 1475 Sperata

258 1485 527 1546 libertas.
616 1482 771 1556 Quid
811 1483 928 1543 hac
974 1481 1337 1559 quaestione
1394 1483 1663 1545 certiust
1702 1483 1918 1544 Subito
1973 1483 2215 1558 abrepti
2266 1483 2325 1544 in
2445 1481 2446 1536 ἐ

131 1577 140 1581 “
260 1566 683 1644 quaestionem
725 1574 926 1628 tamen
975 1573 1341 1641 separantur
1402 1584 1444 1629 a
1498 1566 1721 1628 ceteris
1747 1565 1897 1628 etin
1924 1583 2102 1628 arcas
2138 1565 2316 1627 conii·

259 1651 527 1723 ciuntur,
567 1666 644 1710 ne
692 1648 832 1726 quis
879 1665 1017 1711 cum
1054 1648 1132 1710 iis
1179 1649 1453 1726 colloqui
1493 1651 1713 1725 possit.
1796 1651 1873 1710 Hi
1920 1657 2165 1710 centum
2193 1649 2319 1711 dies

257 1751 450 1810 penes
491 1743 913 1795 accusatorem
970 1749 1157 1809 quum
1209 1731 1501 1806 ruissent,
1542 1734 1621 1794 ab
1662 1749 1739 1795 eo
1784 1733 1925 1808 ipso
1965 1739 2321 1794 accusatore

259 1815 542 1893 producti
583 1825 742 1879 sunt.
844 1815 1000 1891 Quid
1037 1816 1154 1876 hac
1199 1815 1561 1891 quaestione
1603 1815 1725 1878 dici
1763 1823 1967 1891 potest
2012 1814 2319 1890 integrius,

260 1901 403 1976 quid
440 1899 895 1975 incorruptius?

377 1984 590 2044 xxm.
617 1981 720 2044 61.
754 1982 930 2056 Quod
959 1981 1014 2042 si
1042 1984 1315 2044 nondum
1344 1980 1495 2044 satis
1524 1980 1802 2057 cernitis,
1848 1998 2034 2058 quum
2059 1995 2165 2042 res
2192 1981 2331 2057 ipsa
2445 1963 2446 2018 ἶ

261 2073 486 2128 tottam
515 2065 696 2126 claris
719 2064 1092 2140 arg-umentis
1124 2064 1445 2140 signisque
1480 2067 1698 2139 luceat,
1730 2082 1887 2141 pura
1912 2072 2113 2126 mente
2142 2074 2329 2139 atque
2445 2133 2446 2136 Ἴ

263 2149 496 2224 integra
524 2147 830 2218 Milonem,
863 2149 1029 2210 nullo
1059 2151 1299 2210 scelere
1320 2148 1629 2221 imbutum,
1654 2149 1820 2208 nullo
1846 2156 2009 2208 metu
2043 2145 2326 2221 perterri-

259 2240 404 2303 tum,
441 2231 605 2292 nulla
619 2231 1004 2293 ‘conscientia
1031 2231 1438 2293 exanimatum
1458 2233 1715 2292 Romam
1743 2230 2091 2303 revertisse,
2121 2245 2325 2290 recor·

263 2312 516 2388 damini,
568 2330 680 2389 per
717 2315 872 2374 deos
909 2315 1311 2375 immortales!
1358 2331 1516 2389 quae
1556 2313 1735 2375 fuerit
1772 2314 2050 2374 celeritas
2090 2311 2329 2374 reditus
2412 2317 2415 2322 '
2445 2291 2446 2344 3

258 2395 422 2468 eius,
465 2395 569 2470 qui
599 2397 915 2471 ingressus
945 2396 1006 2456 in
1037 2399 1237 2458 rorum
1264 2398 1515 2457 ardente
1544 2395 1745 2470 curia,
1788 2413 1945 2471 quae
1972 2393 2328 2469 magnitudo

261 2477 458 2551 animi,
494 2477 598 2553 qui
621 2481 842 2549 νιιιιιιε,
875 2495 1037 2554 quae
1068 2479 1282 2543 oratio.
1326 2480 1539 2554 Neque
1566 2495 1715 2540 vero
1750 2493 1821 2540 se
1846 2479 2077 2555 populo
2109 2478 2330 2550 solum,

261 2562 372 2622 sed
396 2560 576 2623 etiam
611 2561 850 2624 senatui
885 2561 1214 2635 commisit,
1252 2577 1455 2638 neque
1486 2560 1725 2624 senatui
1757 2562 1971 2635 modo,
2002 2561 2120 2621 sed
2147 2559 2332 2620 etiam

263 2643 522 2720 publicis
554 2644 876 2720 praesidiis
905 2652 967 2705 et
993 2643 1206 2716 armiS,
1252 2660 1453 2721 neque
1474 2645 1570 2705 his
1598 2652 1855 2717 tantum,
1902 2661 2111 2704 verum
2146 2642 2330 2704 etiam

261 2727 394 2788 eius
423 2728 738 2804 potestati,
768 2727 866 2788 cui
895 2735 1148 2806 senatus
1175 2734 1361 2788 totam
1390 2744 1517 2788 rem
1548 2727 1884 2803 publicam,
1936 2741 2180 2789 omnem
2210 2725 2326 2786 Ita·
2445 2763 2446 2766 =

261 2810 380 2870 liae
407 2810 665 2886 pubem,
713 2818 934 2872 cuncta
977 2810 1194 2885 populi
1239 2811 1499 2872 Romani
1544 2827 1711 2871 arma
1752 2809 2169 2872 commiserat=
2231 2807 2331 2869 cui

260 2909 590 2969 numquam
623 2910 694 2954 se
721 2894 822 2954 hic
857 2895 1131 2968 profecto
1153 2893 1539 2965 tradidisset,
1591 2893 1710 2955 nisi
1742 2911 1969 2955 causae
1997 2906 2152 2953 suae
2182 2907 2331 2952 con·
2445 2897 2446 2900 ’

261 2976 504 3052 fideret,
550 2978 908 3051 praesertim
950 2976 1152 3038 omnia
1181 2977 1477 3048 audienti,
1526 2992 1743 3052 magna
1771 2975 2092 3047 metuenti,
2142 2974 2334 3034 multa

261 3059 628 3134 suspicanti,
657 3076 779 3120 non
815 3060 982 3120 nulla
1015 3059 1307 3121 credenti.
1392 3061 1613 3134 Magna
1644 3058 1739 3120 vis
1772 3067 1866 3120 est
1894 3057 2332 3151 conscientiae,

260 3142 515 3217 iudices,
547 3151 608 3203 et
637 3157 855 3216 magna
885 3140 946 3199 in
983 3149 1303 3217 utramque
1333 3151 1584 3218 partem,
1615 3150 1681 3204 ut
1707 3159 1910 3218 neque
1938 3142 2193 3202 timeant
2226 3133 2335 3214 qui

261 3224 405 3284 nihil
430 3223 841 3285 commiserint
859 3230 922 3283 et
948 3239 1209 3296 poenam
1225 3241 1470 3300 semper
1481 3233 1625 3286 ante
1638 3226 1855 3290 oculos
1871 3224 2099 3286 versari
2114 3230 2335 3298 putent

265 3306 368 3377 qui
396 3305 723 3381 peccarint.
807 3305 910 3367 62.
940 3305 1154 3379 Neque
1179 3323 1329 3368 vero
1361 3306 1495 3368 sine
1529 3306 1765 3368 ratione
1798 3315 1963 3369 certa
1992 3321 2188 3367 causa
2218 3302 2327 3363 Mi

1482 3574 1551 3636 1.
