2459 3817
777 150 943 215 cAP.
973 160 1240 217 24—26.
1279 158 1334 219 S.
1364 156 1628 215 58--68-
2123 162 2241 227 241

178 306 431 369 domum
456 302 563 367 ubi
600 303 897 367 habitaret
925 306 1173 379 legerat.
1257 301 1413 378 Quid
1442 319 1558 379 ego
1589 301 1764 368 istius
1789 305 2050 379 decreta,
2089 304 2240 381 quid

178 389 459 466 rapinas,
502 388 651 463 quid
678 386 1077 451 hereditatum
1105 388 1540 463 possessiones
1573 387 1781 462 datas,
1815 387 1962 464 quid
1995 397 2238 463 ereptas

176 473 525 549 proferam
562 472 834 546 cogebat
871 477 1147 545 egestas:
1191 485 1316 545 quo
1355 486 1427 531 se
1477 478 1738 533 verteret
1783 488 1906 533 non
1943 470 2235 531 habebat=

176 556 449 617 nondum
486 556 545 615 ei
585 561 753 615 tanta
790 570 828 613 a
857 553 923 613 L.
953 552 1215 626 Rubrio,
1263 568 1386 614 non
1436 569 1474 613 a
1498 553 1566 613 L.
1607 554 1884 617 Turselio
1928 552 2237 615 hereditas

176 645 456 699 venerat:
497 636 768 697 nondum
808 636 869 696 in
913 636 1018 697 Cn.
1047 634 1318 712 Pompeii
1359 636 1560 699 locum
1597 639 2044 715 multorumque
2085 635 2236 697 alio·

175 733 341 791 rum,
396 717 501 795 qui
544 720 827 791 aberant,
865 718 1221 795 repentinus
1274 718 1456 779 heres
1495 729 1901 782 successerat.
1996 720 2142 782 Erat
2179 719 2237 779 ei

180 801 505 863 vivendum
542 803 835 864 latronum
862 802 1007 875 ritu,
1039 809 1105 863 ut
1132 808 1361 862 tantum
1383 799 1661 874 haberet,
1699 811 1988 877 quantum
2017 817 2236 879 rapere

176 884 501 961 potuisset.

293 966 396 1028 63.
434 968 559 1029 Sed
580 969 761 1041 haec,
796 982 954 1042 quae
975 963 1342 1028 robustioris
1371 964 1770 1043 improbitatis
1799 974 1971 1038 sunt,
2001 964 2234 1027 omitta-

173 1065 344 1111 musz
390 1052 713 1124 loquamur
745 1049 951 1125 potius
984 1049 1064 1110 de
1090 1048 1472 1125 nequissimo
1515 1064 1740 1124 genere
1785 1048 2066 1111 levitatis.
2148 1048 2239 1111 Tu

174 1132 311 1193 istis
346 1132 655 1205 faucibuS,
686 1132 819 1194 istis
846 1131 1168 1206 lateribus„
1208 1130 1328 1193 ista
1353 1131 1709 1207 gladiatoria
1735 1131 1923 1193 totius
1959 1131 2238 1209 corporis

174 1215 455 1277 firmitate
503 1222 731 1276 tantum
777 1211 899 1275 vini
949 1213 1009 1273 in
1039 1212 1306 1289 Hippiae
1336 1214 1563 1290 nuptiis
1596 1215 2002 1287 exhauseras,
2031 1222 2101 1275 ut
2128 1213 2239 1275 tibi

174 1313 438 1359 necesse
464 1306 634 1359 esset
658 1296 720 1357 in
756 1295 968 1371 populi
992 1295 1255 1358 Romani
1281 1306 1617 1374 conspectu
1644 1313 1893 1360 vomere
1921 1297 2238 1373 postridie.

174 1379 227 1440 0
270 1395 400 1441 rem
440 1393 568 1441 non
607 1380 792 1443 modo
828 1378 967 1441 visu
1006 1379 1282 1453 foedam,
1323 1382 1437 1443 sed
1477 1380 1656 1445 etiam
1690 1381 1931 1444 auditu!
1977 1378 2044 1442 Si
2082 1380 2240 1443 inter

172 1476 390 1522 cenam
430 1460 493 1523 in
534 1460 692 1538 ipsis
736 1460 859 1527 tuis
883 1461 1250 1525 immanibus
1279 1463 1398 1527 illis
1425 1466 1667 1541 poculis
1695 1464 1816 1527 hoc
1841 1464 1950 1528 tibi
1977 1464 2236 1527 accidis·

173 1554 301 1617 set,
346 1545 487 1622 quis
528 1564 649 1609 non
694 1555 873 1623 turpe
920 1548 1216 1611 duceret!
1253 1549 1318 1608 In
1351 1556 1534 1612 coetu
1559 1564 1706 1610 vero
1737 1548 1953 1625 populi
1980 1544 2239 1611 Romani

174 1628 489 1701 negotium
544 1630 853 1704 publicum
893 1646 1145 1704 gerens,
1182 1631 1474 1705 magister
1516 1632 1784 1707 equiturn
1801 1676 1816 1702 ,
1861 1632 1959 1691 cui
1999 1640 2240 1693 ructare

174 1720 357 1783 turpe
386 1720 582 1782 esset,
610 1712 665 1770 is
690 1724 949 1773 vomens
980 1712 1192 1771 frustis
1223 1712 1556 1774 esculentis
1584 1715 1789 1773 vinum
1821 1711 2238 1774 redolentibus

174 1791 469 1865 gremium
500 1807 679 1853 suum
708 1800 768 1853 et
794 1800 983 1853 totum
1016 1793 1279 1853 tribunal
1312 1793 1602 1868 implevit.
1653 1796 1778 1858 Sed
1801 1795 1960 1856 haee
1991 1792 2130 1870 ipse
2151 1795 2232 1855 ta-

174 1882 335 1936 tetur
355 1888 496 1935 esse
527 1874 589 1935 in
610 1872 743 1935 suis
773 1873 1091 1935 sordibusx
1116 1874 1436 1939 veniamus
1463 1877 1546 1937 ad
1573 1874 2012 1951 splendidiora.

302 1956 515 2019 XXVI.
546 1955 652 2020 64.
692 1956 919 2017 Caesar
956 1958 1346 2019 Alexandrea
1385 1958 1760 2035 sexrecepit,
1810 1957 1986 2031 felix,
2029 1966 2096 2019 ut
2123 1957 2241 2021 sibi

174 2040 425 2117 quidem
458 2039 805 2103 videbatur=
840 2054 977 2101 mea
1010 2045 1209 2101 autem
1243 2041 1560 2119 sententia,
1590 2041 1696 2118 qui
1723 2040 1812 2103 rei
1842 2040 2122 2116 publicae
2159 2042 2242 2103 sit

178 2122 411 2195 hostis,
446 2122 593 2186 felix
638 2138 781 2185 esse
808 2138 987 2184 nemo
1025 2130 1246 2197 potest.
1331 2125 1522 2186 Hasta
1563 2125 1763 2199 posita
1790 2141 1903 2200 pro
1940 2123 2097 2184 aede
2139 2123 2236 2185 lo-

176 2208 275 2267 vis
306 2205 565 2269 Statoris
603 2206 767 2269 bona
790 2206 895 2267 Cn.
915 2204 1187 2280 Pompeii
1228 2240 1312 2253 --
1351 2207 1636 2269 miserum
1678 2216 1807 2269 mel
1857 2208 2239 2283 consumptis

176 2288 339 2351 enim
367 2289 631 2351 lacrimis
659 2297 857 2350 tamen
896 2287 1123 2349 infixus
1147 2289 1357 2351 haeret
1383 2288 1584 2351 animo
1620 2292 1798 2353 dolor
1819 2322 1906 2336 -·-—
1933 2291 2115 2365 bona,
2147 2288 2238 2349 in·

177 2386 393 2447 quam,
442 2372 548 2433 Cn.
575 2370 849 2446 Pompeii
881 2370 1085 2447 Magni
1128 2374 1270 2434 voci
1301 2372 1733 2435 acerbissimae
1759 2372 2034 2436 subiecta
2064 2388 2239 2447 prae-

174 2452 375 2516 conis.
459 2455 597 2516 Una
639 2454 701 2514 in
740 2454 844 2515 illa
887 2469 957 2514 re
985 2453 1297 2517 servitutis
1331 2455 1516 2517 oblita
1549 2456 1765 2520 civitas
1787 2454 2080 2533 ingemuit
2109 2470 2239 2516 ser-

175 2536 609 2613 vientibusque
638 2536 887 2611 animis,
918 2552 1103 2612 quum
1134 2537 1336 2600 omnia
1365 2549 1530 2602 metu
1557 2548 1935 2612 tenerentur,
1975 2536 2238 2614 gemitus

172 2628 376 2682 tamen
423 2620 637 2697 populi
675 2621 931 2683 Romani
974 2620 1125 2681 liber
1166 2621 1294 2683 ruit
1388 2622 1901 2699 Exspectantibus
1955 2618 2238 2679 omnibus

176 2702 462 2775 quisnam
500 2712 669 2764 esset
694 2712 812 2765 tam
840 2702 1084 2778 impius,
1112 2711 1233 2765 tam
1267 2706 1552 2777 demam,
1581 2712 1706 2766 tam
1735 2703 1830 2764 dis
1864 2698 2239 2762 hominibus·

176 2796 302 2859 que
330 2782 557 2856 hostis,
599 2785 707 2859 qui
744 2787 823 2846 ad
861 2785 1010 2846 illud
1053 2788 1258 2847 scelus
1295 2786 1586 2850 sectionis
1625 2786 1883 2847 auderet
1918 2783 2236 2855 accedere,

173 2866 463 2928 inventus
502 2874 599 2926 est
642 2882 820 2927 nemo
863 2873 1103 2941 praeter
1123 2867 1484 2941 Antonium,
1523 2868 1875 2942 praesertim
1922 2882 2108 2943 quum
2149 2874 2240 2928 tot

174 2956 390 3011 essent
417 2947 645 3009 circum
673 2948 913 3009 hastam
934 2948 1132 3023 illam,
1174 2948 1281 3024 qui
1309 2949 1430 3010 alia
1459 2949 1662 3012 omnia
1707 2950 2031 3013 auderent·
2075 2964 2236 3011 unus

178 3033 467 3093 inventus
500 3032 726 3105 estqui
756 3030 819 3092 id
849 3032 1132 3103 auderet,
1178 3033 1348 3108 quod
1378 3033 1644 3110 omnium
1675 3032 1933 3111 fugisset
1957 3043 2020 3096 et
2045 3035 2237 3095 refor-

176 3112 473 3177 midasset
503 3110 779 3177 audacia.
852 3113 955 3177 65.
977 3114 1203 3176 Tantus
1232 3113 1412 3190 igitur
1438 3124 1498 3179 te
1529 3126 1742 3195 stupor
1774 3117 2089 3194 oppressit
2117 3115 2236 3187 vel,

138 3268 141 3271 ⁴
176 3203 247 3257 ut
274 3196 478 3259 verius
507 3196 737 3271 dicam,
777 3205 981 3259 tantus
1024 3197 1220 3273 furor,
1250 3208 1318 3261 ut
1344 3200 1635 3276 primum,
1671 3216 1858 3277 quum
1898 3206 2104 3261 sector
2145 3195 2236 3259 sis

176 3277 299 3339 isto
335 3281 473 3343 loco
516 3289 724 3353 natus,
772 3281 993 3344 deinde
1022 3299 1206 3360 quum
1246 3283 1515 3359 Pompeii
1543 3292 1774 3357 sector,
1813 3297 1936 3344 non
1966 3289 2025 3343 te
2055 3294 2233 3341 exse·

174 3368 407 3424 eratum
451 3364 679 3440 populo
702 3326 1020 3507 ἒοωειῐιο,
1063 3380 1187 3429 non
1227 3366 1672 3443 detestabilem,
1702 3380 1834 3507 ἰιὲιι
1873 3380 2084 3428 omnes
2123 3356 2231 3427 tibi

300 3460 425 3507 010.
472 3463 659 3507 ουτ.
776 3490 793 3508 .
2038 3498 2084 3513 u
