2459 3817
204 188 327 253 102
384 195 387 197 ’
660 192 741 251 ΙΝ
770 190 833 249 C.
866 178 1193 249 VERREM
1221 186 1390 246 ACT.
1427 187 1510 287 11..
1532 185 1676 245 LIB.
1709 188 1815 253 lv.

209 344 360 407 fani=
387 344 465 403 de
490 356 612 417 qua
634 339 839 415 priore
862 338 1103 400 actione
1125 345 1315 397 testes
1331 336 1536 397 dicere
1557 333 1850 398 audistise
1875 356 2035 400 nunc
2055 342 2264 403 eadem

206 428 340 498 illa,
375 440 641 500 quaese,
672 421 876 483 audite
908 428 969 481 et
1002 419 1338 495 diligenter,
1373 419 1532 479 sicut
1560 418 1763 480 adhuc
1796 421 2047 496 fecistiS,
2077 432 2257 485 atton-

208 509 351 569 dite.
397 502 538 568 103.
567 502 773 565 Insula
806 512 901 563 est
928 502 1150 575 Melita,
1181 501 1448 575 iudices,
1481 500 1632 561 satis
1659 502 1783 563 lato
1812 520 1850 563 a
1883 504 2090 565 Sicilia
2115 507 2266 569 mari

210 591 690 666 periculosoque
712 586 1009 647 diiuncta=
1068 584 1131 645 in
1160 602 1284 661 qua
1312 592 1410 645 est
1427 584 1650 645 eodem
1679 588 1923 647 nomine
1951 588 2260 663 oppidum,

209 691 331 749 quo
364 674 481 733 iste
515 686 844 745 numquam
872 667 1165 730 accessitz
1211 666 1381 744 quod
1414 675 1615 729 tamen
1656 668 1757 728 isti
1799 669 2124 731 textrinum
2153 688 2266 747 per

206 754 527 817 triennium
544 754 637 813 ad
664 752 1016 813 muliebrem
1038 760 1274 812 vestem
1297 749 1739 811 conficiendam
1763 752 1889 812 fuit.
1935 754 2032 813 Ab
2056 770 2129 813 eo
2154 771 2262 829 op-

204 838 351 915 pido
382 852 506 899 non
538 838 721 911 longe
748 836 810 894 in
840 833 1255 909 promontorio
1279 835 1483 893 fanum
1517 840 1614 894 est
1639 834 1887 896 Iunonis
1927 835 2262 911 antiquum,

206 921 375 997 quod
402 928 565 981 tanta
597 917 893 994 religione
922 932 1165 992 semper
1198 916 1338 988 suit,
1383 924 1453 977 ut
1491 932 1613 975 non
1643 918 1825 977 modo
1861 916 1980 978 illis
2017 918 2260 980 Punicis

203 1003 398 1078 bellis,
430 1018 591 1077 quae
616 1002 677 1061 in
708 1000 803 1061 his
828 1002 955 1060 fere
982 1000 1135 1061 locis
1158 997 1360 1059 navali
1396 998 1574 1074 copia
1601 1008 1776 1073 gesta
1805 1008 1988 1074 atque
2017 1010 2261 1063 versata

205 1095 361 1157 sunt,
396 1086 509 1146 sed
540 1084 720 1145 etiam
761 1084 876 1144 hac
910 1083 1288 1157 praedonum
1323 1080 1700 1142 multitudine
1733 1075 1980 1158 semper
2007 1082 2259 1145 inviola-

202 1177 328 1229 tum
351 1176 753 1241 sanctumque
782 1166 979 1225 fuerit.
1044 1166 1196 1240 Quin
1228 1164 1409 1226 etiam
1441 1164 1560 1225 hoc
1587 1165 1916 1225 memoriae
1951 1166 2257 1240 proditum

203 1260 315 1323 est,
340 1253 543 1311 classe
566 1249 875 1325 quondam
898 1247 1266 1309 Masinissae
1291 1247 1459 1323 regis
1490 1247 1570 1307 ad
1591 1258 1729 1307 eum
1751 1249 1954 1309 locum
1976 1252 2255 1325 appulsa,

199 1335 574 1408 praefectum
601 1331 836 1407 regium
861 1332 1077 1393 dentes
1106 1332 1431 1404 eburneos,
1459 1329 1798 1390 incredibili
1825 1331 2257 1406 magnitudine,

202 1431 237 1474 e
266 1417 405 1474 sano
449 1414 775 1475 sustulisse
812 1420 874 1473 et
919 1430 1030 1474 eos
1065 1414 1125 1473 in
1155 1414 1424 1473 Africam
1458 1420 1742 1487 portasse
1767 1412 2258 1491 Masinissaeque

200 1497 493 1556 donasse.
550 1497 781 1569 Regem
816 1496 1013 1569 primo
1042 1497 1403 1556 delectatum
1438 1512 1579 1555 esse
1607 1512 1892 1559 munerez
1934 1505 2106 1572 post,
2153 1496 2260 1558 ubi

200 1578 474 1639 audisset
498 1579 663 1639 unde
696 1580 932 1652 essent,
964 1578 1161 1638 statim
1190 1587 1392 1639 certos
1425 1578 1706 1639 homines
1748 1578 1810 1639 in
1838 1578 2258 1655 quinqueremi

200 1660 441 1721 misisse
474 1660 580 1738 qui
614 1678 724 1722 eos
749 1662 963 1721 dentes
992 1669 1375 1735 reponerent.
1417 1662 1628 1735 Itaque
1649 1661 1710 1721 in
1740 1661 1815 1722 iis
1845 1662 2137 1735 scriptum
2165 1662 2255 1722 lit-

198 1743 343 1809 teris
368 1744 613 1807 Punicis
642 1744 783 1805 fuit:
827 1759 1029 1803 anem
1056 1744 1448 1803 Masinissam
1476 1752 1893 1803 inruentum-m
1919 1760 2250 1817 Accumssr,

121 1844 130 1853 ·
206 1840 279 1883 au
306 1842 558 1885 coemi-A
586 1842 1012 1889 arroaurmos
1038 1834 1580 1902 [aupomnosouu]
1606 1846 1886 1889 cunnssss.
1917 1832 2063 1891 Erat
2081 1841 2252 1904 prae-

206 1915 373 1967 terea
402 1924 624 1983 magna
651 1909 746 1971 vis
774 1910 1013 1983 eboris,
1058 1912 1249 1971 multa
1278 1920 1663 1985 ornamenta,
1706 1913 1766 1973 in
1813 1912 2034 1987 quibus
2079 1912 2231 1971 ebur

204 2004 361 2049 neae
375 1990 705 2065 Victoriae,
730 1992 981 2067 antiquo
1014 2010 1205 2067 opere
1235 2010 1308 2053 ac
1329 2008 1568 2059 summa
1591 2002 1722 2055 arte
1748 1996 2079 2071 perfectae.
2112 1992 2232 2052 104

200 2070 369 2130 Haec
407 2070 527 2131 iste
570 2074 803 2141 omnia,
844 2090 919 2133 ne
962 2077 1167 2135 multis
1198 2092 1429 2147 morer,
1469 2095 1594 2138 uno
1634 2078 1864 2154 impetu
1904 2084 2094 2151 atque
2127 2090 2252 2135 uno

202 2152 413 2213 nuntio
457 2158 595 2229 per‘
616 2171 837 2216 servos
877 2157 1211 2227 Venerine,
1253 2174 1412 2233 quos
1457 2161 1588 2219 eius
1627 2161 1718 2220 rei
1757 2176 1948 2220 causa
1985 2158 2251 2229 miserat,

205 2236 475 2297 tollenda
502 2242 692 2313 atque
720 2240 1099 2313 asportanda
1126 2240 1380 2300 curavit.

360 2322 595 2385 XLVII.
624 2321 741 2382 Pro
772 2319 835 2381 di
861 2320 1264 2384 immortales!
1297 2340 1478 2399 quem
1509 2341 1625 2400 ego
1653 2325 1959 2389 hominem
1987 2334 2254 2386 accuso?

197 2421 379 2479 quem
408 2403 643 2479 legibus
672 2412 777 2465 aut
802 2402 1069 2465 iudIciali
1100 2405 1230 2467 iure
1262 2415 1643 2484 persequor?
1685 2409 1762 2468 de
1799 2426 1920 2484 quo
1957 2424 2070 2469 vos
2114 2424 2252 2469 sen·

196 2490 444 2547 tentiam
485 2503 597 2561 per
637 2487 918 2547 tabellam
954 2488 1205 2549 seretis?
1265 2490 1486 2553 Dicunt
1528 2490 1726 2564 legati,
1746 2492 2098 2552 Melitenses
2139 2508 2252 2566 pu-

192 2568 371 2640 blice,
405 2568 731 2642 spoliatum
757 2572 1045 2645 templum
1066 2588 1209 2634 esse
1220 2572 1500 2651 Iunonis,
1535 2572 1682 2633 nihil
1711 2572 1892 2634 istum
1921 2573 1983 2634 in
2009 2572 2251 2647 religio·

193 2651 438 2713 sissimo
472 2653 614 2713 fano
635 2651 978 2728 reliquisse,
1006 2671 1187 2730 quem
1207 2655 1270 2715 in
1291 2657 1494 2717 locum
1517 2659 1748 2716 classes
1770 2656 2036 2717 hostium
2060 2672 2253 2731 saepe

193 2733 584 2809 accesserint,
611 2734 715 2795 ubi
744 2736 977 2811 piratae
1000 2738 1130 2797 fere
1160 2737 1488 2813 quotannis
1509 2737 1778 2799 hiemare
1801 2740 2058 2811 soleant,
2083 2738 2252 2813 quod

190 2834 393 2892 neque
422 2818 651 2891 praedo
694 2818 945 2881 'violarit
973 2830 1153 2884 antea
1190 2836 1394 2897 neque
1415 2838 1702 2897 umquam
1732 2818 1928 2881 hostis
1969 2818 2248 2895 attigerit,

190 2899 256 2961 id
282 2900 360 2959 ab
389 2918 515 2968 uno
542 2898 662 2968 isto
698 2900 788 2966 sle
830 2902 1155 2981 spoliatum
1192 2920 1368 2979 esse,
1415 2913 1484 2965 ut
1527 2903 1674 2964 nihil
1721 2903 1964 2963 omnino
2001 2902 2080 2963 sit
2109 2902 2250 2961 reli-

196 2996 383 3050 etum.
410 2990 525 3052 Hic
556 3004 718 3050 nunc
745 2988 861 3049 iste
886 3004 1030 3049 reus
1062 2996 1166 3049 aut
1193 3004 1308 3063 ego
1339 2996 1661 3048 accusator
1688 2994 1791 3047 aut
1817 2986 1937 3046 hoc
1958 2983 2250 3045 iudicium

193 3074 637 3152 appellabitur?
682 3070 1040 3132 Criminibus
1074 3071 1236 3131 enim
1265 3069 1613 3147 coarguitur
1640 3077 1744 3129 aut
1785 3065 2246 3143 suspicionibus

188 3160 252 3220 in
279 3158 567 3221 iudicium
596 3163 868 3215 vocatur.
913 3154 987 3215 Di
1027 3153 1241 3225 ablati,
1285 3154 1426 3213 fana
1454 3160 1703 3223 vexata,
1757 3151 2020 3211 nudatae
2059 3148 2246 3209 urbes

186 3241 606 3316 reperiuntur=
648 3252 854 3297 earum
895 3244 1095 3297 autem
1126 3251 1330 3295 rerum
1363 3235 1588 3296 nullam
1617 3232 1734 3293 sibi
1767 3232 1882 3293 iste
1925 3248 2128 3308 neque
2158 3232 2244 3289 in·

188 3322 421 3383 fltiandi
460 3320 754 3383 rationem
782 3318 1386 3395 neque-defendendi
1425 3318 1769 3377 facultatem
1799 3314 2072 3390 reliquit:
2117 3328 2246 3374 om-

188 3402 369 3465 nibus
398 3404 459 3463 in
485 3404 671 3465 rebus
702 3401 1047 3477 coarguitur
1074 3418 1113 3461 a
1138 3402 1236 3462 m‘e
1287 3398 1663 3461 convincitur
1691 3415 1728 3457 a
1759 3395 2033 3470 testibuS,
2061 3410 2244 3481 urge·

80 3706 335 3767 A
