2459 3817
323 74 408 137 42
654 84 802 144 PRO
832 82 996 144 SEX.
1033 80 1308 143 Roscto
1336 81 1688 141 AMERtNo
1722 81 2022 143 ORATto.

322 252 455 305 ros,
493 235 738 305 sedere,
773 231 876 307 qui
906 228 1226 306 excipiatis
1254 246 1383 301 eoS,
1418 230 1523 305 qui
1556 231 1635 290 de
1666 246 1798 291 suis
1830 232 2108 293 manibus
2136 232 2370 309 effuge-

322 320 455 378 rint.
519 316 592 375 Di
623 313 1009 391 prohibeant,
1043 311 1307 385 iudices,
1360 321 1424 373 ut
1450 312 1599 387 hoc,
1643 313 1812 389 quod
1860 314 2123 375 maiores
2168 318 2371 377 consi-

323 402 464 460 lium
494 398 795 473 publicum
841 397 1046 457 vocari
1088 397 1434 467 voluerunt,
1478 395 1852 471 praesidium
1895 406 2201 459 sectorum
2242 397 2369 458 exi·

320 482 609 543 stimetur.
685 479 823 541 152.
893 482 988 539 An
1021 494 1198 549 vero,
1229 478 1496 547 iudices,
1534 495 1649 541 vos
1684 495 1805 539 non
1849 478 2181 553 intelligitis
2223 480 2367 540 nihil

319 565 480 625 aliud
513 564 638 638 agi,
685 562 802 623 nisi
833 571 895 623 ut
925 560 1403 638 proscriptorum
1436 560 1607 621 liberi
1642 560 1863 636 quavis
1891 562 2122 623 ratione
2152 564 2339 623 tollan

319 659 432 724 tur,
473 646 692 707 eteius
723 645 815 707 rei
842 644 1074 706 initium
1104 644 1164 704 in
1207 651 1413 703 vestro
1444 644 1574 705 iure
1614 642 1869 705 iurando
1906 653 2089 719 atque
2120 644 2186 705 in
2220 646 2358 706 Sex.

321 695 529 784 Roscii
564 726 834 799 periculo
867 724 1119 797 quaeri?
1174 722 1519 783 Dubiumne
1556 720 1757 780 estad
1788 734 1969 794 quem
2000 722 2359 785 maleficium

317 808 628 885 pertineat,
666 825 851 885 quum
881 808 1138 869 videatis
1163 824 1241 867 ex
1270 808 1458 868 altera
1484 817 1656 883 parte
1684 815 2002 880 sectorem,
2038 805 2361 882 inimicum,

316 889 597 953 sicarium
644 892 1047 967 eumdemque
1087 898 1509 952 accusatorem
1550 891 1668 951 hoc
1710 899 2011 965 tempore,
2054 906 2137 951 ex
2176 895 2363 953 altera

311 984 482 1051 parte
513 993 584 1050 e
551 983 806 1045 entem,
837 974 1157 1070 probatum
1187 972 1318 1033 suis
1341 973 1546 1047 filium,
1576 974 1637 1034 in
1669 988 1793 1048 quo
1823 990 1945 1034 non
1970 974 2153 1034 modo
2186 977 2363 1048 culpa

313 1061 492 1128 nulla,
519 1058 630 1118 scd
655 1074 730 1117 ne
751 1055 1023 1131 suspicio
1048 1057 1292 1131 quidem
1314 1058 1509 1151 potuit
1530 1056 1910 1117 consistere?
1936 1056 2244 1131 Numquid
2270 1058 2363 1117 hic
2442 1060 2444 1081 '

311 1141 474 1201 aliud
501 1139 716 1199 videtis
752 1139 995 1199 obstare
1006 1138 1253 1211 Roscio,
1281 1138 1395 1199 nisi
1421 1139 1587 1214 quod
1608 1139 1799 1215 patris
1819 1140 1981 1201 bona
2004 1138 2363 1200 venierunt?

475 1224 623 1282 Llll.
675 1221 815 1284 153.
885 1221 1116 1296 Quodsi
1144 1221 1206 1282 id
1229 1238 1345 1283 vos
1381 1222 1691 1297 suscipitis
1722 1223 1875 1284 etad
1905 1239 2034 1283 eam
2051 1238 2183 1282 rem
2219 1239 2358 1297 ope·

313 1324 442 1368 ram
471 1315 737 1365 vestram
769 1303 1132 1381 profitemini
1149 1351 1164 1377 ,
1195 1305 1250 1365 si
1278 1303 1509 1366 idcirco
1540 1303 1802 1379 sedetis,
1835 1320 1902 1365 ut
1930 1305 2010 1364 ad
2032 1320 2146 1364 vos
2168 1306 2353 1366 addu-

312 1396 524 1449 cantur
564 1403 774 1447 eorum
815 1386 1020 1461 liberi,
1069 1403 1326 1461 quorum
1365 1388 1529 1448 bona
1560 1387 1907 1461 venierunt,
1952 1396 2167 1449 cavete
2191 1432 2207 1458 ,
2252 1404 2357 1463 per

313 1471 468 1530 deos
507 1468 906 1539 immortaleS,
955 1468 1220 1542 iudiceS,
1262 1486 1341 1529 ne
1380 1486 1540 1531 nova
1580 1479 1642 1531 et
1671 1471 1867 1531 multo
1906 1469 2212 1531 crudelior
2254 1487 2358 1547 per

310 1568 426 1612 vos
453 1549 818 1626 proscriptio
845 1550 1178 1611 instaurata
1199 1568 1341 1613 esse
1361 1552 1655 1613 videatur.
1694 1554 1863 1613 Illam
1882 1552 2165 1628 priorem,
2204 1570 2357 1628 quac

311 1637 472 1696 facta
501 1644 596 1695 est
623 1634 683 1694 in
715 1650 854 1707 eOS,
885 1634 989 1710 qui
1015 1650 1183 1695 arma
1213 1650 1433 1709 capere
1464 1644 1820 1711 potuerunt,
1862 1644 2061 1697 tamen
2105 1644 2354 1697 senatus

310 1720 626 1795 suscipere
657 1716 876 1791 noluit,
909 1734 985 1777 ne
1017 1716 1164 1793 quid
1192 1718 1425 1790 acriuS,
1462 1734 1645 1793 quam
1669 1734 1839 1778 more
1866 1718 2162 1778 maiorum
2194 1734 2349 1779 com-

311 1811 582 1877 paratum
601 1810 761 1881 [est],
783 1802 1028 1877 publico
1063 1801 1320 1862 consilio
1352 1802 1575 1861 sactum
1607 1799 1942 1875 videretur,
1982 1800 2139 1861 hanc
2184 1817 2352 1873 vero,

310 1901 470 1960 quae
501 1887 579 1945 ad
604 1902 811 1947 eorum
839 1886 1065 1946 liberos
1088 1892 1273 1960 atque
1300 1884 1379 1943 ad
1409 1882 1726 1944 infantium
1745 1900 2071 1959 puerorum
2101 1883 2351 1944 incuna-

308 1968 452 2027 bula
483 1965 768 2040 pertinet,
802 1967 918 2027 nisi
947 1969 1066 2028 hoc
1094 1967 1319 2029 iudicio
1371 1984 1408 2025 a
1449 1966 1625 2028 vobis
1668 1966 1919 2028 reiicitis
1959 1974 2020 2026 et
2058 1982 2351 2042 asperna-

309 2048 482 2121 mini,
519 2048 748 2118 videte,
783 2064 893 2123 per
920 2051 1073 2109 deos
1103 2049 1504 2123 immortales,
1546 2064 1729 2123 quem
1760 2048 1819 2109 in
1858 2051 2058 2109 locum
2086 2065 2219 2110 rem
2244 2065 2349 2123 pu-

309 2131 526 2191 blicam
551 2137 1026 2207 [perJVenturam
1058 2133 1328 2203 putetis..

478 2212 616 2276 154.
661 2212 954 2273 Homines
983 2211 1291 2287 sapientes
1321 2222 1382 2275 et
1412 2212 1531 2273 ista
1557 2221 1914 2281 auctorltate
1958 2221 2019 2274 et
2047 2221 2349 2287 potestate

307 2298 650 2372 praeditos,
685 2313 806 2370 qua
835 2312 950 2356 vos
965 2294 1151 2367 estiS,
1195 2312 1275 2355 ex
1306 2295 1529 2371 quibus
1565 2296 1752 2357 rebus
1784 2295 2045 2357 maxime
2091 2310 2194 2355 res
2242 2311 2349 2370 pu·
2439 2344 2440 2347 η

304 2380 463 2440 blica
495 2382 759 2451 laborat,
807 2378 882 2439 iis
911 2378 1171 2439 maxime
1202 2378 1433 2439 mederi
1467 2379 1770 2440 convenit.
1858 2380 2147 2439 Vestrum
2170 2394 2347 2437 nemo

306 2471 400 2522 est
435 2462 579 2537 quin
610 2460 900 2535 intelligat
928 2464 1219 2537 populum
1245 2463 1617 2535 Romanum,
1655 2462 1759 2537 qui
1790 2462 2095 2537 quondam
2138 2460 2197 2519 in
2241 2461 2347 2520 ho-

307 2552 433 2604 stes
461 2542 814 2605 lenissimus
849 2544 1335 2617 existimabatur,
1378 2545 1497 2605 hoc
1526 2552 1799 2618 tempore
1828 2542 2169 2605 domestica
2214 2560 2347 2603 cru·

303 2627 547 2687 delitate
574 2628 870 2688 laborare.
932 2628 1102 2687 Hanc
1131 2627 1322 2688 tollite
1349 2643 1428 2687 ex
1457 2625 1719 2701 civitate,
1748 2626 2002 2701 iudices,
2034 2627 2193 2686 hanc
2222 2624 2347 2701 pati

302 2708 488 2769 nolite
523 2709 749 2771 diutius
778 2710 838 2769 in
871 2710 988 2769 hac
1026 2726 1095 2768 re
1128 2709 1372 2784 publica
1406 2709 1671 2770 versari:
1718 2728 1878 2785 quac
1909 2728 2030 2771 non
2064 2709 2251 2771 modo
2286 2708 2347 2767 id

300 2790 482 2853 habet
515 2792 574 2851 in
607 2808 675 2851 se
704 2794 872 2866 mali,
907 2792 1074 2869 quod
1102 2799 1190 2852 tot
1216 2793 1385 2852 cives
1419 2791 1801 2853 atrocissime
1832 2792 2099 2865 sustulit,
2137 2808 2349 2851 verum

301 2872 479 2933 etiam
507 2874 854 2936 hominibus
885 2873 1212 2935 lenissimis
1243 2873 1468 2935 ademit
1508 2874 1987 2936 misericordiam
2016 2882 2349 2935 consuetu-

299 2956 440 3017 dine
488 2956 1025 3019 inoommodorum.
1120 2957 1267 3017 Nam
1320 2974 1503 3031 quum
1555 2956 1836 3018 omnibus
1887 2957 2054 3019 horis
2112 2954 2349 3031 aliquid

297 3038 581 3101 atrociter
621 3040 750 3101 fieri
795 3040 1075 3100 videmus
1103 3048 1208 3099 aut
1233 3040 1544 3113 audimuS,
1576 3040 1757 3101 etiam
1792 3040 1895 3115 qui
1918 3049 2132 3102 natura
2156 3037 2348 3098 mitis·

297 3121 432 3181 simi
465 3138 708 3195 sumus,
740 3122 1104 3182 adsiduitate
1133 3122 1545 3183 molestiarum
1568 3138 1825 3183 sensum
1862 3139 2103 3184 omnem
2129 3121 2341 3182 huma·

298 3202 498 3265 nitatis
533 3221 612 3265 ex
641 3204 859 3265 animis
888 3204 1230 3267 amittimus.
