2459 3817
243 185 368 254 252
811 177 960 240 PRO
989 177 1058 238 L.
1087 175 1419 239 MURENA
1450 173 1752 237 ORATIO.

247 347 492 408 semper
519 328 618 407 egi
646 329 921 405 libenter,
959 328 1124 390 illam
1145 344 1297 391 vero
1330 324 1643 404 gravitatis
1672 323 2143 402 severitatisque
2170 341 2313 403 per·-

246 431 464 477 sonam
492 429 616 474 non
644 412 951 490 appetivi,
1000 413 1112 473 sed
1141 412 1218 472 ab
1248 428 1318 473 re
1346 409 1595 487 publica
1620 409 1767 470 mihi
1793 408 2145 486 impositam
2174 427 2310 472 sus-

243 495 430 571 tinui,
475 495 635 558 sicut
660 495 844 558 huius
869 493 1111 571 imperii
1139 493 1404 571 dignitas
1432 495 1495 554 in
1516 509 1753 555 summo
1777 491 2051 570 periculo
2087 491 2315 555 civium

246 579 611 656 postulabat.
671 579 849 654 Quod
889 578 944 640 si
982 585 1138 653 tum,
1177 595 1366 654 quum
1404 593 1507 638 res
1547 577 1798 653 publica
1836 575 1962 636 vim
1992 585 2054 638 et
2080 577 2311 638 severi-

246 672 430 725 tatem
469 660 892 738 desiderabat,
931 660 1051 722 vici
1091 669 1371 723 naturam
1399 667 1611 724 ettam
1638 662 1973 722 vehemens
2004 659 2090 720 fui
2127 677 2317 735 quam

245 746 534 821 cogebar,
559 761 682 808 non
721 763 906 822 quam
937 745 1241 819 volebam,
1271 760 1453 818 nunc,
1486 759 1673 820 quum
1705 759 1920 805 omnes
1954 759 2052 803 me
2081 758 2313 804 causae

244 830 326 890 ad
376 826 856 891 misericordiam
911 837 1098 904 atque
1155 829 1238 888 ad
1284 826 1717 890 humanitatem
1773 835 2027 899 vocent,
2082 835 2315 902 quanto

244 913 490 974 tandem
538 913 742 976 studio
793 913 992 974 debeo
1041 921 1295 974 naturae
1350 926 1523 972 meae
1578 908 2134 984 consuetudinique
2182 925 2313 970 ser·

242 994 422 1072 vire?
487 994 581 1056 A‘c
631 997 714 1056 de
759 994 966 1056 officio
1017 992 1397 1060 defensionis
1454 1009 1627 1054 meae
1676 1009 1751 1054 ac
1796 993 1875 1052 de
1922 991 2159 1054 ratione
2208 1009 2310 1053 ae·

245 1075 582 1140 cusationis
625 1087 767 1140 tuae
807 1080 1074 1140 fortasse
1105 1078 1285 1140 etiam
1318 1077 1439 1141 alia
1474 1075 1535 1136 in
1568 1085 1741 1152 parte
1777 1073 2071 1137 orationis
2106 1076 2311 1136 dicen-

245 1161 389 1222 dum
425 1159 605 1223 nobis
637 1160 769 1222 erit.

413 1242 470 1304 7.
520 1243 648 1304 Sed
686 1261 812 1319 me,
856 1243 1126 1319 iudices,
1169 1261 1295 1307 non
1332 1241 1533 1304 minus
1579 1239 1844 1304 hominis
1873 1240 2311 1318 sapientissimi

243 1336 434 1406 atque
459 1325 829 1389 ornatissimi
859 1329 991 1390 Ser.
1021 1327 1277 1404 Sulpicii
1302 1325 1673 1402 conquestio
1718 1342 1901 1401 quam
1935 1324 2182 1387 Catonis
2208 1342 2310 1386 ae·

245 1394 483 1470 cusa'tio
512 1411 967 1485 commovebat,
1002 1409 1108 1486 qui
1141 1409 1505 1486 gravissime
1532 1418 1594 1470 et
1625 1407 2022 1470 acerbissime
2051 1409 2210 1470 serre
2240 1423 2314 1469 se

245 1489 401 1550 dixit
439 1506 538 1552 me
576 1455 992 1554 familiaritatis
1033 1490 1633 1568 necessitudinisque
1673 1491 1927 1554 oblitum
1965 1507 2217 1552 causam
2241 1491 2313 1552 L.

243 1573 537 1636 Murenae
563 1581 779 1636 contra
799 1591 870 1637 se
891 1576 1242 1638 defendere.
1294 1575 1450 1637 Huic
1472 1590 1611 1651 ego,
1638 1572 1893 1650 iudices,
1929 1572 2081 1635 satis
2105 1575 2314 1635 facere

243 1655 430 1733 cupio
458 1673 701 1734 vosque
739 1658 1032 1720 adhibere
1063 1658 1347 1734 arbitros.
1406 1659 1557 1718 Nam
1592 1674 1780 1733 quum
1812 1673 2001 1732 grave
2034 1665 2133 1719 est
2166 1674 2313 1719 vere

242 1739 526 1802 accusari
563 1740 627 1802 in
663 1740 927 1804 amicitia
967 1750 1122 1816 tum,
1167 1741 1349 1804 etiam
1384 1741 1438 1803 si
1482 1742 1638 1802 falso
1671 1740 2013 1816 accuseris,
2056 1757 2181 1802 non
2217 1757 2313 1802 est

241 1824 692 1900 negligendum.
773 1826 936 1904 Ego,
987 1825 1118 1888 Ser.
1159 1823 1425 1901 Sulpici,
1477 1841 1577 1886 me
1618 1825 1681 1884 in
1715 1823 2009 1899 petitione
2054 1832 2158 1888 tua
2202 1819 2311 1885 tihi

243 1908 449 1968 omnia
491 1909 697 1971 studia
737 1917 926 1985 atque
963 1909 1169 1971 officia
1205 1925 1323 1985 pro
1364 1916 1574 1970 nostra
1615 1907 2071 1969 necessitudine
2104 1915 2166 1969 et
2203 1909 2310 1970 de·

243 1989 457 2050 buisse
484 1992 786 2054 confiteor
811 2003 874 2054 et
893 1991 1277 2066 praestitisse
1296 1988 1575 2052 arbitror.
1617 1989 1774 2050 Nihil
1797 1989 1903 2053 tibi
1924 1992 2312 2054 consulatum

241 2071 472 2147 petenti
500 2088 538 2132 a
563 2089 663 2135 me
700 2073 894 2135 deruit
933 2075 1100 2149 quod
1139 2081 1310 2136 esset
1338 2083 1445 2135 aut
1475 2075 1553 2133 ab
1592 2071 1790 2135 amico
1824 2080 1930 2136 aut
1956 2091 1996 2135 a
2034 2073 2310 2150 gratioso

241 2162 349 2215 aut
375 2171 414 2214 a
441 2157 697 2218 consule
721 2157 1178 2231 postulandum.
1235 2154 1405 2218 Abiit
1424 2155 1573 2218 illud
1604 2163 1843 2234 tempus
1858 2180 1875 2213 ε
1904 2165 2133 2218 mutata
2152 2155 2313 2218 ratio

240 2245 356 2300 est.
417 2235 520 2298 Sic
559 2237 872 2313 existimo,
917 2238 1008 2302 sic
1049 2237 1193 2300 mihi
1231 2240 1583 2314 persuadeo
1598 2284 1615 2315 ,
1656 2256 1754 2301 me
1794 2238 1903 2302 tibi
1947 2248 2157 2303 contra
2196 2239 2309 2300 ho-

239 2335 458 2382 norem
476 2321 545 2380 L.
567 2320 878 2396 Murenae,
906 2328 1195 2397 quantum
1216 2331 1283 2384 tu
1305 2337 1343 2382 a
1364 2337 1461 2383 me
1482 2323 1798 2398 postulare
1824 2338 2019 2385 ausus
2041 2321 2150 2396 sis,
2176 2330 2310 2384 tan-

238 2411 368 2466 tum
397 2402 720 2476 debuisse,
755 2412 968 2466 contra
995 2405 1253 2467 salutem
1285 2403 1431 2466 nihil
1460 2405 1706 2468 debere.
1780 2403 1841 2468 8.
1880 2406 2097 2481 Neque
2124 2405 2308 2479 enim,

243 2484 300 2545 si
327 2483 432 2546 tibi
466 2491 629 2557 tum,
663 2503 850 2561 quum
882 2494 1128 2560 peteres
1164 2523 1900 2546 ..................
1958 2505 2148 2565 quum
2173 2488 2305 2548 Mu-

241 2583 454 2628 renam
479 2565 686 2644 ipsum
707 2575 902 2644 pelea,
937 2571 1178 2633 adiutor
1204 2571 1423 2632 eodem
1448 2578 1628 2648 pacto
1659 2587 1802 2634 esse
1825 2571 2043 2634 d'ebeo.
2100 2572 2311 2647 Atque

238 2648 360 2712 boc
389 2667 513 2712 nou
550 2651 734 2714 modo
763 2668 888 2714 non
915 2652 1179 2728 laudari,
1229 2655 1466 2716 sedne
1504 2651 1763 2716 concedi
1799 2653 2047 2730 quidem
2077 2661 2308 2730 potest,

239 2741 308 2794 ut
351 2731 562 2795 amicis
599 2736 827 2798 nostris
859 2736 1291 2799 accusantibus
1314 2753 1435 2797 non
1459 2737 1638 2798 etiam
1658 2736 2069 2798 alienissimos
2094 2737 2307 2796 defen-

239 2814 478 2880 damus.
544 2819 649 2878 1v.
690 2817 838 2880 Mihi
865 2829 1070 2882 autem
1098 2837 1238 2882 cum
1264 2819 1551 2892 Murena,
1591 2818 1860 2894 iudiceS,
1904 2828 1967 2881 et
1996 2834 2217 2892 magna
2243 2825 2308 2880 et

238 2907 418 2960 vetus
458 2898 723 2963 amicitia
760 2911 886 2978 est,
930 2919 1089 2979 quae
1127 2901 1190 2963 in
1233 2901 1453 2978 capitis
1492 2899 1884 2964 dimicatione
1923 2918 1963 2962 a
2002 2901 2134 2964 Ser.
2165 2899 2303 2965 Sul·

237 2979 404 3057 picio
433 2999 558 3045 non
587 2983 817 3048 idcirco
851 2987 1169 3061 obruetur,
1215 2986 1388 3061 quod
1423 2985 1502 3046 ab
1530 2985 1751 3046 eodem
1774 2984 1844 3046 in
1874 2981 2128 3047 honoris
2157 3000 2305 3045 con-

238 3063 509 3127 tentione
537 3078 823 3144 superata
852 3079 962 3131 est.
1039 3068 1205 3143 Quae
1247 3068 1303 3128 si
1335 3083 1525 3130 causa
1560 3084 1685 3129 non
1728 3077 1923 3142 esset,
1971 3076 2173 3130 tamen
2204 3067 2304 3128 vel

239 3147 502 3222 dignitas
531 3149 796 3212 hominis
825 3153 924 3211 vel
953 3150 1206 3212 honoris
1236 3148 1401 3226 eius,
1437 3165 1619 3226 quem
1646 3150 1907 3226 adeptus
1940 3159 2066 3226 est,
2091 3149 2304 3225 ampli-

241 3230 387 3292 tudo
435 3248 730 3293 summam
772 3231 916 3292 mihi
963 3233 1292 3308 superbiae
1333 3232 1831 3309 crudelitatisque
1874 3235 2096 3295 famam
2134 3231 2305 3294 inus-

240 3311 448 3386 sisset,
474 3312 530 3374 si
550 3313 816 3376 hominis
832 3321 896 3375 et
915 3313 1047 3376 suis
1068 3324 1130 3377 et
1152 3314 1364 3392 populi
1379 3315 1640 3378 Romani
1660 3315 2033 3378 ornamentis
2054 3315 2293 3413 amplis·

241 3391 378 3454 simi
421 3411 670 3458 causam
703 3396 850 3458 tanti
887 3395 1142 3474 periculi
1187 3397 1637 3475 repudiassem.
1718 3399 1937 3476 Neque
1982 3398 2143 3461 enim
2155 3399 2301 3460 iam

0 3667 268 3746 A
