2459 3817
717 254 720 257 ,
809 196 976 257 CAP.
1024 205 1266 261 ιιι-ιε.
1306 204 1357 266 s.
1398 205 1645 262 35—39.
2183 195 2259 261 ’Π

178 371 286 423 tus
318 378 406 434 eS,
443 360 754 438 Apollinis
783 360 1026 437 signum
1055 362 1325 423 ablatum
1357 368 1527 423 certe
1553 378 1679 424 non
1712 363 2007 437 oportuit.
2076 364 2261 426 Dices

177 457 242 507 te
273 445 522 507 emisse.
596 443 764 506 Scio.
835 444 935 505 HS
967 447 1107 517 01⁰3
1148 444 1232 505 ita
1270 444 1509 522 opinor.
1578 444 1745 520 Scio,
1776 446 2048 523 inquam.
2118 449 2263 509 Pro·

177 532 377 590 feram
401 528 658 591 litteras.
687 530 918 589 Tamen
939 526 1004 590 id
1024 529 1255 589 lactum
1277 544 1403 590 non
1426 528 1721 605 oportuit.
1750 531 1810 593 A
1830 529 2069 607 pupillo
2084 532 2263 624 ῌείο,

185 616 288 677 cui
320 615 382 674 C.
412 614 736 673 Mancellus
773 619 935 673 tutor
963 621 1088 683 est,
1125 629 1161 673 a
1193 630 1317 687 quo
1343 613 1666 687 pecuniam
1694 615 1985 687 grandem
2014 614 2252 687 eripue-

183 716 322 767 ras,
371 696 625 771 scaphia
651 710 790 756 cum
825 695 1200 756 emblematis
1231 695 1505 773 Lilybaei
1533 703 1731 757 utrum
1761 702 1967 769 empta
1993 711 2137 755 esse
2166 695 2253 753 di

186 782 282 842 cis
313 798 390 839 an
423 776 734 839 confiteris
770 785 1025 853 erepta?

359 848 460 925 38.
483 860 644 939 Sed
681 861 830 936 quid
859 877 976 936 ego
1007 860 1182 923 istius
1203 861 1276 922 in
1308 860 1443 923 eius
1477 862 1639 921 modi
1680 862 1865 921 rebus
1912 859 2255 921 mediocres

187 946 448 1007 iniurias
485 944 738 1021 colligo,
769 960 928 1019 quae
957 953 1187 1005 tantum
1216 946 1401 1006 modo
1430 944 1491 1004 in
1524 944 1698 1004 furtis
1728 943 1904 1005 istius
1935 953 1995 1004 ει
2016 942 2255 1003 damnis

189 1040 436 1099 eorum,
473 1044 510 1087 a
543 1027 765 1102 quibus
794 1028 1439 1101 auferebat‚versatae
1470 1042 1615 1087 esse
1655 1024 2016 1087 videantur?
2076 1026 2255 1085 Acci-

193 1113 354 1187 pite,
383 1110 438 1170 Si
468 1108 680 1183 vultiS,
713 1109 980 1181 iudiceS,
1011 1126 1139 1170 rem
1167 1112 1303 1171 eius
1331 1110 1514 1183 modi,
1552 1117 1619 1171 ut
1644 1108 1965 1171 amentiam
1992 1108 2247 1183 Singula-

190 1212 325 1254 rem
354 1204 414 1253 et
449 1194 711 1253 furorem
749 1190 898 1265 iam,
930 1209 1050 1254 non
1083 1193 1473 1269 cupiditatem
1502 1195 1637 1255 eius
1664 1192 2020 1267 perspicere
2053 1190 2257 1266 possi-

192 1278 298 1337 tis
361 1276 576 1335 xvul.
628 1274 966 1337 Melitensis
989 1274 1297 1336 Diodorus
1328 1286 1441 1350 est,
1474 1276 1579 1351 qui
1606 1276 1771 1357 apud
1804 1292 1917 1335 vos
1956 1282 2137 1335 antea
2172 1284 2257 1334 le·

193 1357 550 1419 stimonium
581 1356 748 1419 dixit.
793 1359 854 1419 Is
876 1357 1150 1436 Lilybaei
1169 1361 1393 1420 multos
1426 1360 1545 1417 iam
1572 1374 1771 1419 annos
1800 1357 2046 1432 habitat,
2074 1356 2257 1417 homo

191 1450 258 1502 ει
283 1439 449 1501 domi
480 1439 700 1501 nobilis
735 1449 796 1502 et
827 1442 995 1515 apud
1025 1458 1168 1513 eOS,
1205 1459 1328 1517 quo
1369 1457 1439 1501 se
1471 1440 1751 1513 contulit,
1789 1448 2042 1516 propter
2074 1438 2257 1500 virtu-

192 1533 318 1585 tem
353 1523 716 1599 splendidus
749 1532 811 1583 et
847 1522 1176 1599 gratiosus.
1238 1527 1329 1585 De
1369 1524 1488 1586 hoc
1517 1524 1695 1585 Verri
1742 1523 1991 1597 dicitur,
2034 1523 2261 1583 habere

192 1624 334 1667 eum
371 1608 644 1682 perbona
673 1614 1038 1668 toreumata·
1069 1609 1128 1666 in
1159 1607 1256 1668 his
1293 1609 1515 1682 pocula
1544 1608 1875 1683 quaedam,
1920 1622 2082 1682 quae
2107 1595 2259 1665 'lhe-

192 1689 368 1749 riclia
431 1687 848 1764 nominantur,
891 1690 1184 1751 Mentoris
1233 1707 1415 1750 manu
1464 1707 1699 1752 summo
1762 1688 2020 1751 artificio
2081 1688 2258 1748 facta.

195 1772 376 1845 Quod
404 1772 522 1833 iste
548 1774 654 1834 ubi
675 1771 924 1844 audivit,
963 1772 1054 1831 sic
1083 1772 1413 1847 cupiditate
1443 1772 1850 1834 inflammatus
1880 1779 1976 1831 est
2006 1786 2127 1830 non
2160 1786 2259 1831 so-

194 1855 323 1915 lum
357 1854 756 1930 inspiciendi,
789 1871 1002 1915 verum
1035 1854 1216 1915 etiam
1245 1854 1593 1927 auferendi,
1626 1863 1692 1915 ut
1719 1854 2053 1915 Diodorum
2078 1852 2159 1912 ad
2190 1867 2262 1913 se

193 1945 454 1998 vocaret
481 1954 554 1997 ac
583 1946 888 2015 posceret.
945 1938 1087 2010 llle,
1135 1936 1239 2013 qui
1284 1937 1386 1997 illa
1414 1955 1536 1998 non
1568 1936 1792 1998 invitus
1836 1936 2119 2009 haberet,
2164 1950 2257 1995 re·

197 2020 454 2095 spondit
497 2020 768 2101 Lilybaei
819 2036 890 2081 se
939 2034 1060 2079 non
1117 2020 1375 2081 habere·
1436 2019 1679 2081 Melitae
1732 2020 1897 2095 apud
1938 2020 2257 2095 quemdam

194 2101 613 2177 propinquum
642 2120 820 2165 suum
846 2100 1194 2178 reliquisse.
1256 2102 1358 2164 39.
1440 2103 1589 2164 Tum
1619 2102 1735 2164 iste
1764 2104 2055 2164 continuo
2087 2101 2262 2162 mittit

196 2182 484 2243 homines
515 2193 713 2249 certos
746 2186 1045 2247 Melitam·
1093 2185 1303 2246 Scribit
1332 2188 1411 2247 ad
1442 2187 1743 2261 quosdam
1779 2185 2165 2256 MelitenseS,
2196 2202 2263 2243 ιιι

194 2284 276 2327 ea
300 2282 453 2327 vasa
475 2269 857 2345 perquirant:
886 2276 1064 2342 rogat
1081 2268 1433 2342 Diodorum,
1459 2278 1527 2331 ut
1552 2270 1634 2329 ad
1656 2269 1822 2331 illum
1847 2269 2257 2343 propinquum

197 2366 382 2409 suum
418 2350 520 2411 det
548 2352 805 2413 litteras=
837 2350 982 2411 nihil
1015 2350 1072 2411 ei
1104 2351 1343 2426 longius
1374 2352 1695 2413 videbatur
1722 2368 1903 2427 quam
1940 2351 2083 2410 dum
2112 2348 2263 2407 illud

200 2432 440 2493 videret
489 2443 820 2509 argentum.
893 2433 1231 2509 Diodorus,
1286 2434 1470 2496 homo
1518 2434 1673 2509 frugi
1710 2450 1785 2493 ac
1825 2432 2117 2507 diligens,
2157 2429 2263 2505 qui

197 2532 318 2575 sua
347 2531 596 2576 Servare
623 2519 833 2590 vellet,
873 2517 954 2577 ad
983 2515 1397 2593 propinquum
1428 2534 1605 2578 Suum
1636 2516 1873 2587 scribit,
1921 2524 1985 2575 ut
2007 2515 2114 2588 iis,
2159 2512 2263 2587 qui

197 2599 448 2658 averre
479 2600 810 2673 venissent,
837 2599 1247 2673 responderet
1274 2600 1423 2660 illud
1446 2607 1761 2674 argentum
1794 2615 1865 2659 se
1894 2598 2107 2673 paucis
2142 2596 2261 2657 illis

199 2681 424 2741 diebus
471 2680 717 2741 misisse
742 2682 1118 2759 Lilybaeum.
1191 2684 1335 2757 lpse
1377 2680 1610 2743 interea
1650 2680 1912 2742 recedit=
1961 2684 2184 2741 abesse
2224 2696 2261 2739 a

199 2765 388 2825 domo
419 2764 755 2839 paullisper
781 2762 990 2825 maluit
1019 2778 1201 2839 quam
1246 2780 1545 2839 praesens
1573 2764 1723 2825 illud
1766 2762 1994 2839 optime
2037 2766 2260 2823 sactum

199 2854 520 2921 argentum
561 2846 852 2907 amittere.
925 2846 1101 2920 Quod
1145 2847 1251 2907 ubi
1280 2848 1395 2909 iste
1435 2847 1694 2921 audivit,
1748 2864 1949 2922 usque
1991 2863 2065 2908 eo
2098 2863 2261 2908 com-

199 2938 406 2990 motus
437 2938 560 3003 est,
599 2939 664 2990 ut
695 2930 828 2990 sine
857 2932 981 2991 ulla
1019 2930 1395 2991 dubitatione
1424 2930 1693 2991 insanire
1723 2930 2007 2991 omnibus
2052 2945 2125 2990 ae
2170 2931 2262 2989 ru-

197 3026 337 3073 rere
389 3012 716 3073 videretur.
781 3012 932 3086 Quia
985 3028 1106 3073 non
1147 3021 1431 3088 potuerat
1468 3014 1706 3090 eripere
1756 3023 2072 3088 argentum
2126 3012 2264 3088 ipse

198 3094 493 3168 Diodoro,
524 3105 734 3171 erepta
759 3095 878 3156 sibi
913 3112 1062 3157 vasa
1098 3096 1325 3171 optime
1366 3098 1525 3157 facta
1556 3097 1825 3157 dicebat:
1868 3094 2127 3156 minitari
2156 3096 2262 3153 ab·

197 3177 360 3238 Senti
391 3178 688 3248 Diodoro.
725 3178 1048 3239 vociferari
1089 3180 1319 3275 palam,
1359 3178 1642 3241 lacrimas
1679 3180 1980 3241 interdum
2028 3178 2132 3237 vix
2174 3185 2260 3236 te

197 3276 365 3321 nere.
437 3259 791 3340 Eriphylam
840 3262 1212 3357 accepimus·
1242 3262 1302 3322 in
1346 3262 1566 3325 fabulis
1623 3280 1698 3325 ea
1760 3252 2123 3337 cupiditate,
2176 3268 2259 3332 ut,

199 3360 390 3418 quum
421 3342 680 3405 vidisset
709 3344 964 3417 monile,
1005 3351 1072 3404 ut
1112 3343 1359 3419 opinor,
1412 3362 1489 3406 ex
1520 3362 1669 3407 auro
1702 3354 1763 3407 et
1791 3342 2078 3419 gemmiS,
2130 3343 2262 3417 pul-

204 3425 502 3487 critudine
531 3426 666 3487 eius
705 3426 962 3488 incensa
1000 3428 1256 3488 salutem
1288 3427 1399 3487 viri
1440 3430 1744 3504 proderet.
1823 3424 2048 3485 Similis
2089 3423 2262 3485 istius
