2459 3817
774 153 939 213 CAP.
968 160 1235 215 26—28.
1279 158 1332 219 S.
1365 160 1521 213 65-
1543 159 1628 212 ⁷2.
2119 149 2240 215 143

181 301 522 379 imperarat,
550 302 859 378 intellexit,
882 302 935 365 si
957 303 1119 365 hunc
1144 302 1513 365 subditivum
1539 301 1962 378 archipiratam
1988 301 2046 362 in
2076 319 2232 364 eam-

182 388 322 447 dem
353 386 695 448 custodiam
726 386 1019 461 dedisset,
1050 389 1199 459 sore,
1236 394 1299 449 ut
1325 403 1364 446 a
1391 384 1595 447 multis
1626 384 1687 446 in
1716 386 2022 447 lautumiis
2053 403 2238 449 verus

180 468 283 530 ille
314 471 443 529 dux
479 475 891 545 quaereretur.
960 472 1171 546 ltaque
1196 468 1500 530 hominem
1531 468 1672 530 huic
1704 471 1969 545 optimae
2011 469 2238 531 tutissi-

181 569 439 629 maeque
470 552 787 614 custodiae
816 570 937 613 non
964 555 1148 615 audet
1170 553 1572 614 committere:
1605 552 1870 629 denique
1893 551 2240 629 Syracusas

185 644 342 697 totas
385 635 579 699 timet=
624 638 911 699 amendat
952 636 1256 698 hominem
1289 679 1304 695 .
1342 679 1356 694 .
1391 680 1406 695 .
1443 681 1458 694 .
1499 643 1664 713 quo?
1723 636 2084 714 Lilybaeum
2121 638 2238 700 ror·

184 727 368 780 tasse.
426 719 657 782 Videor
693 728 891 781 tamen
924 718 1203 781 homines
1230 718 1564 780 maritimos
1598 736 1720 779 non
1755 721 1934 795 plane
1964 718 2238 782 reformi-

184 803 305 863 dat.
328 800 595 875 Minime,
630 802 885 864 iudices.
915 802 1320 865 Panhormum
1349 800 1572 877 igitur?
1600 803 1836 863 Audio:
1872 818 2240 879 quamquam

185 884 547 967 Syracusis,
577 886 863 961 quoniam
892 884 953 945 in
989 884 1384 964 Syracusano
1415 894 1632 959 captus
1662 894 1814 960 erat,
1863 886 2152 959 maxime,
2187 885 2242 945 si

183 970 384 1031 minus
410 968 715 1045 supplicio
740 967 941 1041 adfici,
964 977 1027 1030 at
1048 967 1345 1031 custodiri
1369 968 1708 1043 oportebat.
1739 968 1825 1029 Ne
1839 968 2241 1029 Panhormum

76 1058 81 1060 ’
186 1050 455 1129 quidem.
520 1050 620 1113 70.
652 1052 785 1126 Quo
817 1050 1039 1127 igitur?
1081 1070 1204 1129 quo
1249 1052 1516 1129 putatis?
1571 1050 1670 1111 Ad
1711 1050 1990 1113 homines
2019 1068 2058 1111 a
2085 1050 2242 1127 pira·

179 1150 388 1195 rarum
418 1142 583 1197 metu
611 1143 673 1195 et
701 1132 1055 1209 suspicione
1090 1132 1530 1209 alienissimoS,
1567 1151 1605 1195 a
1647 1134 1993 1209 navigando
2030 1134 2241 1197 rebus·

171 1234 309 1292 ,que
344 1216 657 1277 maritimis
686 1216 1165 1289 remotissimos,
1195 1218 1274 1277 ad
1309 1217 1766 1292 Centuripinos,
1810 1218 2088 1279 homines
2118 1235 2216 1277 ma

186 1300 351 1360 xime
372 1299 875 1372 mediterraneo&
902 1316 1174 1361 summos
1198 1309 1502 1361 aratores:
1536 1299 1642 1375 qui
1667 1316 1887 1361 nomen
1913 1318 2244 1377 numquam

182 1380 529 1445 timuissent
557 1380 832 1442 maritimi
864 1382 1226 1457 praedonis,
1261 1400 1447 1447 unum
1479 1392 1535 1445 te
1558 1392 1838 1459 praetore
1861 1386 2244 1447 horruissent

178 1464 541 1541 Apronium,
580 1473 925 1527 terrestrem
956 1464 1400 1541 archipiratam.
1451 1466 1542 1542 Et,
1569 1474 1636 1527 ut
1664 1466 1866 1542 quivis
1899 1468 2074 1530 facile
2105 1485 2231 1545 per·

180 1548 449 1625 spiceret
475 1548 539 1608 id
568 1549 645 1609 ab
678 1548 794 1609 isto
826 1557 1026 1609 actum
1067 1566 1242 1623 esse,
1288 1558 1356 1611 ut
1404 1548 1504 1611 ille
1553 1550 1916 1627 suppositus
1962 1550 2138 1614 facile
2183 1560 2238 1613 et

180 1630 439 1693 libenter
466 1648 535 1691 se
562 1632 747 1704 illum,
780 1631 883 1708 qui
912 1650 1035 1693 non
1070 1641 1215 1705 erat,
1245 1649 1387 1695 esse
1415 1634 1753 1706 simularet,
1802 1634 2061 1709 imperat
2091 1634 2240 1695 Cen-

180 1712 490 1791 turipinis,
532 1722 602 1777 ut
641 1714 695 1776 is
737 1714 903 1776 victu
944 1716 1328 1791 caeterisque
1369 1716 1556 1777 rebus
1603 1734 1788 1791 quam
1821 1715 2241 1776 liberalissime

181 1798 801 1873 commodissimeque
828 1797 1236 1859 adhiberetur.

346 1881 617 1943 XXVIII.
665 1878 766 1942 71.
807 1882 1043 1941 Interea
1070 1880 1480 1957 Syracusani,
1509 1878 1792 1941 homines
1837 1879 2012 1955 periti
2043 1890 2103 1942 et
2133 1881 2215 1941 hu

180 1964 363 2039 mani,
400 1965 504 2040 qui
535 1981 657 2025 non
692 1964 876 2025 modo
907 1980 1011 2037 ea,
1048 1980 1206 2039 quae
1235 1962 1569 2039 perspicua
1599 1973 1827 2038 essent,
1868 1962 2108 2040 videre,
2141 1982 2238 2025 ve·

178 2065 315 2110 rum
343 2048 524 2109 etiam
553 2048 793 2109 occulta
822 2045 1126 2123 suspicari
1158 2052 1433 2122 possent,
1463 2046 1768 2107 habebant
1795 2046 2090 2109 rationem
2115 2066 2232 2110 om-

178 2148 293 2193 nes
332 2128 557 2191 cotidie
600 2129 955 2207 piratarum,
1008 2128 1114 2205 qui
1155 2127 1358 2190 securi
1397 2129 1746 2191 ferirenture
1795 2146 1977 2207 quam
2021 2134 2241 2193 multos

177 2229 323 2275 esse
354 2221 665 2290 oporteret
694 2229 772 2273 ex
804 2213 941 2289 ipso
972 2211 1213 2288 navigio
1247 2212 1415 2289 quod
1441 2223 1570 2274 erat
1598 2222 1841 2289 captum
1863 2223 2024 2275 etex
2045 2232 2240 2275 remo-

178 2314 313 2358 rum
340 2312 594 2358 numero
625 2296 1045 2358 coniiciebant.
1100 2298 1238 2368 Iste,
1278 2296 1442 2372 quod
1476 2314 1708 2370 omneS,
1737 2296 1842 2373 qui
1870 2296 2105 2357 artificii
2135 2298 2235 2357 ali·

181 2379 331 2457 quid
363 2380 698 2442 habuerant
730 2387 834 2441 aut
864 2378 1353 2453 formae,[remox
1359 2389 1486 2440 erat
1503 2382 2068 2457 atqueJabduxerat
2103 2378 2214 2439 reli

186 2478 347 2539 quos
384 2461 467 2536 si,
502 2469 567 2523 ut
594 2464 977 2525 consuetudo
1015 2471 1140 2536 est,
1169 2462 1498 2523 universos
1529 2464 1610 2523 ad
1652 2465 1856 2538 palum
1887 2463 2240 2539 adligasset,

180 2548 507 2608 clamorem
538 2546 749 2623 populi
782 2547 913 2607 sore
941 2544 1398 2622 suspicabatur,
1444 2562 1633 2621 quum
1675 2554 1839 2608 tanto
1885 2547 2094 2621 plures
2135 2548 2239 2607 ab·

179 2627 347 2691 ducti
376 2637 589 2691 essent
618 2646 798 2705 quam
827 2626 1039 2691 relicti.
1100 2628 1358 2704 Propter
1386 2628 1546 2689 hane
1573 2645 1823 2689 causam
1855 2647 2042 2705 quum
2073 2630 2238 2691 insti-

178 2714 400 2774 tuisset
434 2710 591 2773 alios
632 2712 751 2773 alio
795 2721 1069 2789 tempore
1110 2712 1486 2788 producere,
1539 2718 1738 2773 tamen
1783 2710 1842 2773 in
1887 2721 2050 2775 tanto
2096 2729 2235 2774 con·

182 2804 369 2857 ventu
396 2810 574 2855 nemo
610 2805 740 2857 erat
778 2797 921 2873 quin
963 2794 1261 2857 rationem
1292 2811 1734 2869 numerumque
1761 2794 2016 2859 haberet
2048 2804 2110 2859 et
2146 2813 2236 2857 re-

176 2878 391 2956 liquos
414 2895 537 2940 non
566 2877 945 2939 desideraret
972 2880 1189 2953 solum,
1220 2879 1334 2939 sed
1363 2877 1542 2953 etiam
1579 2888 1863 2954 posceret
1907 2887 1968 2943 et
2007 2878 2240 2956 flagita·

176 2971 289 3025 ret.
348 2960 449 3025 72.
479 2962 673 3037 Quum
703 2978 959 3038 magnus
995 2978 1284 3025 numerus
1318 2962 1582 3034 deesset,
1619 2971 1744 3023 tum
1778 2958 1892 3023 iste
1920 2962 2104 3025 homo
2135 2980 2236 3023 ne-

180 3044 370 3107 farius
400 3046 461 3106 in
492 3061 702 3107 eorum
736 3047 965 3120 locum,
1014 3063 1173 3123 quos
1208 3046 1456 3127 domum
1491 3062 1665 3107 suam
1699 3047 1776 3107 de
1807 3046 2018 3123 piratis
2049 3047 2237 3106 abdu-

176 3136 371 3201 xerat,
408 3128 776 3190 substituere
808 3138 867 3191 et
898 3145 1254 3206 supponere
1284 3127 1488 3205 coepit
1520 3128 1688 3191 cives
1719 3132 2049 3201 RomanoS,
2081 3144 2238 3203 quos

178 3231 239 3273 m
277 3228 586 3274 carcerem
614 3221 791 3274 antea
821 3212 1195 3275 coniecerat:
1239 3230 1498 3289 quorum
1529 3213 1684 3274 alios
1717 3211 2102 3274 Sertorianos
2131 3210 2238 3268 mi-

180 3297 317 3357 lites
353 3294 546 3357 suisse
576 3294 962 3357 insimulabat
996 3304 1056 3357 et
1089 3312 1168 3358 ex
1195 3294 1492 3371 Hispania
1521 3295 1822 3369 rugientes
1863 3295 1944 3353 ad
1973 3291 2237 3353 Siciliam

181 3380 481 3456 appulsos
513 3395 655 3439 esse
684 3378 953 3441 dicebat:
992 3378 1179 3454 alios,
1216 3380 1318 3455 qui
1349 3396 1386 3439 a
1417 3376 1829 3455 praedonibus
1859 3384 2030 3437 erant
2057 3373 2239 3451 capti.
