2459 3817
265 86 346 156 58
760 98 838 155 ΙΝ
880 97 947 169 Ω.
994 96 1409 156 CAECILIUM
1449 96 1864 157 DIVINATIO.

272 246 435 309 neris
486 244 728 306 nomine
743 247 1026 323 [Agonis]
1051 261 1123 305 ac
1166 244 1459 319 religione
1511 246 1770 306 retinere
1824 248 1981 319 vult,
2033 247 2303 307 fortunas

272 346 484 391 omnes
514 328 970 402 libertatemque
999 343 1170 387 suam
1199 325 1374 388 istius
1397 326 1613 386 Iniuria
1636 328 1911 401 perdidit.
1950 326 2304 404 Lilybaeum

270 415 498 472 Verres
525 410 692 469 venit
715 416 960 483 postem
995 426 1124 468 rem
1148 410 1493 483 cognoscit:
1532 411 1753 469 factum
1780 409 2109 485 improbat:
2143 410 2304 483 cogit

271 501 657 569 quaestorem
680 508 856 551 suum
884 490 1235 565 pecuniam,
1275 507 1455 565 quam
1481 508 1558 550 ex
1580 490 1878 565 Agonidis
1918 492 2095 551 bonis
2130 494 2303 551 rede-

231 612 240 621 ‚
269 574 492 649 gisset‚
527 588 662 631 eam
689 572 922 634 mulieri
950 589 1186 633 omnem
1213 573 1611 632 adnumerare
1640 580 1700 633 et
1725 574 1998 632 reddere.
2054 570 2153 634 57.
2196 574 2304 633 Est
2406 602 2415 609 ·

268 657 500 728 adhuc,
528 652 592 712 id
617 655 782 730 quod
809 671 924 714 vos
954 670 1164 714 omnes
1193 653 1476 714 admirari
1508 654 1719 725 video,
1753 670 1875 714 non
1906 657 2163 727 Verres,
2192 656 2303 713 sed

270 738 338 811 Q.
371 737 628 796 Mucius.
685 734 839 809 Quid
882 734 1039 795 enim
1068 737 1270 795 facere
1296 734 1490 811 potuit
1519 734 1850 809 elegantius
1881 737 1960 796 ad
1996 735 2302 795 hominum

269 817 802 889 existimationem,
847 816 1102 892 aequius
1135 818 1214 876 ad
1241 817 1561 877 levandam
1589 816 1855 877 mulieris
1888 818 2298 889 calamitatem,

266 898 683 959 vehementius
712 900 793 959 ad
829 898 1172 973 quaestoris
1214 898 1527 958 libidinem
1556 899 1998 959 coercendam?
2058 898 2301 958 Summe

267 983 418 1041 haec
455 982 654 1042 omnia
681 980 824 1040 mihi
853 980 1134 1039 videntur
1163 996 1305 1039 esse
1333 981 1654 1040 laudanda.
1700 980 1823 1040 Sed
1850 988 2100 1054 repente
2130 997 2165 1039 e
2200 996 2299 1039 ve-

269 1063 447 1138 stigio
488 1080 568 1123 ex
595 1062 836 1125 homine
876 1069 1181 1137 tamquam
1209 1061 1416 1136 aliquo
1449 1062 1697 1122 Circaeo
1726 1062 1948 1135 poculo
1986 1063 2179 1121 factus
2208 1069 2304 1121 est

265 1147 523 1205 Verrese
563 1144 721 1204 redit
764 1144 842 1202 ad
885 1160 956 1203 se
994 1152 1178 1218 atque
1211 1144 1292 1203 ad
1322 1159 1524 1219 mores
1554 1160 1723 1204 suos.
1781 1144 1932 1203 Nam
1960 1159 2039 1203 ex
2065 1144 2167 1202 illa
2194 1159 2301 1218 pe-

268 1226 448 1286 cunia
475 1242 751 1300 magnam
781 1234 1014 1299 partem
1043 1226 1122 1283 ad
1151 1241 1220 1284 se
1248 1225 1457 1299 vertit,
1486 1224 1720 1285 mulieri
1752 1224 2015 1285 reddidit
2046 1232 2297 1299 quantu-

268 1308 387 1367 lum
417 1307 616 1368 visum
644 1314 755 1367 est.

430 1389 642 1447 XVIII.
693 1387 794 1449 58.
828 1387 940 1447 Hic
979 1396 1044 1447 tu
1071 1388 1124 1445 si
1150 1389 1384 1447 laesum
1413 1397 1474 1448 te
1506 1404 1542 1446 a
1569 1389 1763 1447 Verre
1792 1405 1933 1449 esse
1968 1386 2151 1459 diets,
2196 1404 2299 1461 pa-

263 1468 378 1528 tiar
406 1477 466 1527 et
495 1470 857 1528 concedam=
883 1468 936 1527 si
970 1467 1247 1528 iniuriam
1268 1468 1373 1528 tibi
1404 1470 1621 1529 factam
1650 1469 1953 1543 quereris,
1981 1470 2301 1529 defendam

267 1545 337 1609 et‘
359 1550 616 1624 negabo.
677 1551 953 1624 Denique
993 1551 1070 1610 de
1114 1548 1331 1609 iniuria
1360 1549 1659 1625 quaesibi
1699 1552 1859 1611 sacta
1886 1550 1965 1611 sit
2002 1550 2301 1610 neminem

263 1640 538 1692 nostrum
579 1632 917 1705 graviorem
944 1630 1208 1690 iudIcem
1236 1648 1377 1691 esse
1407 1639 1647 1706 oportet
1676 1649 1857 1706 quam
1883 1641 1943 1693 te
1972 1631 2171 1706 ipsum
2204 1631 2303 1692 cui

265 1715 424 1773 sacta
452 1712 686 1773 dicitur.
742 1712 806 1772 Si
832 1720 898 1772 tu
931 1729 1067 1773 cum
1095 1712 1198 1774 illo
1227 1722 1443 1787 postea
1472 1714 1531 1772 in
1560 1713 1812 1787 gratiam
1839 1714 2081 1787 redisti,
2110 1714 2161 1773 si
2193 1715 2300 1775 do-

261 1795 344 1854 mi
377 1793 536 1855 illius
586 1794 949 1871 aliquotiens
982 1793 1178 1868 fuisti,
1229 1794 1283 1855 si
1327 1794 1428 1854 ille
1472 1796 1638 1869 apud
1687 1801 1744 1854 te
1784 1801 2007 1869 postea
2050 1795 2307 1867 cenavit,

261 1885 459 1937 utrum
485 1884 546 1937 te
576 1877 968 1951 perfidiosum
997 1894 1074 1937 an
1113 1876 1660 1952 praevaricatorem
1694 1875 2026 1937 existimari
2062 1878 2301 1937 mavist

261 1954 458 2017 Video
501 1974 642 2017 esse
680 1975 939 2018 necesse
987 1961 1364 2031 alterutrum,
1417 1960 1529 2018 sed
1572 1975 1686 2033 ego
1728 1967 1927 2020 tecum
1973 1958 2033 2018 in
2074 1975 2148 2019 eo
2178 1975 2300 2019 non

259 2039 546 2113 pugnabo
579 2056 700 2113 quo
729 2041 927 2099 minus
964 2049 1160 2101 utrum
1187 2040 1342 2100 veliS
1375 2040 1584 2113 eligas.
1644 2040 1745 2102 59.
1788 2040 2017 2114 Quodsi
2046 2056 2122 2099 ne
2149 2040 2299 2101 iniu-

258 2120 387 2180 riae
423 2120 665 2194 quidem
696 2137 852 2196 quae
882 2120 986 2180 tibi
1015 2122 1091 2180 ab
1120 2120 1221 2179 illo
1254 2124 1411 2181 facta
1454 2121 1531 2182 sit
1572 2138 1758 2183 causa
1796 2131 2095 2194 remanet,
2154 2122 2301 2197 quid

259 2202 453 2261 habes
485 2204 652 2277 quod
681 2202 887 2276 possis
929 2201 1134 2262 dicere
1178 2205 1568 2277 quamobrem
1616 2220 1735 2263 non
1768 2206 1949 2265 modo
1984 2202 2155 2276 mihi,
2187 2204 2301 2264 sed

260 2284 543 2359 cuiquam
579 2291 993 2358 anteponat-e?
1026 2283 1142 2344 nisi
1167 2286 1320 2344 forte
1344 2284 1519 2357 illud,
1552 2288 1719 2359 quod
1746 2294 1805 2346 te
1836 2284 2131 2346 dicturum
2158 2301 2300 2345 esse

257 2366 472 2440 audio,
505 2374 890 2442 quaestorem
919 2364 1078 2426 illius
1100 2365 1311 2426 fuisse.
1370 2366 1533 2439 Quae
1563 2382 1750 2427 causa
1782 2367 1987 2441 gravis
2016 2375 2213 2438 esset,
2246 2367 2301 2427 si

259 2456 526 2508 certares
569 2464 806 2508 mecum
838 2456 972 2507 uter
1010 2456 1284 2509 nostrum
1320 2448 1403 2507 illi
1444 2448 1696 2510 amicior
1738 2466 1879 2509 esse
1914 2449 2187 2509 deberet}
2237 2447 2301 2508 in

259 2528 644 2590 contentione
675 2529 1199 2605 suscipiendarum
1238 2529 1676 2591 inimicitiarum
1716 2531 2032 2591 ridiculum
2060 2537 2156 2591 est
2185 2547 2298 2605 pu·

256 2618 385 2669 tare
415 2626 661 2671 causam
689 2611 1158 2673 necessitudinis
1186 2614 1266 2672 ad
1300 2612 1680 2675 inferendum
1714 2613 2047 2689 periculum
2075 2612 2297 2679 iustam

257 2691 454 2751 videri
482 2701 785 2768 oportere.
827 2693 926 2755 60.
971 2692 1205 2754 Etenim
1235 2694 1287 2755 si
1316 2694 1607 2769 plurimas
1637 2712 1674 2755 a
1704 2705 1805 2756 tuo
1836 2704 2117 2770 praetore
2144 2693 2303 2759 iniu-

256 2772 382 2834 rias
415 2775 800 2850 accepisses,
843 2785 1042 2836 tamen
1072 2792 1179 2837 eas
1212 2777 1463 2838 serendo
1504 2777 1791 2838 maiorem
1830 2779 2071 2838 laudem
2114 2793 2299 2851 quam

256 2856 611 2918 ulciscendo
641 2874 970 2919 mererere:
1003 2876 1187 2934 quum
1215 2875 1361 2919 vero
1392 2860 1620 2919 nullum
1639 2859 1800 2920 illius
1823 2858 1885 2919 in
1916 2858 2039 2919 vita
2068 2857 2298 2919 rectius

256 2938 480 2997 factum
515 2939 594 3000 sit
622 2956 802 3015 quam
842 2939 935 3013 id,
985 2941 1151 3015 quod
1179 2948 1244 3001 tu
1275 2940 1551 3001 iniuriam
1584 2942 1889 3017 appellaS,
1927 2940 1991 3001 hi
2034 2948 2301 3001 statuent

256 3020 415 3079 hanc
447 3036 726 3094 causam,
778 3037 957 3095 quam
986 3039 1063 3083 ne
1091 3022 1153 3082 in
1182 3023 1303 3083 alio
1341 3022 1583 3098 quidem
1613 3024 1973 3098 probarent,
2012 3022 2075 3085 in
2116 3031 2177 3083 te
2205 3020 2298 3083 iu·

257 3109 412 3162 stam
440 3103 521 3162 ad
549 3101 1058 3164 necessitudinem
1098 3103 1443 3165 violandam
1485 3104 1717 3165 videri?
1760 3105 1865 3179 qui
1906 3105 1960 3165 si
2002 3121 2300 3165 summam

258 3182 535 3244 iniuriam
588 3186 666 3245 ab
707 3184 809 3245 illo
865 3185 1186 3261 accepisti,
1235 3194 1435 3247 tamen
1487 3187 1771 3262 quoniam
1821 3196 2111 3263 quaestor
2159 3186 2296 3247 eius

258 3263 452 3338 fuisti,
501 3284 620 3327 non
664 3275 841 3343 potes
886 3284 1023 3329 eum
1069 3268 1201 3329 SIne
1240 3270 1364 3328 ulla
1390 3268 1832 3343 vituperatione
1874 3284 2193 3331 accusare=
2242 3266 2299 3328 si
