2459 3817
216 135 305 201 56
574 96 579 99 ’
812 137 963 202 ruo
996 139 1059 207 P.
1092 138 1358 202 ssssrio
1389 135 1692 202 oRArlo.

208 294 463 356 bantur=
495 289 709 354 armati
734 289 1013 353 homines
1043 292 1241 352 rorum
1267 299 1330 352 et
1352 291 1668 352 contiones
1695 286 2006 350 tenebant=
2043 287 2272 352 caedes

215 375 747 453 lapidationesque
794 374 1047 436 fiebant=
1100 375 1302 435 nullus
1354 383 1484 435 erat
1526 379 1806 446 senatus,
1860 371 2006 433 nihil
2053 371 2274 447 reliqui

214 457 635 536 magistratum
688 475 848 519 unus
883 473 1120 518 omnem
1157 455 1421 516 omnium
1460 463 1818 531 potestatem
1864 453 2047 515 armis
2085 463 2149 515 et
2185 457 2270 516 la·

218 541 491 606 trociniis
520 539 906 617 possidebat,
951 555 1073 600 non
1109 539 1314 614 aliqua
1343 537 1402 598 vi
1431 553 1576 614 sua,
1611 539 1722 598 sed
1755 553 1943 613 quum
1968 537 2093 598 duo
2125 553 2269 599 con-

219 629 389 688 sules
417 641 455 684 a
484 640 551 684 re
581 622 823 699 publica
850 622 1299 698 provinciarum
1329 621 1578 684 foedere
1603 617 1988 692 retraxisset,
2023 617 2260 681 insultue

216 709 351 782 bat,
381 705 829 778 dominabatur,
863 704 999 767 aliis
1028 704 1452 781 pollicebatur,
1485 712 1716 766 terrore
1743 719 1818 764 ac
1847 710 2010 764 metu
2030 703 2274 778 multoe,

219 791 429 868 plures
460 788 637 851 etiam
669 805 781 865 spe
815 796 877 849 et
903 786 1225 864 promissis
1253 788 1512 849 tenebat.

386 871 487 934 35.
532 872 697 947 Quae
727 887 911 946 quum
945 879 1157 933 essent
1181 869 1316 932 eius
1345 868 1542 940 modi,
1583 867 1848 944 iudices,
1879 885 2066 945 quum
2095 884 2272 931 sena·

218 963 319 1018 tus
344 957 535 1016 duces
558 955 759 1017 nullos
782 969 857 1015 ac
883 954 998 1030 pro
1024 953 1284 1016 ducibus
1304 953 1646 1030 proditores
1666 960 1772 1015 aut
1801 951 2002 1028 potius
2023 961 2274 1028 opertos

219 1039 433 1101 hostes
475 1037 753 1115 haberet,
802 1046 1091 1114 equester
1124 1036 1276 1098 ordo
1315 1051 1460 1097 reus
1499 1053 1538 1097 a
1581 1036 1934 1098 consulibus
1969 1033 2276 1111 citaretur,

218 1121 427 1183 ltaliae
456 1121 641 1182 totius
670 1120 999 1182 auctoritas
1030 1118 1482 1196 repudiaretur,
1521 1118 1623 1179 alii
1662 1117 2011 1181 nominatim
2038 1119 2272 1192 relega-

217 1215 454 1279 rentur,
484 1203 585 1265 alii
614 1211 777 1265 metu
808 1209 871 1263 et
893 1203 1165 1280 pericuio
1192 1209 1584 1275 terrerentur,
1615 1217 1783 1262 arma
1805 1208 2016 1262 essent
2039 1199 2100 1261 in
2123 1209 2272 1262 tem·

220 1287 372 1364 plis,
418 1285 630 1347 armati
672 1285 733 1345 in
777 1286 941 1360 roro,
986 1301 1185 1361 eaque
1218 1299 1343 1346 non
1372 1282 1610 1346 silentio
1641 1285 1959 1346 consulum
1987 1282 2272 1344 dissimu-

218 1371 515 1441 larentur,
564 1369 679 1428 sed
730 1374 792 1428 et
832 1383 987 1428 voce
1026 1376 1088 1429 et
1130 1367 1429 1429 sententia
1471 1368 2038 1443 comprobarentur,
2085 1383 2276 1442 quum

220 1465 435 1512 omnes
462 1450 671 1510 urbem
701 1450 969 1510 nondum
998 1449 1270 1512 excisam
1298 1457 1360 1510 et
1385 1466 1696 1524 eversam,
1739 1451 1852 1512 sed
1883 1448 2001 1510 iam
2033 1456 2277 1526 captam

219 1541 405 1608 atque
442 1547 806 1608 oppressam
852 1532 1226 1607 videremus,
1277 1540 1476 1594 tamen
1517 1533 1614 1594 liis
1659 1532 1840 1595 tantis
1879 1531 2056 1594 malis
2103 1539 2280 1594 tanto

121 1634 126 1639 ·
217 1615 518 1678 bonorum
558 1614 794 1690 studio,
835 1614 1103 1689 iudices,
1147 1614 1615 1678 restitissemus:
1667 1617 1780 1678 sed
1811 1632 1907 1678 me
1937 1613 2038 1676 alii
2073 1621 2282 1678 metus

215 1705 403 1775 atque
430 1699 585 1760 aliae
615 1715 799 1761 curae
840 1697 1342 1774 suspitionesque
1370 1707 1704 1761 moverunt.

380 1783 537 1845 XVI.
568 1781 669 1844 36.
708 1783 1029 1858 Exponam
1060 1781 1219 1843 enim
1245 1781 1542 1843 hodierno
1572 1781 1702 1857 die,
1737 1781 2002 1856 iudiceS‚
2031 1795 2278 1842 omnem

213 1863 509 1928 rationem
540 1864 682 1928 facti
714 1874 774 1927 et
802 1863 1042 1927 consilii
1070 1863 1215 1938 mei,
1248 1880 1449 1940 neque
1469 1864 1609 1928 huic
1635 1874 1842 1927 vestro
1871 1873 2036 1926 tanto
2067 1862 2280 1926 studio

190 1947 505 2034 ,audiendi
540 1966 654 2011 nec
694 1963 841 2010 vero
879 1947 1021 2009 huic
1054 1957 1256 2011 tantae
1297 1947 1689 2023 multitudini,
1731 1955 1958 2025 quanta
1983 1963 2118 2008 mea
2147 1962 2273 2008 me-

214 2031 407 2092 moria
435 2047 761 2106 numquam
802 2031 925 2091 ullo
968 2029 1031 2091 in
1060 2029 1284 2092 iudicio
1315 2030 1455 2106 ruit,
1502 2032 1710 2092 deero.
1796 2031 1948 2092 Nam
1983 2030 2036 2092 si
2065 2046 2180 2106 ego
2211 2030 2274 2090 in

216 2129 405 2174 causa
438 2121 555 2173 tam
583 2115 776 2187 bona,
820 2121 987 2174 tanto
1014 2113 1215 2174 studio
1250 2123 1529 2186 senatus,
1575 2129 1885 2176 consensu
1927 2121 2048 2174 tam
2078 2111 2264 2174 incre-

214 2195 383 2256 dibili
406 2196 706 2255 bonorum
730 2192 1015 2263 omnium,
1040 2200 1162 2252 tam
1183 2203 1401 2270 parato
1413 2195 1530 2266 ***,
1555 2202 1684 2258 tota
1709 2197 1977 2270 denique
1995 2195 2166 2256 ltalia
2189 2195 2273 2255 ad

214 2293 454 2339 omnem
484 2275 929 2338 contentionem
960 2274 1248 2351 expedita
1277 2275 1440 2338 cessi
1467 2277 1690 2339 tribuni
1717 2279 1915 2352 plebis
1933 2325 1949 2352 ,
1989 2277 2270 2355 despica-

211 2360 431 2422 tissimi
470 2357 762 2429 hominis,
811 2356 1030 2432 furori,
1071 2357 1728 2435 contemptissimorum
1767 2363 2086 2422 consutum
2121 2361 2270 2422 levi·

210 2451 391 2505 tatem
434 2441 876 2516 audaciamque
922 2439 1230 2516 pertimui,
1276 2441 1522 2504 nimium
1563 2459 1660 2504 me
1700 2443 2001 2518 timidum,
2046 2443 2274 2506 nullius

212 2524 425 2598 animi,
454 2522 676 2584 nullius
704 2522 945 2584 consilii
976 2523 1167 2586 fuisse
1195 2525 1508 2586 confiteor.
1561 2523 1662 2588 37.
1700 2526 1856 2600 Quid
1884 2527 2044 2588 enim
2075 2525 2273 2588 simile

212 2607 323 2669 fuit
349 2607 407 2668 in
442 2608 507 2680 Q.
532 2607 822 2668 Metello?
862 2605 1037 2668 cuius
1064 2622 1312 2669 causam
1341 2607 1457 2670 etsi
1489 2623 1704 2670 omnes
1734 2609 1879 2670 boni
1909 2610 2270 2686 probabant,

214 2697 412 2752 tamen
436 2703 638 2763 neque
658 2697 913 2750 senatus
934 2689 1180 2765 publice
1202 2705 1406 2764 neque
1428 2693 1590 2752 ullus
1617 2693 1770 2754 ordo
1790 2691 2038 2769 proprie
2061 2708 2270 2766 neque

216 2774 349 2836 suis
375 2771 639 2834 decretis
664 2773 835 2836 Italia
864 2781 1085 2834 cuncta
1112 2781 1494 2848 susceperat.
1545 2776 1644 2838 Ad
1674 2791 1847 2838 suam
1882 2775 2041 2836 enim
2067 2790 2280 2848 quam·

217 2858 353 2918 dam
384 2857 579 2933 magis
608 2857 709 2920 ille
732 2859 987 2936 gloriam
1021 2874 1203 2934 quam
1235 2858 1314 2918 ad
1346 2855 1734 2934 perspicuam
1761 2858 2017 2918 sulutem
2045 2853 2135 2914 rei
2163 2869 2275 2928 pu·

214 2940 411 3002 blicae
457 2950 585 3002 tum
637 2950 968 3017 spectarat,
1024 2958 1211 3018 quum
1251 2957 1410 3004 unus
1451 2939 1516 3002 in
1554 2941 1750 3016 legem
1795 2955 1904 3015 per
1935 2936 2057 2998 vim
2091 2938 2274 2997 latam

214 3023 415 3086 iurare
444 3026 751 3086 uolnerata
803 3024 1068 3100 denique
1100 3023 1418 3086 videbatur
1455 3039 1531 3084 ea
1557 3022 1922 3086 condicione
1949 3029 2068 3082 tam
2100 3018 2276 3092 sortis

213 3107 441 3182 fuisse,
487 3116 555 3169 ut
581 3123 717 3168 cum
760 3107 992 3183 patriae
1024 3107 1272 3168 caritate
1304 3106 1679 3167 constantiae
1715 3103 1972 3180 gloriam
2005 3119 2274 3164 commu-

212 3198 383 3252 taret.
440 3190 584 3252 Erat
614 3197 815 3251 autem
842 3207 945 3251 res
973 3189 1033 3251 ei
1060 3205 1197 3250 cum
1224 3187 1496 3250 exercitu
1520 3188 1584 3249 C.
1605 3185 1779 3249 Marii
1803 3186 2058 3248 invictoa
2086 3185 2274 3245 habe-

213 3271 318 3332 bat
338 3272 645 3334 inimicum
670 3273 731 3332 c.
753 3271 1037 3346 Marium,
1068 3279 1565 3334 conservatorem
1588 3269 1850 3346 patriae,
1885 3276 2124 3331 sextum
2153 3265 2276 3327 iam

212 3352 380 3414 illum
405 3356 785 3416 consulatum
806 3369 989 3429 geren
998 3362 1145 3416 temae
1173 3371 1275 3416 res
1299 3362 1428 3418 erat
1445 3369 1581 3416 cum
1599 3353 1665 3414 L.
1687 3349 2032 3426 Saturnino,
2057 3351 2276 3412 iterum
