2459 3817
806 150 1596 218 GAP.e-e.s.1e—2⁵
2131 166 2251 233 191

192 308 311 373 ret,
354 298 677 361 verborum
708 308 904 361 tamen
934 301 1208 377 ipsorum
1250 304 1493 401 pond-us
1534 301 1835 369 sustinere
1867 322 1988 368 non
2025 320 2254 383 posset.

192 382 293 443 22.
328 382 527 453 Cessit
555 382 911 447 auctoritati
928 384 1288 459 amplissimi
1318 388 1429 447 viri
1459 389 1554 448 vel
1583 390 1788 464 potius
1817 391 2034 465 paruit.
2122 392 2258 455 Una

191 473 288 526 est
326 466 643 540 profectus
683 482 818 527 cum
858 465 964 540 iis,
1012 484 1267 543 quorum
1299 478 1427 533 erat
1459 488 1580 533 una
1609 488 1826 533 causa·
1873 472 2102 535 tardius
2144 474 2260 537 iter

190 548 361 608 fecit·
402 548 611 623 itaque
634 546 696 608 in
724 549 993 611 Africam
1019 549 1189 611 venit.
1210 550 1329 613 iam
1361 562 1738 629 occupatam.
1809 558 2009 617 Hinc
1991 574 2051 617 ιιι
2080 558 2255 634 Liga-

187 629 344 691 rium
374 628 601 691 crimen
633 632 821 692 oritur
850 636 947 693 vel
994 632 1084 695 ira
1117 634 1348 711 potius.
1431 637 1582 699 Nam
1614 637 1666 699 si
1697 638 1922 701 crimen
1951 649 2048 701 est
2091 640 2256 703 illum

190 712 481 787 voluisse,
504 731 624 775 non
646 713 847 777 minus
868 732 1152 792 magnum
1175 727 1273 781 est
1296 735 1410 780 vos
1432 718 1722 795 Africam,
1745 740 1947 783 arcem
1981 724 2251 787 omnium

186 795 661 873 provinciarum,
684 806 882 859 natam
904 799 986 861 ad
999 800 1223 861 bellum
1249 810 1464 863 contra
1482 802 1640 863 hanc
1662 767 1872 865 urbem
1895 807 2256 883 gerundum,

186 879 461 942 obtinere
488 880 761 943 voluisse
794 899 977 957 quam
1004 884 1270 959 aliquem
1303 900 1372 944 se
1392 885 1702 945 maluisse.
1743 888 1993 961 Atque
1975 905 2030 952 is
2052 896 2253 951 tame-n

184 958 409 1041 aliquis
437 962 717 1038 Ligarius
752 981 877 1025 ιιοιι
924 965 1053 1026 suit.
1140 968 1344 1027 Varus
1371 966 1686 1042 imperium
1727 984 1798 1029 se
1827 969 2052 1030 habere
2087 973 2249 1033 dice-

182 1046 324 1115 bat..
354 1046 559 1106 fasces
598 1054 762 1108 certe
809 1046 1091 1108 habebat.
1176 1048 1279 1109 23.
1323 1047 1447 1110 Sed
1491 1066 1740 1125 quoquo
1781 1054 1964 1112 modo
2005 1069 2076 1115 se
2101 1054 2251 1119 illud

181 1127 393 1201 habet,
433 1128 587 1189 haec
618 1132 893 1203 querella
924 1138 1158 1204 vestra,
1189 1131 1458 1205 Tubero,
1495 1132 1642 1208 quid
1670 1134 1872 1195 valet?
1900 1137 2151 1212 Recepti
2187 1139 2246 1198 in

180 1208 559 1285 provinciam
601 1227 722 1273 non
772 1228 1007 1273 sumus.
1108 1212 1296 1287 Quid,
1339 1216 1392 1275 si
1436 1216 1699 1279 essetis?
1747 1218 2071 1280 Caesarine
2115 1238 2250 1281 eam

184 1290 452 1353 tradituri
497 1292 768 1356 fuissetis
808 1312 886 1355 an
942 1304 1153 1357 contra
1183 1298 1504 1359 Caesarem
1541 1300 1872 1361 retenturi?
1897 1301 2055 1362 vul.
2087 1302 2248 1365 Vide

182 1374 329 1451 quid
368 1373 677 1451 licentiae,
716 1376 971 1452 Caesar,
1019 1380 1197 1441 nobis
1249 1389 1348 1443 tua
1389 1381 1718 1443 liberalitas
1759 1384 1862 1448 det
1911 1386 2005 1446 vel
2041 1387 2247 1461 potius

180 1457 492 1521 audaciae.
538 1459 603 1521 Si
632 1462 1023 1537 responderit
1049 1464 1307 1538 Tubero,
1339 1464 1628 1541 Africam,
1664 1484 1788 1543 quo
1817 1477 2068 1531 senatus
2105 1487 2242 1531 eum

178 1558 442 1619 sorsque
484 1543 759 1619 miserat,
804 1544 913 1605 tibi
954 1554 1189 1646 patrem
1228 1566 1406 1609 suum
1449 1550 1803 1613 traditurum
1851 1550 2076 1630 fuisse,
2120 1571 2242 1616 non

181 1624 467 1687 dubitabo
498 1628 661 1702 apud
692 1629 893 1703 ipsum
935 1637 1023 1703 te,
1068 1630 1244 1693 euius
1285 1631 1349 1691 id
1395 1648 1532 1691 eum
1565 1634 1766 1693 facere
1795 1632 2078 1707 interluit,
2109 1652 2236 1711 gra·

180 1706 445 1767 vissimis
474 1709 680 1769 verbis
712 1711 844 1770 eius
878 1711 1198 1773 consilium
1239 1714 1708 1787 reprehendere.
1795 1716 1927 1776 Non
1960 1718 2150 1791 enim,
2189 1716 2242 1779 si

181 1789 385 1851 tibica
405 1806 507 1852 res
528 1800 701 1867 grata
724 1792 959 1866 fuisset,
988 1803 1157 1855 esset
1180 1796 1358 1857 etiam
1383 1796 1666 1872 probata.
1713 1794 1814 1853 24.
1837 1796 2003 1857 Sed
1987 1814 2107 1859 iam
2127 1800 2246 1861 hoc

178 1880 375 1935 totum
400 1874 633 1951 omitto,
662 1891 785 1935 non
818 1883 939 1939 tam
961 1884 1219 1951 propter
1237 1880 1320 1957 id,
1328 1895 1406 1939 ne
1429 1880 1738 1940 offendam
1761 1885 1904 1942 tuas
1925 1881 2244 1956 patientis·

180 1956 367 2019 simas
388 1973 591 2033 aureS,
624 1976 803 2034 quam
828 1976 909 2019 ne
920 1960 1163 2022 Tubero
1190 1963 1360 2060 quod
1384 1978 1716 2038 numquam
1739 1962 2032 2037 cogitavit
2055 1966 2244 2029 sactu·

180 2057 287 2101 rus
311 2041 506 2102 fuisse
529 2042 829 2103 videatur.
876 2042 1233 2105 veniebatis
1255 2045 1440 2121 igitur
1459 2046 1518 2107 in
1541 2046 1828 2117 Africam,
1860 2048 2242 2140 provi-nciam

180 2139 361 2185 unam
409 2141 487 2185 ex
531 2125 811 2187 omnibus
854 2124 997 2187 huic
1048 2124 1339 2186 victoriae
1377 2123 1640 2185 maxime
1679 2124 1994 2201 infestam,
2032 2125 2092 2185 in
2127 2142 2248 2202 qua

180 2215 313 2269 erat
330 2224 441 2269 rex
470 2206 951 2295 potentissimus,
979 2206 1262 2271 inimicus
1295 2207 1437 2269 huie
1469 2223 1712 2279 causae,
1737 2210 1934 2270 aliena
1966 2210 2246 2271 voluntas

181 2299 523 2352 conventus
552 2292 705 2352 firmi
738 2298 921 2367 atque
950 2290 1171 2366 mag-ni.
1260 2290 1526 2365 Quaero·
1570 2290 1718 2367 quid
1759 2290 1971 2353 tacturi
2006 2290 2250 2353 fuistis?

182 2390 553 2449 quamquam
588 2376 733 2450 quid
770 2374 984 2438 facturi
1009 2373 1245 2435 fueritis
1275 2374 1572 2448 dubitem,
1613 2391 1796 2451 quum
1829 2373 2066 2435 videam
2100 2374 2245 2451 quid

180 2456 488 2519 feceritis?
525 2455 813 2519 Prohibiti
856 2456 1005 2519 estis
1042 2458 1103 2517 in
1148 2456 1463 2531 provincia
1501 2466 1704 2519 vestra
1748 2460 1966 2533 pedem
2016 2474 2247 2533 ponere

180 2548 242 2601 et
273 2540 557 2613 prohibiti
587 2557 823 2603 summa
865 2557 1000 2601 cum
1051 2539 1288 2601 iniuria.
1373 2539 1475 2603 25.
1510 2539 1640 2614 Quo
1675 2542 1859 2602 modo
1889 2542 1951 2600 id
1981 2540 2249 2602 tulistis?

178 2633 473 2699 acceptae
513 2623 769 2685 iniuriae
801 2627 1136 2700 querellam
1166 2626 1246 2685 ad
1287 2641 1464 2700 quem
1509 2624 1852 2684 detulistis?
1895 2624 2128 2699 Nempe
2169 2624 2246 2683 ad

178 2722 335 2780 eum,
366 2706 539 2772 cuius
570 2708 985 2769 auctoritatem
1016 2706 1211 2769 secuti
1257 2707 1318 2767 in
1361 2706 1712 2770 societatem
1755 2706 1896 2766 belli
1928 2706 2250 2766 veneratis.

178 2788 377 2861 Quod·
408 2790 461 2849 si
504 2790 781 2851 Caesaris
824 2806 1013 2851 causa
1053 2789 1115 2850 in
1156 2789 1537 2865 provinciam
1571 2786 1942 2859 veniebatiS,
1987 2788 2065 2847 ad
2110 2804 2246 2849 cum

178 2872 456 2946 profecto
501 2874 735 2932 exclusi
776 2872 1093 2946 provincia
1138 2872 1486 2933 venissetis.
1575 2870 1847 2931 Venistis
1878 2870 1955 2930 ad
1979 2870 2248 2947 ‚Pompe-

178 2955 327 3015 ium.
379 2954 553 3030 Quae
580 2964 685 3015 est.
703 2970 853 3029 ergo
882 2954 1049 3029 apud
1081 2955 1406 3018 Caesarem
1437 2951 1723 3029 querella,
1755 2970 1940 3031 quum
1981 2970 2118 3015 eum
2147 2970 2248 3015 ac·

178 3038 441 3111 cusetiS‚
486 3054 523 3097 a
554 3056 679 3113 quo
722 3036 1060 3111 queramini
1102 3036 1442 3113 prohibitos
1473 3052 1616 3097 esse
1643 3053 1757 3097 vos
1787 3044 1997 3099 contra
2027 3038 2247 3097 Caesa·

175 3137 305 3181 rem
340 3138 555 3197 gerere
605 3122 873 3182 bellum?
912 3124 1117 3196 Atque
1160 3120 1219 3181 in
1263 3122 1382 3183 boc
1425 3118 1668 3197 quidem
1696 3122 1795 3183 vel
1839 3136 1976 3182 cum
2002 3120 2251 3180 menda·

178 3202 295 3277 cio,
331 3206 383 3265 si
412 3203 627 3277 vultiS,
656 3202 997 3280 gloriemini
1034 3220 1147 3279 per
1173 3221 1270 3265 me
1299 3205 1469 3278 licet,
1499 3220 1616 3265 vos
1645 3202 2022 3279 provinciam
2054 3201 2247 3261 fuisse

176 3286 423 3350 Caesari
465 3288 817 3349 tradituros.
903 3286 1097 3348 Etiam
1149 3286 1201 3349 si
1250 3304 1286 3347 a
1327 3290 1494 3349 Varo
1532 3294 1592 3348 et
1628 3304 1665 3346 a
1709 3286 2071 3362 quibusdam
2113 3282 2246 3379 aliis

178 3367 465 3445 prohibiti
504 3370 682 3447 estiS,
729 3386 845 3445 ego
890 3378 1088 3433 tamen
1144 3371 1482 3433 confitebor
1529 3370 1769 3447 eulpam
1828 3383 1970 3429 esse
2010 3365 2250 3445 Ligarii,
