2459 3817
767 147 929 207 CAP.
963 152 1222 209 fflmfiss.
1264 150 1315 211 S.
1353 154 1683 205 126—131.
2162 148 2243 209 91

192 300 598 355 conservatae
640 295 833 355 dedite
874 294 1048 357 cuius
1091 293 1447 355 sententiam
1476 291 1559 353 ita
1589 288 2114 365 frequentissimus
2150 307 2245 349 se-

195 384 381 435 natus
415 386 666 445 secutus
704 386 829 449 est,
872 386 939 437 ut
978 392 1138 438 unus
1167 374 1517 437 dissentiret
1548 372 1775 446 hostie,
1813 371 2003 446 idque
2040 370 2245 445 ipsum

195 456 424 517 tabulis
465 458 742 533 publicis·
769 454 1156 520 mandaretur·
1189 458 1270 517 ad
1310 456 1661 517 memoriam
1696 453 1927 530 posteri
1954 452 2246 527 temporis

195 538 658 613 sempiternam:
693 542 798 600 vel
841 542 1010 616 quod
1043 549 1143 601 est
1179 539 1477 614 postridie
1504 540 1815 599 decretum
1843 536 1905 596 in
1934 535 2103 597 curia
2134 551 2245 610 po-

196 623 325 695 puli
354 620 550 695 ipsius
579 623 834 683 Romani
866 632 927 685 et
957 639 1182 695 corum,
1217 622 1426 696 quiex
1446 618 1791 694 municipiis
1814 626 2245 691 convenerant,

192 703 541 777 admonitu,
571 721 650 764 ne
685 705 822 779 quis
855 706 939 766 de
965 707 1136 765 caelo
1171 712 1475 776 servaret,
1518 718 1597 761 ne
1630 700 1770 776 quis
1801 716 2031 761 moram
2064 702 2243 762 ullam

191 786 494 845 adferret:
540 787 594 846 si
639 787 795 861 quis·
817 790 992 848 aliter
1029 784 1312 858 fecisset,
1358 800 1498 845 eum
1540 784 1722 857 plane
1766 798 2115 843 eversorem
2149 780 2244 843 ‚rei

191 868 479 941 publicae
505 872 640 929 fore
667 870 858 943 idque
887 878 1163 930 senatum
1193 866 1554 943 gravissime
1591 867 1880 937 laturum,
1923 873 1984 925 et
2024 873 2090 924 ut
2122 874 2245 923 sta-

190 950 299 1009 tim
341 950 420 1009 de
463 950 598 1011 eius
639 952 798 1011 facto
838 952 1182 1011 referretur.
1247 951 1377 1022 Qua
1415 948 1707 1023 gravitate
1744 964 1857 1007 sua
1905 962 2091 1021 quum
2124 948 2241 1021 fre-

194 1046 395 1106 quens
439 1041 690 1093 senatus
735 1050 855 1093 non
889 1034 1192 1092 nullorum
1223 1033 1428 1091 scelus
1458 1028 1901 1104 audaciamque
1922 1029 2241 1097 tardasset,

192 1122 394 1173 tamen
428 1112 574 1173 illud
603 1114 853 1186 addidit,
879 1124 964 1187 ut,
998 1111 1053 1173 si
1081 1113 1299 1173 diebus
1334 1112 1633 1188 quinque,
1662 1111 1887 1186 quibus
1910 1110 2013 1183 agi.
2039 1110 2116 1169 de
2145 1125 2238 1170 me

192 1193 516 1267 potuisset,
539 1212 660 1255 non
685 1205 852 1257 esset
873 1204 1090 1268 actum,
1115 1194 1380 1254 redirem
1403 1194 1463 1255 in
1485 1194 1741 1270 patriam
1765 1192 2053 1269 dignitate
2076 1190 2240 1253 omni

192 1285 574 1351 recuperata.
643 1278 818 1339 LXII.
856 1276 1140 1338 Decrevit
1172 1277 1391 1337 eodem
1418 1286 1696 1352 tempore
1724 1284 2007 1347 senatuS,
2051 1282 2119 1335 ut
2144 1274 2242 1347 iis,

193 1356 301 1433 qui
333 1374 414 1418 ex
442 1366 568 1420 tota
589 1359 764 1419 ltalia
802 1359 1012 1420 salutis
1041 1376 1213 1419 meae
1241 1375 1429 1419 causa
1454 1365 1893 1429 convenerant,
1923 1365 2242 1431 agerentur

191 1440 424 1514 gratiae
452 1450 635 1516 atque
663 1450 729 1501 ut
756 1442 982 1515 eidem,
1022 1443 1101 1501 ad
1129 1458 1230 1502 res
1260 1443 1588 1504 redeuntes
1618 1449 1685 1502 ut
1712 1440 2016 1511 venirent,
2056 1454 2239 1513 roga—

192 1532 417 1584 rentur.
477 1522 616 1584 130.
660 1524 828 1585 Haec
867 1534 998 1585 erat
1039 1524 1376 1586 studiorum
1416 1524 1477 1584 in
1520 1540 1659 1583 mea
1691 1524 1885 1583 salute
1912 1522 2239 1592 contentio,

191 1614 260 1665 ut
289 1604 362 1678 ii,
394 1606 500 1681 qui
531 1623 572 1665 a
597 1614 814 1668 senatu
843 1608 921 1666 de
949 1623 1046 1667 me
1071 1608 1472 1681 rogabantur,
1504 1606 1703 1665 eidem
1730 1602 1968 1663 senatui
1997 1618 2110 1678 pro
2144 1617 2239 1663 me

193 1687 625 1760 supplicarent.
665 1690 870 1761 Atque
897 1688 980 1747 ita
1009 1688 1070 1746 in
1099 1687 1194 1747 his
1223 1689 1411 1748 rebus
1438 1704 1601 1747 unus
1627 1694 1723 1746 est
1744 1686 1917 1745 solus
1939 1684 2239 1755 inventuS‚

195 1768 300 1842 qui
341 1768 418 1827 ab
463 1768 580 1827 hac
619 1776 738 1828 tam
779 1770 1060 1843 impensa
1087 1770 1395 1829 voluntate
1423 1770 1720 1827 bonorum
1752 1766 1949 1839 palam
1980 1764 2239 1824 disside-

192 1858 314 1921 ret,
362 1859 430 1910 ut
473 1850 652 1910 etiam
692 1850 759 1923 Q.
786 1851 1064 1911 Meteilus
1107 1852 1351 1923 consul,
1406 1849 1511 1923 qui
1550 1847 1697 1909 mihi
1738 1849 1832 1906 vel
1873 1846 2133 1906 maxime
2160 1861 2239 1904 ex

193 1930 430 2005 magnis
453 1932 944 1993 contentionibus
971 1933 1062 1991 rei
1096 1931 1376 2006 publicae
1405 1929 1622 1991 ruisset
1648 1928 1958 2000 inimicuS,
2000 1929 2077 1988 de
2106 1943 2240 1985 mea

111 2076 120 2087 ‚
195 2014 392 2075 salute
418 2014 730 2075 rettulerit.
791 2014 904 2089 Qui
944 2014 1243 2074 excitatus
1276 2029 1464 2087 quum
1493 2025 1727 2073 summa
1753 2010 2111 2071 auctoritate
2136 2026 2227 2069 se·

191 2103 506 2157 uetustum
533 2094 598 2155 P.
631 2096 874 2157 Servilii
903 2098 1104 2156 divina
1139 2096 1403 2170 quadarn
1430 2094 1726 2169 gravitate
1750 2091 2013 2163 dicendi,
2052 2106 2240 2167 quum

193 2178 294 2241 ille
331 2194 548 2239 omnes
595 2195 790 2253 prope
831 2180 908 2237 ab
947 2177 1159 2238 inferis
1200 2186 1526 2239 evocas-set
1555 2176 1837 2237 Metellos
1871 2184 1933 2235 et
1965 2175 2045 2235 ad
2076 2174 2239 2233 illius

193 2260 468 2335 generis,
499 2262 668 2335 quod
695 2260 810 2321 sibi
844 2278 985 2321 cum
1017 2276 1091 2320 eo
1127 2276 1446 2321 commune
1480 2267 1676 2332 esset,
1712 2256 2064 2332 dignitatem
2099 2272 2237 2331 pro-

195 2342 408 2417 pinqui
435 2344 534 2402 sui
560 2350 824 2403 mentem
849 2359 884 2402 a
912 2341 1224 2402 Clodianis
1252 2340 1585 2403 latrociniis
1612 2339 1993 2411 reflexisset,
2024 2355 2239 2412 quum-

195 2440 316 2499 que
359 2440 498 2485 eum
537 2426 618 2484 ad
657 2424 978 2485 domestici
1023 2422 1287 2498 exempli
1332 2422 1681 2483 memoriam
1727 2430 1789 2482 et
1832 2422 1913 2481 ad
1941 2418 2237 2481 Numidici

192 2506 352 2567 illius
385 2505 609 2567 Metelli
647 2522 860 2567 casum
897 2508 995 2565 vel
1035 2506 1373 2579 gloriosum
1413 2507 1511 2565 vel
1540 2520 1785 2580 gravem
1816 2502 2237 2579 convertisset,

193 2589 624 2650 collect-imavit
661 2588 756 2647 vir
793 2588 1078 2663 egregius
1117 2603 1192 2647 ac
1236 2604 1381 2647 vere
1408 2586 1689 2647 Metellus
1734 2595 2049 2659 totumque
2074 2601 2146 2645 se
2172 2584 2237 2643 P.

195 2670 450 2731 Servilio
481 2670 705 2731 dicenti
735 2671 916 2731 etiam
943 2680 1070 2731 tum
1096 2668 1371 2743 tradidit,
1409 2686 1523 2729 nec
1551 2670 1712 2729 illam
1741 2670 2007 2728 divinam
2038 2666 2238 2741 gravi-

195 2760 374 2811 tatem
412 2752 652 2825 plenam
689 2752 1060 2826 antiquitatis
1101 2752 1331 2813 diutius
1372 2751 1555 2812 homo
1600 2751 1877 2811 eiusdem
1922 2748 2237 2825 sanguinis

193 2832 388 2908 potuit
415 2832 716 2893 sustinere
745 2842 808 2893 et
829 2850 1067 2893 mecum
1097 2836 1325 2893 absens
1344 2832 1643 2893 beneficio
1676 2831 1993 2908 suo-rediit
2018 2832 2078 2891 in
2101 2846 2233 2905 gra-

193 2916 352 2976 tiam.
411 2912 548 2975 131.
599 2914 776 2987 Quod
802 2923 1001 2989 certe,
1045 2914 1100 2975 si
1139 2922 1237 2975 est
1262 2912 1451 2989 aliqui
1485 2930 1710 2975 sensus
1741 2914 1804 2973 in
1837 2922 2031 2975 morte
2060 2930 2237 2989 prae-

193 2998 491 3057 clarorum
516 2997 799 3068 virorum,
833 3014 1018 3071 quum
1051 2997 1331 3057 omnibus
1358 2996 1616 3057 Metellis
1645 3006 1770 3058 tum
1801 3013 1947 3057 vero
1976 2994 2235 3059 univiro

193 3077 520 3142 fortissimo
563 3086 624 3139 et
653 3077 1176 3154 praestantissimo
1209 3078 1330 3139 civi
1356 3078 1763 3153 gratissimum
1796 3078 1963 3139 fratri
1996 3094 2110 3139 suo
2149 3078 2233 3135 fc-

193 3160 298 3234 cit,
329 3161 502 3221 socio
533 3161 837 3233 laborum,
872 3160 1306 3236 periculorum,
1336 3159 1733 3223 consiliorum
1761 3177 2054 3221 meorum.

357 3243 558 3302 LXllI.
601 3242 856 3305 Reditus
879 3260 1026 3305 vero
1049 3260 1222 3305 meus
1246 3243 1353 3318 qui
1374 3244 1555 3307 fuerit
1581 3243 1716 3319 quis
1742 3244 2025 3315 ignorat?
2052 3256 2233 3315 quem

191 3326 267 3383 ad
289 3326 532 3387 modum
552 3322 702 3385 mihi
717 3326 1060 3386 advenienti
1080 3336 1379 3401 tamquam
1400 3327 1584 3387 totius
1606 3325 1813 3385 Italiae
1830 3330 2015 3398 atque
2036 3322 2235 3399 ipsius
