2459 3817
247 157 327 214 88
813 141 962 204 PRO
995 143 1059 200 P.
1093 141 1360 202 SESTIO
1390 141 1692 204 ORATIO.

231 309 366 358 cam
389 297 551 355 certo
575 295 772 355 ωιὲηιο
797 293 1120 370 adiunget-u,
1159 296 1453 366 εισιιιενίι,
1491 297 1712 358 steterit
1738 311 1873 356 cum
1903 295 2140 362 Achiuis
2172 337 2295 360 ...ψ

231 376 552 438 vobiscum
574 394 671 437 me
692 378 940 438 stetisse
964 377 1226 448 dicebat,
1270 385 1509 438 vestros
1536 376 1787 438 ordines
1809 378 2293 451 demonstrabat,

229 461 644 522 revocabatur
665 461 740 519 ab
765 457 1092 520 universis.
1136 461 1229 520 Re
1264 461 1446 520 dubia
1470 461 1640 522 haud
1664 461 1945 524 dubitarit
1970 462 2283 533 vitamef-

226 543 399 616 ἴση-ο
423 558 534 602 nec
557 545 746 616 capita·
760 545 1114 636 pepercerit.
1161 540 1301 603 121.
1330 542 1497 603 Haec
1527 541 1773 616 quantis
1807 544 1885 606 ab
1918 542 2021 605 illo
2052 545 2275 614 clamo—

231 624 400 684 ribus
439 625 800 698 agebantur!
848 641 1036 700 quum
1076 625 1198 684 iam
1244 625 1477 687 omisso
1514 634 1697 698 gestu
1724 624 1929 686 verbis
1966 627 2187 700 poetae
2217 633 2277 684 et

231 704 435 766 studio
455 705 679 767 actoris
704 717 766 767 et
785 707 1233 784 exspectationi
1256 715 1501 770 nostrae
1530 709 1950 801 plauderetur·
1978 708 2287 773 Summam

227 792 497 863 amicum,
525 805 746 850 summo
772 793 837 860 in
861 792 1012 852 bello
1032 834 1134 851 .....
1164 807 1309 852 nam
1345 790 1493 854 illud
1532 789 1671 865 ipse
1708 799 1879 852 actor
1906 789 2281 864 adiungebat

228 873 423 932 amico
471 872 672 932 animo
719 881 781 934 et
831 873 1095 935 tortasse
1136 874 1413 935 homines
1457 882 1706 949 propter
1750 873 2003 947 aliquod
2036 871 2279 934 deside-

228 954 385 1015 rium
408 956 860 1031 approbabant.
893 973 1118 1018 summo
1143 959 1759 1032 inm-praeditum,
1803 956 2129 1016 LV11.1am
2175 953 2284 1017 illa

228 1047 453 1115 quanto
500 1055 638 1099 cum
665 1039 892 1114 gemitu
922 1038 1137 1115 populi
1165 1039 1424 1100 Romani
1454 1040 1531 1099 ab
1564 1039 1785 1100 eodem
1811 1038 2015 1113 paullo
2049 1037 2279 1112 postia

227 1122 442 1182 eadem
472 1122 677 1182 fabula
707 1130 850 1184 sunt
879 1131 1042 1183 aetat
1089 1119 1370 1198 omer!
1400 1165 1503 1182 .....
1530 1122 1658 1194 Me,
1704 1137 1802 1182 me
1830 1121 1929 1180 ille
1964 1121 2279 1181 absentem

197 1213 292 1265 ·ut
330 1213 564 1280 patrem
615 1205 1058 1280 deplorandum
1106 1212 1373 1281 putarat,
1424 1221 1604 1279 quem
1648 1203 1717 1278 Q.
1765 1203 2042 1276 Catulus,
2092 1217 2275 1278 quem

225 1286 396 1348 multi
421 1287 522 1346 alii
551 1304 740 1362 saepe
761 1287 822 1347 in
847 1297 1061 1348 senatu
1083 1297 1316 1363 patrem
1339 1287 1571 1362 patriae
1602 1287 1997 1348 nominarant.
2040 1285 2277 1360 Quanto

227 1385 366 1430 cum
395 1369 545 1429 fletu
579 1371 656 1428 de
684 1369 803 1430 illis
833 1371 1062 1430 nostris
1092 1371 1390 1432 incendiis
1430 1387 1505 1432 ac
1547 1369 1772 1444 ruinis,
1815 1387 1999 1446 quum
2043 1377 2275 1444 patrem

230 1453 486 1528 pulsum,
510 1450 762 1524 patriam
787 1451 1092 1514 adflictam
1116 1454 1477 1528 deploraret,
1500 1454 1747 1515 domum
1768 1454 2081 1529 incensam
2102 1467 2272 1512 ever-

227 1552 378 1606 sam,
407 1549 570 1609 quae
591 1532 690 1594 sie
706 1533 849 1609 egit,
874 1541 962 1606 ut,
980 1535 1395 1598 demonstrata
1420 1535 1672 1611 pristina
1701 1538 1959 1609 fortuna,
1976 1535 2177 1611 ‘quum
2206 1549 2279 1594 se

228 1615 660 1678 convertisse&
704 1617 874 1678 Haeo
907 1621 1106 1680 mnia
1133 1619 1261 1679 vidi
1284 1621 1676 1693 inflammari.-
1718 1619 1927 1680 fletum
1955 1617 2141 1679 etiam
2165 1616 2276 1676 ini-

227 1698 400 1760 mici-s
449 1707 636 1775 atque
683 1698 910 1762 invidis
957 1699 1280 1764 excitaret!
1369 1701 1509 1764 12⁴2..
1565 1701 1723 1764 Proh
1769 1701 1831 1763 di
1874 1700 2277 1761 immortales!

227 1784 373 1858 quid
403 1782 532 1855 illa,
564 1801 744 1858 quem
772 1784 852 1844 ad
881 1786 1126 1845 modum
1159 1784 1311 1847 dixit
1339 1785 1527 1845 idem!
1562 1801 1719 1859 quae
1748 1783 1893 1844 mihi
1923 1781 2168 1860 quidem
2196 1780 2279 1842 ita

226 1875 288 1927 et
323 1875 459 1927 acta
501 1875 562 1928 et
589 1866 816 1942 scripta
849 1867 1128 1930 videntur
1157 1884 1330 1941 esse,
1372 1877 1437 1931 ut
1465 1869 1563 1926 vel
1592 1883 1631 1928 a
1657 1868 1725 1941 Q.
1756 1868 1995 1939 Catulo,
2037 1865 2090 1929 si
2116 1864 2277 1924 revi-

225 1948 438 2021 xisset,
477 1952 789 2024 praeclare
818 1965 1006 2025 posse
1035 1950 1156 2012 dici
1177 1951 1551 2012 viderentur·
1581 1951 1638 2010 is
1664 1951 1822 2010 enim
1850 1949 2039 2008 libere
2067 1961 2277 2022 repre·

223 2033 496 2091 hendere
523 2040 585 2092 et
611 2048 906 2093 accusare
937 2034 1150 2108 populi
1183 2051 1305 2094 non
1337 2049 1660 2107 numquam
1690 2031 2083 2096 temeritatem
2112 2031 2275 2092 sole-

224 2116 330 2174 bat
353 2121 456 2172 aut
484 2129 752 2175 errorem
779 2123 1059 2176 senatus·
1099 2115 1150 2176 0
1181 2119 1506 2190 maratifici
1528 2116 1765 2189 Araiai,
1804 2119 2089 2186 immunes
2111 2114 2283 2185 6ναί

223 2200 584 2258 immemores
609 2194 887 2269 benefici!
914 2197 1048 2258 Non
1081 2206 1212 2258 erat
1238 2199 1384 2259 illud
1414 2197 1659 2273 quidem
1690 2215 1933 2259 verum·
1964 2214 2084 2259 non
2116 2195 2281 2256 enim

223 2280 468 2354 ingrati,
515 2278 628 2338 sed
670 2277 905 2353 miseri,
949 2280 1172 2355 quibus
1214 2281 1472 2340 reddere
1504 2282 1761 2343 salutem
1792 2297 1832 2340 a
1862 2296 1983 2356 quo
2016 2294 2273 2353 accepe-

223 2370 362 2422 rant
397 2378 517 2421 non
561 2360 800 2433 liceret,
843 2377 957 2422 nec
997 2379 1156 2424 unus
1195 2361 1259 2424 in
1309 2380 1672 2438 quemquam
1715 2379 2003 2437 umquam
2046 2361 2279 2438 gratior

225 2460 413 2521 quam
442 2441 501 2504 in
537 2459 634 2504 me
665 2442 963 2505 universi:
1007 2447 1120 2506 sed
1147 2453 1348 2506 tamen
1381 2445 1529 2506 illud
1564 2444 1809 2521 scripsit
1836 2443 2281 2507 disertissimus

223 2531 411 2603 poeta
452 2543 565 2602 pro
609 2542 736 2599 me,
773 2527 896 2601 egit
936 2526 1303 2590 fortissimus
1350 2536 1547 2602 actor,
1589 2545 1712 2590 non
1757 2529 1956 2593 solum
1984 2526 2265 2603 optimus

225 2612 304 2671 de
332 2625 458 2682 me,
507 2626 692 2684 quum
723 2624 937 2670 omnes
967 2611 1214 2674 ordines
1248 2612 1723 2684 demonstraret,
1764 2619 2072 2682 senatum,
2104 2608 2271 2684 equi-

223 2701 318 2754 tes
343 2694 672 2766 Romanos,
702 2691 1053 2754 universum
1082 2695 1377 2770 populum
1396 2695 1737 2759 Romanum
1765 2699 2110 2758 accusaretz
2136 2691 2285 2753 Ex-

221 2779 424 2836 sulare
455 2778 644 2836 sinitis
657 2822 674 2850 ,
699 2777 854 2838 sistis
872 2779 1048 2853 pelli,
1083 2781 1320 2852 pmsum
1339 2780 1638 2854 patimini..
1700 2777 1867 2851 Quae
1897 2786 2023 2840 tum
2050 2773 2279 2850 signifi·

223 2856 382 2920 catio
419 2857 600 2918 fuerit
633 2857 933 2934 omnium,
966 2876 1123 2934 quae
1154 2860 1482 2922 declaratio
1519 2859 1846 2922 voluntatis
1876 2859 1953 2919 ab
1987 2857 2289 2918 universo-

222 2942 456 3016 populo
499 2941 777 3002 Romano
817 2942 881 3003 in
925 2959 1114 3006 causa
1152 2943 1416 3006 hominis
1453 2959 1573 3005 non
1621 2940 1939 3038 popularis
1988 2936 2287 3015 equidem

221 3022 573 3095 audiebam,
607 3023 954 3087 existimare
987 3025 1222 3088 facilius
1255 3035 1517 3102 possunt
1576 3024 1685 3100 qui
1710 3025 2051 3088 adfuerunt.

391 3105 599 3166 1.an
632 3104 772 3168 123.
814 3107 906 3180 Et,
941 3109 1229 3184 quoniam
1251 3111 1369 3170 huc
1394 3125 1494 3168 me
1514 3106 1798 3182 provexit
1817 3105 2032 3179 oratio,
2061 3100 2290 3166 histrio·

223 3206 437 3252 casum
484 3205 683 3250 meum
723 3189 944 3252 totiens
985 3190 1445 3262 collacrimavit,
1496 3207 1682 3265 quum
1710 3189 1795 3250 ita
1826 3190 2103 3250 dolenter
2134 3201 2289 3260 age-

222 3283 318 3334 ret
347 3289 596 3335 causam
625 3288 850 3346 meam,
893 3282 961 3334 ut
988 3289 1114 3334 vox
1147 3271 1281 3332 eius
1313 3272 1414 3332 illa
1441 3273 1757 3348 praeclara
1789 3270 2055 3333 lacrimis
2087 3268 2279 3342 impe

225 3355 486 3418 diretur=
517 3371 719 3432 neque
751 3359 1002 3432 poetae,
1048 3370 1305 3432 quorum
1344 3370 1461 3430 ego
1504 3370 1749 3432 semper
1786 3353 2030 3430 ingenia
2071 3350 2289 3420 ditexi,
