2459 3817
221 74 306 141 56
683 73 758 133 m
804 74 869 147 Ω.
918 74 1334 135 cAEclLlUM
1372 74 1787 134 DIVINATIO.

218 224 478 285 maximo
503 224 787 295 excellat,
827 222 916 282 sic
949 221 1128 282 faciet
1155 221 1439 283 Alienus=
1473 223 1576 283 tibi
1607 224 1859 298 serviet,
1892 226 1999 286 tibi
2029 226 2258 285 lenoci-

217 307 484 378 nabitur,
506 305 705 365 minus
725 304 1034 379 aliquanto
1061 306 1386 365 contendet
1400 321 1580 379 quam
1604 314 1825 380 potest.
1869 305 2117 368 49.1am
2138 308 2257 369 hoc

218 389 629 461 considerate,
673 386 849 447 cuius
889 388 1050 447 modi
1081 395 1469 447 accusatores
1504 388 1566 447 in
1592 397 1756 449 tanto
1794 388 2017 449 iudicio
2063 391 2258 449 simus

217 469 503 542 habituri,
537 486 724 545 quum
755 477 815 529 et
841 470 977 544 ipse
1003 469 1256 529 Alienus
1286 486 1367 529 ex
1395 486 1470 529 ea
1502 472 1813 543 facultate,
1856 472 1909 532 si
1938 488 2117 546 quam
2145 472 2253 531 ha-

214 555 346 625 bet,
389 552 760 627 aliquantum
793 552 1171 612 detracturus
1211 551 1290 611 sit
1316 560 1377 611 et
1405 552 1700 613 Caecilius
1729 561 1853 613 tum
1888 554 2149 628 denique
2184 570 2254 613 se

215 634 444 709 aliquid
483 636 746 695 futurum
786 641 983 709 putet,
1025 633 1078 692 si
1119 633 1373 694 Alienus
1402 636 1601 695 minus
1632 636 1957 695 vehemens
1984 635 2167 695 'suerit
2194 644 2255 696 et

217 718 333 779 sibi
366 716 590 791 primas
617 716 678 776 in
703 714 962 775 dicendo
993 710 1198 790 partes
1222 716 1613 777 concesserit.
1658 716 1942 789 Quartum
1974 734 2153 792 quem
2176 717 2257 777 sit

214 798 526 860 habiturus
557 815 679 859 non
719 798 932 870 video,
975 798 1092 857 nisi
1135 814 1315 872 quem
1356 800 1509 859 torte
1539 815 1617 857 ex
1646 799 1749 860 illo
1778 816 1963 875 grege
1992 808 2252 860 morato-

211 898 345 941 rum
359 926 374 953 ,
402 880 506 955 qui
527 878 1030 955 subscriptionem
1055 879 1171 939 sibi
1195 881 1576 954 postularunt
1590 881 1989 957 ,cuicumque
2008 899 2125 943 vos
2148 883 2253 941 de-

211 964 496 1023 lationem
535 962 881 1023 dedissetis.
946 960 1045 1023 50.
1087 962 1180 1021 Ex
1222 961 1445 1037 quibus
1492 962 1876 1023 alienissimis
1904 963 2251 1023 hominibus

190 1045 296 1107 ‘ita
345 1053 592 1120 paratus
640 1042 816 1104 venis
896 1053 963 1104 ut
1005 1043 1114 1104 tibi
1166 1044 1397 1119 hospes
1450 1045 1671 1119 aliquis
1722 1047 1799 1105 sit
1840 1046 2249 1121 recipiendus

214 1127 442 1200 Quibus
473 1143 587 1201 ego
622 1142 742 1185 non
773 1142 908 1185 sum
943 1133 1168 1186 tantum
1213 1127 1505 1187 hon-orem
1548 1127 1884 1201 habituruS,
1934 1137 2001 1189 ut
2039 1130 2119 1188 ad
2158 1145 2254 1201 ea,

218 1225 373 1285 quae
403 1209 693 1279 dixerint,
735 1215 900 1268 certo
932 1209 1068 1269 loco
1105 1216 1210 1268 aut
1237 1207 1581 1283 singillatim
1608 1208 1710 1268 uni
1740 1210 1961 1285 cuique
1991 1226 2249 1284 respon-

213 1293 416 1351 deam:
462 1290 552 1350 sic
578 1289 866 1362 breviter,
913 1290 1199 1365 quoniam
1227 1306 1349 1351 non
1382 1292 1690 1362 consulto,
1724 1293 1835 1352 sed
1871 1308 2019 1353 casu
2052 1292 2111 1353 in
2145 1310 2247 1351 eo-

209 1391 341 1433 rum
368 1372 729 1432 mentionem
757 1372 960 1441 incidi,
989 1374 1164 1446 quasi
1192 1373 1563 1447 praeteriens
1592 1373 1739 1433 satis
1766 1372 1983 1433 faciam
2008 1374 2251 1434 univer-

212 1454 319 1515 sis.
389 1455 544 1514 XV-l.
579 1457 846 1513 Tantane
888 1453 1062 1513 vobis
1103 1454 1311 1529 inopia
1353 1456 1565 1515 videor
1607 1471 1749 1515 esse
1779 1454 2138 1530 amicorum,
2182 1466 2249 1517 ut

211 1535 354 1595 mihi
386 1552 508 1596 non
551 1551 628 1594 ex
669 1535 794 1607 his,
835 1550 991 1608 quos
1031 1551 1268 1595 mecum
1309 1536 1692 1609 adduxerim,
1745 1539 1857 1597 sed
1894 1539 1973 1597 de
2014 1540 2249 1613 populo

212 1616 589 1692 subscriptor
615 1618 916 1677 addatur?
953 1617 1132 1677 vobis
1173 1626 1373 1677 autem
1416 1627 1582 1679 tanta
1618 1619 1827 1694 inopia
1852 1636 2094 1681 reorum
2130 1629 2241 1691 est,

208 1709 276 1761 ut
303 1699 446 1759 mihi
474 1715 723 1760 causam
744 1698 1100 1774 praeripere
1141 1696 1439 1760 conemini
1478 1700 1683 1775 potius
1706 1712 1891 1774 quam
1908 1694 2152 1769 aliquos
2168 1692 2247 1751 ad

204 1780 544 1838 columnam
557 1780 854 1841 Maeniam
885 1785 1072 1843 vestri
1098 1784 1328 1847 ordInis
1353 1800 1495 1843 reos
1522 1781 1883 1857 reperiatis?
1912 1782 1979 1841 51
1996 1784 2243 1842 .Gusto·

216 1867 381 1938 dem,
411 1865 635 1939 Inquit,
675 1864 867 1925 Tunio
905 1879 1003 1923 me
1036 1865 1343 1940 apponite.
1402 1862 1598 1937 Quid?
1640 1862 1781 1922 mihi
1828 1879 2009 1937 quam
2046 1862 2253 1921 multis

215 1947 571 2007 custodibus
601 1962 759 2021 opus
789 1948 928 2018 erit,
959 1947 1013 2006 si
1041 1954 1104 2007 te
1131 1948 1319 2007 semel
1347 1947 1427 2006 ad
1454 1962 1621 2005 meas
1652 1960 1871 2019 capsas
1902 1943 2251 2003 admisero?

219 2028 323 2104 qui
351 2044 474 2087 non
503 2028 700 2087 solum
725 2044 804 2087 ne
837 2028 982 2101 quid
1013 2028 1311 2109 enunties,
1364 2029 1475 2088 sed
1508 2027 1685 2087 etiam
1720 2043 1799 2085 ne
1830 2025 1972 2100 quid
2006 2026 2253 2085 auferas

216 2110 654 2171 custodiendus
701 2108 808 2168 sis.
873 2109 996 2167 Sed
1026 2110 1104 2169 de
1135 2110 1255 2169 isto
1290 2110 1545 2169 custode
1588 2116 1711 2169 toto
1756 2109 1845 2168 sic
1886 2106 2067 2168 vobis
2113 2109 2248 2166 bre·

213 2192 463 2253 vissime
491 2191 912 2265 respondebo=
956 2207 1076 2250 non
1109 2207 1251 2250 esse
1279 2191 1393 2249 hos
1422 2192 1573 2249 tales
1605 2191 1769 2251 viros
1794 2189 2251 2260 commissuroS,

213 2282 280 2334 ut
327 2275 406 2334 ad
465 2288 710 2333 causam
770 2280 1022 2345 tantam,
1089 2290 1127 2331 a
1175 2289 1274 2332 me
1321 2280 1697 2346 susceptam,
1752 2272 1898 2331 mihi
1940 2272 2251 2342 creditam,

216 2356 538 2431 quisquam
588 2352 968 2431 subscriptor
1019 2369 1115 2412 me
1164 2352 1353 2414 invito
1408 2355 1681 2429 aspirare
1720 2353 1935 2428 possit.
2014 2352 2249 2415 Etenim

213 2440 370 2499 fides
423 2454 558 2498 mea
597 2437 912 2498 custodem
955 2436 1262 2509 repudiat,
1318 2435 1623 2510 dilig-entia
1673 2438 2117 2511 speculatorem
2154 2451 2247 2494 re-

216 2521 512 2579 formidat.

379 2602 479 2662 52.
520 2603 747 2661 Verum
788 2608 855 2660 ut
882 2600 963 2660 ad
1007 2608 1098 2671 te,
1138 2598 1383 2670 Caecili,
1432 2601 1709 2673 redeam,
1754 2615 1934 2674 quam
1972 2600 2158 2659 multa
2185 2606 2247 2657 te

213 2684 497 2744 deficiant
537 2684 740 2743 videsz
784 2698 964 2757 quam
1011 2684 1196 2742 multa
1226 2680 1347 2741 sint
1378 2680 1438 2741 in
1473 2690 1532 2741 te
1566 2697 1723 2756 quae
1752 2698 1897 2741 reus
1927 2696 2157 2741 nocens
2186 2681 2248 2738 in

212 2775 568 2827 accusatore
598 2783 710 2825 suo
743 2764 948 2839 cupiat
969 2780 1110 2825 esse
1163 2765 1439 2838 profecto
1470 2764 1590 2823 iarn
1617 2762 1919 2837 intelli-gis.
1993 2762 2145 2835 Quid
2166 2762 2248 2821 ad

209 2849 362 2907 haec
393 2847 512 2906 dici
541 2854 785 2922 potest?
829 2863 952 2905 non
989 2847 1144 2906 enim
1181 2862 1408 2921 quaero
1440 2845 1588 2921 quid
1617 2854 1681 2906 tu
1710 2844 1979 2905 dicturus
2010 2845 2126 2903 sis=
2161 2844 2249 2903 vi-

212 2931 328 2989 deo
360 2929 500 2988 mihi
531 2946 650 2988 non
678 2938 766 3000 te,
809 2930 920 2989 sed
950 2929 1110 2988 hunc
1143 2926 1358 2988 librum
1402 2944 1544 2989 esse
1568 2942 2036 3003 responsurum,
2068 2942 2249 3001 quem

211 3010 469 3071 monitor
495 3020 636 3072 tuus
672 3011 773 3070 hic
800 3019 989 3071 tenet:
1023 3009 1127 3083 qui
1163 3010 1214 3069 si
1242 3018 1303 3070 te
1330 3019 1496 3071 recte
1522 3025 1771 3070 monere
1801 3010 1997 3081 volet,
2028 3010 2249 3087 suade-

207 3094 294 3152 bit
337 3092 442 3153 tibi
471 3101 536 3153 ut
575 3092 716 3151 hinc
750 3092 1032 3153 discedas
1065 3108 1269 3166 neque
1295 3092 1438 3152 mihi
1475 3092 1727 3152 verbum
1770 3094 1954 3152 ull-um
1994 3106 2250 3164 respon-

208 3175 376 3235 deas.
423 3174 574 3248 Quid
607 3174 766 3234 enim
793 3175 1006 3235 dices?
1031 3191 1110 3233 an
1140 3175 1202 3234 id
1236 3175 1401 3248 quod
1424 3174 1693 3247 dictitaS,
1720 3172 1996 3233 iniuriam
2024 3170 2130 3232 tibi
2164 3172 2251 3231 fe-

209 3256 372 3315 cisse
411 3258 706 3316 Verrem?
743 3256 1036 3317 Arbitror.
1066 3288 1152 3299 —
1197 3256 1411 3331 Neque
1452 3255 1611 3316 enim
1652 3263 1819 3316 esset
1862 3253 1994 3315 veri
2033 3252 2246 3324 simile,
