2459 3817
873 166 1043 240 CAP.
1074 185 1312 240 ιιι-ιι.
1343 186 1396 249 s.
1425 184 1664 239 28--34.
2181 173 2311 241 205

237 342 507 408 civitatis
543 344 606 408 in
642 344 931 408 iudicium
965 346 1185 424 populi
1218 347 1578 411 vocavisset
1600 344 1944 424 Scaurique
1975 362 2198 409 servus
2229 350 2309 410 ad

240 446 383 491 eum
408 433 565 491 clam
587 429 839 491 domum
861 430 1139 493 venisset
1168 438 1230 493 et
1255 431 1506 493 crimina
1535 432 1595 494 in
1631 432 1946 494 dominum
1969 432 2309 494 delaturum

241 529 312 573 se
336 529 479 592 esse
502 512 780 585 dixisset,
804 515 1104 589 prehendi
1128 514 1435 578 hominem
1457 516 1635 579 iussit
1657 516 1738 577 ad
1756 514 2184 589 Scaurumque
2207 516 2308 577 de-

237 597 406 660 duci.
490 596 653 659 Vide
694 599 841 673 quid
882 596 1119 659 intersit
1154 632 1226 644 —
1281 599 1395 659 etsi
1429 597 1637 673 inique
1661 598 1970 659 castorem
2001 613 2140 658 cum
2181 598 2303 659 Do-

241 682 407 743 mitio
428 696 713 757 comparo
729 703 743 735 2
758 714 840 725 —
856 682 969 742 sed
981 690 1182 743 tamen
1198 680 1301 742 ille
1316 680 1558 742 inimico
1591 695 1834 742 servum
1863 678 2114 755 remisit,
2139 688 2202 742 tu
2224 680 2303 741 ab

240 780 360 825 avo
389 763 722 825 abduxisti:
767 764 867 824 ille
905 763 1322 839 incorruptum
1356 763 1570 824 audire
1600 762 1819 836 noluit,
1846 772 1914 824 tu
1943 762 2300 839 corrupisti:

239 846 343 907 ille
369 847 705 908 adiutorem
742 862 990 908 servum
1021 855 1236 908 contra
1270 844 1578 906 dominum
1606 844 1978 920 repudiavit,
2018 852 2086 906 tu
2122 846 2304 906 etiam

238 937 660 992 accusatorem
705 929 1055 990 adhibuisti.
1139 928 1242 989 32.
1293 930 1375 988 At
1415 927 1605 987 semel
1648 927 1763 987 iste
1792 934 1888 986 εει
1916 933 2234 1001 corruptus
2264 946 2300 988 a

238 1013 437 1074 vobis.
520 1012 767 1083 Nonne,
814 1027 999 1086 quum
1043 1017 1211 1072 esset
1257 1010 1593 1085 productus
1623 1016 1684 1069 et
1717 1025 1905 1085 quum
1928 1014 2126 1069 tecum
2155 1009 2300 1071 fuis·

240 1102 355 1167 εει,
397 1094 620 1168 refugit
647 1094 728 1153 ad
759 1095 1036 1167 legatos?
1064 1108 1269 1153 nonne
1299 1092 1378 1152 ad
1411 1092 1572 1153 hunc
1601 1090 1706 1151 Cn.
1734 1089 2059 1152 Domitium
2100 1092 2304 1153 venitv

240 1190 447 1237 nonne
476 1175 760 1236 audiente
801 1176 921 1237 hoc
962 1174 1093 1235 Ser.
1120 1174 1426 1251 Sulpicio,
1468 1175 1804 1235 clarissimo
1835 1172 1998 1247 viro,
2045 1174 2301 1251 quitum

237 1274 393 1320 casu
433 1258 599 1333 apud
626 1257 951 1320 Domitium
1032 1258 1305 1331 cenabat,
1351 1265 1412 1318 et
1453 1257 1572 1319 hoc
1609 1257 1674 1317 Τ.
1703 1256 2032 1333 Torquato,
2073 1257 2297 1334 optimo

238 1342 651 1414 adolescente,
688 1356 758 1400 se
784 1356 822 1401 a
849 1349 909 1402 te
932 1348 1300 1417 corruptum,
1331 1339 1450 1401 tuis
1473 1339 1793 1417 promissis
1815 1338 1877 1400 in
1900 1341 2171 1402 fraude-m
2193 1340 2293 1401 im-

242 1426 484 1501 pulsum
512 1439 656 1486 csso
688 1424 1017 1486 confessus
1050 1432 1189 1485 est?
1226 1426 1354 1485 Xll.
1379 1423 1547 1498 Quae
1567 1430 1663 1485 est
1688 1426 1806 1485 ista
1834 1430 1954 1485 tam
1979 1422 2300 1499 impotens,

241 1518 361 1569 tam
391 1508 686 1583 crudelis,
716 1516 837 1570 tam
868 1508 1266 1570 immoderata
1303 1505 1753 1568 inhumanitas?
1788 1506 2022 1568 Idcirco
2052 1508 2113 1568 in
2143 1508 2298 1568 hanc

238 1593 451 1653 urbem
480 1590 735 1667 venisti,
772 1598 839 1652 ut
876 1590 1057 1653 huius
1099 1590 1267 1652 urbis
1312 1591 1448 1651 iura
1475 1597 1535 1650 et
1567 1589 1849 1664 exempla
1876 1605 2300 1665 corrumperes

240 1674 701 1749 domesticaque
741 1674 1109 1736 immanitate
1152 1680 1398 1737 nostrae
1440 1671 1699 1734 civitatis
1742 1670 2168 1734 humanitatem
2212 1674 2294 1732 in·

240 1756 574 1831 quinat-est

365 1836 468 1900 33.
488 1840 571 1900 At
593 1854 771 1915 quam
802 1846 977 1901 acute
1010 1840 1265 1900 collecta
1299 1837 1576 1899 crimina!
1606 1838 1963 1912 BlesamiuS‚
1989 1836 2293 1914 inquit,-·-

242 1921 374 1982 eius
419 1921 577 1982 enim
618 1922 890 1996 nomine,
937 1921 1149 1996 optimi
1180 1921 1292 1982 viri
1337 1937 1450 1982 nec
1482 1922 1585 1983 tibi
1614 1920 1832 1996 ignoti,
1877 1922 2031 1981 male
2063 1922 2298 1983 dicebat

242 2004 349 2067 tibi
398 2037 470 2049 —
509 2004 589 2065 ad
614 2019 820 2080 regem
850 2005 1117 2065 scribere
1148 2004 1384 2065 solebat
1423 2012 1483 2066 te
1522 2006 1582 2065 in
1626 2002 1854 2064 invidia
1878 2019 2049 2077 esso,
2093 2011 2296 2081 tyran·

245 2104 387 2149 num
426 2085 784 2158 existimari,
834 2095 1029 2149 statua
1068 2086 1223 2147 inter
1261 2102 1441 2161 reges
1483 2087 1685 2163 posita
1725 2086 1960 2149 animos
1993 2085 2299 2149 hominum

240 2170 936 2244 vehementeroffensoS,
975 2169 1313 2245 plauditibi
1337 2185 1458 2231 non
1489 2172 1709 2232 solere.
1751 2170 1967 2231 Nonne
1994 2168 2296 2245 intelligis,

244 2254 500 2327 Caesar,
542 2269 624 2314 ex
665 2253 914 2315 urbanis
960 2254 1395 2314 malevolorum
1441 2254 1840 2315 sermunculis
1870 2252 2023 2314 haec
2055 2252 2132 2314 ab
2164 2252 2295 2316 istis

242 2350 386 2397 esse
408 2337 703 2398 collecta?
728 2336 1070 2398 Blesamius
1096 2344 1416 2413 tyrannum
1441 2335 1762 2397 Caesarem
1785 2336 2121 2398 scriberet?
2145 2336 2296 2397 Mul-

242 2428 441 2480 torum
472 2418 635 2481 enim
662 2419 862 2495 capita
895 2417 1117 2480 civium
1148 2418 1404 2492 viderat,
1433 2421 1654 2481 multos
1681 2419 1853 2481 iussu
1885 2418 2164 2482 Caesaris
2195 2435 2297 2479 ve-

239 2512 451 2577 xatos,
495 2503 877 2574 verberatos,
920 2509 1204 2575 necatos,
1249 2504 1466 2564 multas
1503 2502 1778 2565 adflictas
1819 2510 1880 2563 et
1909 2517 2157 2563 eversas
2191 2503 2298 2564 do-

240 2602 407 2660 mos,
437 2586 681 2649 armatis
714 2585 997 2648 militibus
1020 2586 1308 2648 refertum
1335 2586 1548 2647 forum.
1637 2586 1803 2660 Quae
1843 2600 2088 2660 semper
2125 2583 2187 2645 in
2217 2584 2298 2645 ci-

234 2668 343 2728 vili
358 2668 615 2730 victoria
631 2669 963 2745 sensimus,
991 2677 1143 2731 cate
1161 2670 1396 2731 victore
1411 2685 1537 2731 non
1555 2667 1839 2729 vidimus.
1871 2667 1972 2727 34.
1989 2668 2196 2739 Solus»,
2219 2668 2287 2729 in·

238 2766 443 2825 quam,
469 2768 557 2819 es,
584 2754 647 2813 C.
666 2751 911 2823 Caesar,
938 2752 1112 2814 cuius
1130 2752 1188 2813 in
1207 2752 1468 2814 victoria
1482 2750 1966 2813 occideritnemo
1981 2747 2304 2815 nisiarma-

238 2841 364 2895 tus.
422 2834 499 2895 Et
530 2850 711 2909 quem
742 2851 861 2896 nos
895 2836 1097 2911 liberi,
1138 2836 1199 2896 in
1226 2850 1467 2897 summa
1493 2832 1710 2932 populi
1739 2832 1998 2894 Romani
2027 2832 2309 2899 libertate

236 2917 382 2987 nati,
421 2933 544 2979 non
570 2919 758 2979 modo
790 2933 915 2978 non
946 2926 1294 2995 tyrannum,
1326 2919 1442 2979 sed
1472 2917 1651 2981 etiam
1676 2916 2260 2980 clementissimum
2243 2935 2303 2978 m

237 3001 502 3064 victoria
528 3002 748 3063 ducem
778 2999 2304 3079 vidimus,is131esamio,qu1v1v1t1nregno,tyran·

238 3101 356 3146 nus
378 3084 575 3146 videri
597 3087 845 3161 potest?
873 3084 1024 3146 Nam
1048 3085 1125 3145 de
1149 3092 1354 3146 statua
1385 3085 1522 3162 quis
1548 3084 1840 3162 queritur,
1876 3102 1997 3147 una
2021 3101 2304 3163 praeser-

238 3170 362 3237 tim,
389 3186 575 3243 quum
593 3176 718 3231 tam
733 3170 953 3233 multas
970 3169 1218 3231 videat?
1250 3171 1448 3231 Valde
1464 3168 1623 3231 enim
1639 3170 2036 3237 invidendum
2059 3175 2155 3235 est
2170 3173 2302 3231 cius

238 3252 489 3324 statuis,
522 3252 698 3317 cuius
730 3252 1005 3331 tropaeis
1036 3268 1161 3315 non
1190 3252 1556 3317 invidemus.
1629 3256 1781 3319 Nam
1815 3246 2074 3323 sitacus
2105 3253 2305 3322 adfert

240 3333 547 3409 invidiam,
584 3340 786 3400 nullus
812 3340 987 3401 locus
1018 3339 1216 3401 estad
1243 3344 1506 3401 statuam
1537 3336 1782 3412 quidem
1812 3333 2031 3421 rostris
2060 3336 2300 3411 clarior.

240 3418 331 3478 De
355 3420 572 3495 plausu
595 3431 799 3483 autem
830 3422 976 3498 quid
999 3423 1454 3501 respondeam?
1487 3420 1593 3494 qui
1624 3435 1738 3482 nec
1763 3412 2149 3488 desideratus
2173 3438 2301 3491 um·
