2459 3817
273 131 352 193 12
576 131 722 191 PRO
770 131 936 191 SEX.
977 129 1251 191 ROSCIO
1294 129 1640 190 AMERINO
1687 129 1987 190 ORATIO.

267 280 431 341 idem
457 279 602 339 mihi
643 297 762 341 usu
801 278 967 339 venit
1004 280 1065 359 in
1095 296 1282 339 causa
1312 279 1554 356 optima.
1607 279 1714 339 llle
1745 279 2051 353 quomodo
2082 276 2331 339 crimen

268 361 752 423 commenticium
798 362 1178 421 confirmaret
1207 378 1329 421 non
1364 361 1740 421 inveniebat=
1794 378 1907 435 ego
1940 378 2041 420 res
2070 368 2199 421 tarn
2233 362 2327 420 le-

267 460 380 505 ves
425 461 544 519 qua
588 444 822 505 ratione
864 444 1160 503 infirmem
1199 460 1273 503 ac
1313 443 1535 504 diluam
1573 442 1842 517 reperire
1874 460 1995 503 non
2029 459 2323 519 possum.

266 525 367 587 43.
392 525 547 599 Quid
575 526 696 598 aiS,
725 526 948 585 Eruci?
990 526 1101 585 Tot
1127 526 1407 599 praedia,
1438 534 1558 585 tam
1590 527 1827 599 pulcra,
1856 534 1978 585 tam
1998 526 2329 585 fructuosa

268 608 409 667 Sex.
425 608 688 668 Roscius
716 608 841 667 fillo
873 625 984 668 suo
1013 608 1398 682 relegationis
1423 624 1497 675 ac
1526 606 1808 682 supplicii
1831 606 2021 682 gratia
2054 608 2327 667 colenda

270 707 340 749 nc
380 692 605 749 tuenda
638 689 1009 751 tradiderat?
1070 689 1222 761 Quid
1252 690 1413 749 hoc?
1470 689 1677 749 Patres
1710 688 1991 761 familiaS,
2025 688 2129 763 qui
2163 688 2324 748 libe·

269 788 370 833 ros
403 772 656 845 habent,
702 772 1056 848 praesertim
1095 771 1371 831 homines
1411 771 1571 831 illius
1602 770 1831 831 ordinis
1860 788 1936 831 ex
1964 770 2324 843 municipiis

269 853 618 927 rusticaniS,
655 870 861 929 ,nonne
903 853 1344 928 optatissimum
1385 852 1501 913 sibi
1538 861 1751 927 putant
1794 869 1934 912 esse
1966 852 2126 911 filios
2159 869 2319 912 suos

270 935 358 997 rei
399 934 672 1003 familiari
715 935 974 995 maxime
1021 935 1252 995 servire
1297 934 1443 995 etin
1476 934 1743 1011 praediis
1774 934 2047 994 colendis
2078 950 2317 1007 operae

267 1016 587 1093 plurimum
635 1017 941 1092 studiique
988 1022 1387 1077 consumere?
1468 1015 1569 1077 44.
1610 1019 1708 1077 An
1750 1017 2101 1076 amandarat
2144 1016 2315 1075 hunc
2419 1050 2420 1057 ἶ

267 1100 387 1172 sic,
430 1108 498 1160 ut
526 1107 694 1159 esset
721 1101 780 1157 in
809 1116 956 1173 agro
987 1116 1058 1159 ac
1087 1106 1314 1159 tantum
1343 1100 1525 1159 modo
1556 1101 1815 1158 aleretur
1842 1100 1923 1157 ad
1949 1096 2197 1157 villam?
2246 1106 2311 1157 ut

267 1182 603 1241 commodis
653 1180 932 1241 omnibus
982 1187 1255 1241 careret?
1332 1179 1527 1252 Quid?
1583 1179 1636 1239 si
1686 1189 1923 1240 constat
1970 1180 2132 1239 hunc
2184 1196 2310 1239 non
2419 1194 2420 1197 ’

266 1263 458 1323 modo-
489 1262 764 1325 colendis
811 1262 1079 1337 praediis
1107 1261 1487 1337 praefuisse,
1527 1263 1639 1321 sed
1669 1262 1849 1322 certis
1898 1261 2102 1321 fundis
2130 1268 2311 1335 patre
2419 1342 2420 1347 ἵ

263 1344 404 1404 vivo
440 1344 556 1403 frui
596 1344 837 1405 solitum
879 1352 1062 1404 esse?
1115 1351 1395 1404 tamenne
1435 1346 1586 1404 haec
1625 1351 1851 1404 attenta
1890 1344 2011 1404 vita
2044 1350 2103 1403 et
2126 1342 2307 1403 rusti-

264 1442 418 1487 cana
448 1425 738 1499 relegatio
763 1434 947 1499 atque
987 1426 1328 1486 amandatio
1350 1425 1799 1501 appellabitur?
1854 1425 2076 1497 Vides,
2102 1422 2307 1498 Eruci,

266 1514 553 1583 quantum
593 1506 775 1585 distet
798 1507 1229 1581 argumentatio
1265 1516 1367 1567 tua
1384 1509 1470 1567 *ab
1498 1524 1563 1567 re
1592 1507 1731 1581 ipsa
1762 1517 1945 1582 atque
1974 1524 2011 1567 a
2036 1506 2305 1567 veritate.
2419 1516 2420 1585 j

267 1590 442 1663 Quod
485 1590 927 1649 consuetudine
973 1599 1179 1664 patres
1220 1588 1472 1661 faciunt,
1510 1590 1570 1669 id
1614 1589 1791 1664 quasi
1830 1607 2053 1651 novum
2096 1605 2304 1663 repre·

262 1670 512 1731 hendis=
566 1672 733 1745 quod
771 1672 1193 1731 benevolentia
1229 1672 1327 1744 fit,
1380 1671 1443 1731 id
1488 1671 1628 1732 odio
1671 1673 1892 1731 factum
1934 1670 2302 1730 criminarisz

268 1754 435 1827 quod
464 1752 714 1814 honoris
743 1769 933 1813 causa
961 1762 1133 1827 pater
1149 1752 1278 1813 filio
1314 1770 1425 1815 suo
1457 1754 1789 1831 concessit,
1815 1753 1879 1813 id
1906 1770 2042 1812 eum
2072 1751 2301 1827 suppli·

265 1835 341 1894 cii
376 1852 564 1895 causa
591 1835 814 1895 fecisse
842 1834 1015 1895 dicis.
1054 1832 1154 1896 45.
1184 1836 1396 1908 Neque
1421 1836 1571 1895 haec
1599 1843 1663 1895 tu
1691 1852 1811 1895 non
1846 1834 2157 1909 intelligis,
2189 1835 2301 1893 sed

263 1932 463 1989 usque
503 1932 576 1975 eo
624 1916 770 1989 quid
797 1933 1017 1991 arguas
1047 1934 1170 1977 non
1198 1917 1419 1991 habeS,
1457 1925 1529 1983 ,ut
1570 1933 1691 1977 non
1737 1918 1920 1977 modo
1953 1917 2058 1976 tibi
2093 1925 2297 1976 contra

263 2014 380 2057 nos
423 1996 746 2056 dicendum
792 2008 1000 2072 puteS,
1059 2016 1269 2059 verum
1323 2000 1501 2059 etiam
1546 2008 1755 2058 contra
1790 2015 1988 2058 rerum
2029 2006 2297 2059 naturam

267 2087 598 2152 contraque
657 2080 1158 2140 consuetudinem
1221 2081 1533 2141 hominum
1588 2089 1919 2155 contraque
1980 2080 2297 2155 opiniones

265 2159 550 2221 omnium.
631 2160 790 2220 XVI.
825 2164 906 2221 At
937 2162 1094 2221 enim
1138 2179 1325 2235 quum
1361 2164 1518 2222 duos
1548 2162 1707 2222 filios
1741 2163 2020 2237 haberet,
2050 2165 2295 2223 alterum

264 2260 301 2301 a
327 2259 398 2303 se
425 2259 549 2303 non
584 2242 942 2314 dimittebat,
987 2244 1241 2304 alterum
1281 2243 1405 2304 ruri
1446 2260 1587 2303 esse
1619 2244 1977 2319 patiebatur.
2041 2244 2296 2317 QuaeSO,

266 2325 475 2398 Eruci,
516 2331 584 2384 ut
621 2325 741 2385 hoc
783 2323 844 2383 in
885 2326 1108 2385 bonam
1131 2332 1364 2400 partem
1389 2324 1688 2400 accipias=
1731 2344 1853 2386 non
1886 2325 2045 2387 enim
2078 2342 2294 2401 expro—

265 2406 481 2465 brandi
522 2422 736 2477 causa,
785 2408 897 2467 sed
938 2406 1363 2468 commonendi
1414 2408 1605 2481 gratia
1646 2408 1861 2469 dicam.
1940 2406 2039 2469 46.
2087 2407 2150 2467 Si
2190 2404 2296 2468 tibi

265 2489 502 2553 fortuna
542 2504 664 2549 non
709 2488 876 2548 dedit
907 2497 975 2549 ut
1014 2496 1186 2564 patre
1216 2498 1379 2549 certo
1408 2506 1759 2564 nascerere,
1802 2507 1880 2550 ex
1924 2508 2043 2566 quo
2087 2488 2293 2549 intelli·

262 2586 406 2645 gere
441 2586 666 2643 posses
710 2570 812 2643 qui
852 2569 1088 2648 animus
1129 2570 1361 2646 patrius
1401 2570 1463 2631 in
1498 2572 1721 2633 liberos
1756 2582 1951 2645 esset,
1991 2581 2052 2633 at
2090 2577 2297 2630 natura

263 2659 425 2711 certe
453 2650 618 2711 dedit
661 2660 728 2711 ut
756 2650 1142 2713 humanitatis
1181 2670 1302 2713 non
1343 2670 1556 2729 parum
1595 2654 1887 2715 haberes=
1928 2670 2002 2713 eo
2038 2650 2295 2713 accessit

264 2732 528 2794 studium
582 2732 924 2807 doctrinae,
978 2742 1045 2794 ut
1090 2750 1167 2794 ne
1217 2751 1255 2793 a
1295 2736 1503 2795 litteris
1546 2736 1789 2809 quidem
1836 2736 2067 2796 alienus
2103 2750 2291 2794 esses.

260 2814 499 2887 Ecquid
542 2814 778 2873 tandem
820 2814 926 2875 tibi
954 2816 1216 2889 videtur,
1264 2825 1330 2877 ut
1358 2818 1437 2875 ad
1464 2818 1699 2877 fabulas
1722 2819 2066 2889 veniamuS,
2108 2831 2294 2876 senex

259 2894 361 2955 ille
413 2894 787 2955 Caecilianus
835 2897 1082 2958 minoris
1133 2900 1332 2959 facere
1386 2898 1725 2975 Eutychum
1774 2898 1962 2959 filium
2009 2897 2292 2959 rusticum

263 2992 443 3051 quam
471 2976 635 3036 illum
675 2978 926 3038 alterum
955 2978 1479 3041 Chaerestratum?
1501 3014 1589 3025 --
1614 2998 1781 3055 nam,
1809 2990 1876 3041 ut
1904 2980 2149 3057 opinor,
2177 2980 2292 3039 hoc

241 3057 504 3119 momine
527 3067 623 3119 est
646 3083 760 3116 -ε
793 3062 1042 3121 alterum
1069 3061 1130 3120 in
1159 3063 1310 3121 urbe
1341 3078 1548 3123 secum
1574 3062 1822 3123 honoris
1846 3079 2035 3123 causa
2058 3062 2292 3131 habere,

259 3142 512 3203 alterum
551 3157 658 3202 rus
701 3142 982 3218 supplicii
1023 3159 1211 3203 causa
1260 3147 1615 3219 relegasset²
1679 3144 1779 3207 47.
1827 3144 1981 3218 Quid
2025 3144 2104 3204 ad
2146 3142 2291 3203 istas

261 3222 517 3299 ineptias
547 3223 721 3283 abis?
761 3223 1019 3298 inquies.
1074 3224 1260 3298 Quasi
1293 3241 1437 3285 vero
1466 3226 1607 3285 mihi
1637 3224 1883 3287 difficile
1913 3226 1992 3286 sit
2021 3224 2290 3300 quamvis

261 3308 478 3367 multos
521 3305 867 3367 nominatim
897 3309 1170 3383 proferre
1185 3313 1210 3384 ,¹
1244 3326 1321 3369 ne
1360 3307 1597 3383 lon-gius
1632 3310 1875 3383 abeam,
1916 3307 2015 3368 vel
2045 3306 2286 3367 tribules
