2459 3817
848 194 1017 255 CAP.
1052 202 1215 256 1-4.
1245 196 1298 271 5.
1320 199 1527 255 2—10.
1561 215 1568 224 *⁵
1663 238 1670 241 .
2108 180 2231 246 187

160 356 701 436 monumentisque
722 359 1165 421 decorandam!
1203 360 1398 435 Quum
1413 362 1492 420 M.
1513 360 1725 423 Cicero
1749 360 1916 438 apud
1933 367 1998 423 te
2015 360 2228 423 defen-

160 444 252 505 dit
271 445 457 505 alium
479 442 540 505 in
566 460 641 503 ea
665 445 984 506 voluntate
1006 459 1127 505 non
1153 441 1368 515 fuisse,
1400 440 1460 502 in
1489 453 1614 519 qua
1635 460 1707 505 se
1742 444 1943 521 ipsum
1971 446 2224 506 confite·

160 534 264 587 tur
292 527 515 599 fuisse,
552 542 668 587 nec
698 534 835 586 tuas
871 527 1089 589 tacitas
1122 524 1528 602 cogitationes
1559 528 1904 588 extimescit
1934 544 2048 589 nec
2081 526 2230 602 quid

160 610 274 671 tibi
300 612 378 675 de
404 612 524 671 alio
550 608 819 670 audienti
842 610 927 670 de
946 610 1178 687 seipso
1204 617 1489 670 occurrat
1511 610 1886 672 reformidat.
1947 610 2045 671 ΠΙ.
2069 609 2231 669 Vide

154 708 341 768 quam
364 706 486 750 non
510 692 927 763 reformidem.
913 714 927 730 ·
956 690 1096 751 vide
1127 700 1356 767 quanta
1378 692 1483 751 lux
1511 692 1881 755 liberalitatis
1906 701 1966 754 et
1987 692 2230 769 sapien·

152 776 279 836 tiae
317 782 457 835 tuae
496 769 640 834 mihi
686 758 854 849 apud
893 780 951 834 te
990 774 1211 835 dicenti
1256 776 1594 836 oboriatur.
1650 786 1942 852 quantum
1993 784 2231 852 potero,

160 874 320 919 voce
352 854 733 931 contendam,
765 864 832 917 ut
865 858 1137 933 populus
1164 857 1284 917 hoc
1318 859 1631 919 Romanus
1662 860 1976 920 exaudiat·
2005 856 2062 921 7.
2095 874 2232 918 sus·

156 948 343 1018 cepto
399 941 594 1011 bello,
629 940 886 1015 Caesar,
926 949 1106 1015 gesto
1158 940 1336 1001 etiam
1377 957 1456 1001 ex
1502 950 1671 1017 parte
1700 958 1946 1017 magna,
1977 942 2142 1001 nulla
2174 938 2233 999 vi

158 1032 432 1095 coactuS,
458 1020 685 1085 iudicio
710 1039 783 1083 ac
805 1024 1116 1084 voluntate
1138 1022 1214 1083 ad
1247 1040 1321 1083 ea
1343 1040 1510 1084 arma
1544 1026 1856 1099 profectus
1887 1042 2042 1097 sum,
2075 1038 2233 1099 quae

160 1126 232 1168 ei
234 1115 339 1168 ant
372 1115 615 1182 sumpta
644 1114 855 1167 contra
882 1113 963 1167 te.
1012 1102 1199 1185 Apud
1224 1124 1404 1181 quem
1437 1106 1618 1183 igitur
1643 1108 1764 1169 hoc
1797 1108 1980 1169 dico?
2004 1108 2232 1181 Nempe

159 1190 331 1267 apud
362 1204 519 1261 eum,
552 1187 676 1263 qui,
708 1206 893 1265 quum
920 1190 1041 1249 hoc
1074 1190 1278 1265 sciret,
1307 1198 1504 1251 tamen
1541 1208 1656 1264 me,
1687 1200 1825 1253 ante
1857 1207 2035 1266 quam
2067 1188 2236 1261 vidit,

163 1275 254 1335 rei
299 1272 579 1348 publicae
621 1272 914 1332 reddidit:
960 1268 1064 1349 qui
1105 1274 1181 1333 ad
1226 1290 1323 1333 me
1369 1290 1450 1333 ex
1477 1276 1762 1351 Aegypto
1797 1272 2026 1335 litteras
2056 1271 2235 1344 misit,

167 1367 235 1418 ut
266 1370 469 1416 essem
496 1354 657 1415 idem
694 1354 797 1430 qui
828 1354 1111 1417 suissem=
1144 1356 1265 1433 qui,
1301 1373 1484 1431 quum
1513 1356 1650 1433 ipse
1671 1358 2001 1433 imperator
2021 1356 2082 1416 in
2113 1362 2238 1415 toto

168 1438 424 1515 imperio
456 1438 669 1514 populi
690 1438 948 1499 Romani
991 1456 1149 1499 unus
1180 1447 1378 1513 esset,
1418 1457 1562 1501 esse
1602 1458 1701 1501 me
1727 1442 1981 1501 alterum
2014 1454 2238 1515 passus

172 1532 296 1585 esta
338 1540 377 1583 a
422 1538 545 1598 quo
580 1523 700 1583 hoc
740 1522 880 1597 ipso
906 1523 968 1583 C.
996 1522 1195 1583 Pansa
1223 1522 1369 1583 mihi
1391 1522 1552 1584 hunc
1583 1523 1861 1585 nuntium
1898 1524 2242 1600 perferente

176 1622 514 1669 concessos
560 1608 767 1667 fasces
812 1608 1120 1668 laureatos
1166 1606 1366 1681 tenui,
1415 1609 1617 1683 quoad
1663 1608 1964 1668 tenendos
2001 1603 2241 1682 putavi=

180 1689 281 1765 qui
298 1690 441 1749 mihi
461 1696 590 1749 tum
603 1686 873 1760 denique
892 1702 963 1746 se
977 1688 1238 1745 salutem
1261 1688 1501 1761 putavit
1516 1686 1796 1756 reddere,
1823 1688 2035 1747 sicam
2064 1684 2240 1747 nullis

180 1770 498 1847 spoliatam
530 1769 898 1832 ornamentis
930 1770 1222 1832 dedisset.
1287 1771 1346 1833 8.
1377 1771 1556 1847 Vide,
1591 1788 1843 1849 quaeso,
1873 1771 2130 1845 Tubero,
2159 1776 2244 1844 ut,

182 1852 282 1929 qui
314 1853 392 1912 de
426 1867 563 1914 meo
592 1854 753 1914 facto
785 1870 904 1915 non
937 1855 1236 1928 dubitem,
1280 1854 1357 1914 de
1386 1854 1606 1929 Ligarii
1646 1871 1769 1916 non
1811 1855 2070 1933 audeam
2101 1868 2246 1911 con-

178 1934 353 2000 fiteri.
441 1938 645 2013 Atque
682 1936 838 1997 haec
880 1946 1212 2013 propterea·
1249 1938 1326 1997 de
1367 1954 1464 1999 me
1505 1937 1663 2013 dixi,
1703 1945 1770 1998 ut
1813 1937 1956 1998 mihi
1985 1936 2244 2008 Tubero,

182 2036 366 2117 quum
396 2018 475 2079 de
502 2037 573 2080 se
602 2018 815 2079 eadem
845 2018 1128 2095 dicerem,
1161 2019 1535 2096 ignosceret·
1567 2022 1741 2082 cuius
1772 2036 1887 2097 ego
1914 2017 2249 2081 industriae

180 2098 535 2180 gloriaeque
575 2103 753 2163 faveo
800 2104 898 2163 vel
941 2111 1190 2181 propter
1233 2103 1638 2180 propinquam
1671 2104 2120 2181 cognationem,
2150 2099 2248 2160 vel

178 2186 348 2263 quod
399 2183 531 2246 eius
561 2186 804 2262 ingenio
831 2186 1173 2283 studiisque
1207 2188 1496 2262 delector,
1517 2190 1616 2249 vel
1641 2148 1806 2265 quood
1834 2188 2074 2249 laudern
2104 2185 2251 2244 ado-

182 2269 473 2331 lescentis
505 2268 835 2346 propinqui
857 2267 1137 2331 existimo
1164 2270 1343 2331 etiam
1365 2271 1446 2331 ad
1471 2285 1672 2331 meum
1702 2273 1962 2346 aliquem
1995 2269 2252 2329 fructum

181 2353 545 2414 redundare.
574 2352 638 2413 9.
666 2352 791 2413 Sed
819 2352 937 2413 hoc
970 2359 1229 2452 quaero·
1272 2352 1420 2433 Quis
1443 2362 1616 2429 putat
1641 2370 1783 2415 esse
1807 2353 2033 2415 crimen
2060 2350 2254 2413 fuisse

184 2436 246 2498 in
274 2436 525 2496 Africa?
550 2436 829 2513 Nempe
810 2452 897 2511 is,
928 2438 1045 2513 qui
1066 2436 1290 2512 etipse
1316 2436 1377 2497 in
1410 2438 1622 2497 eadem
1654 2437 1862 2499 Africa
1889 2452 2032 2498 esse
2062 2432 2256 2495 voluit

185 2530 247 2581 et
289 2519 657 2595 prohibitum
693 2535 768 2580 se
806 2537 843 2579 a
871 2518 1111 2595 Ligario
1154 2519 1456 2596 queritur,
1505 2529 1567 2582 et
1606 2529 1767 2582 certe
1799 2528 2008 2581 contra
2053 2518 2256 2595 ipsum

186 2604 521 2667 Caesarem,
546 2612 643 2665 est
672 2620 1046 2679 congressus
1079 2610 1366 2666 armatus.
1431 2604 1587 2677 Quid
1619 2604 1796 2677 enim,
1823 2604 2084 2676 Tubero,
2113 2608 2258 2661 tuus

184 2688 289 2747 ille
319 2686 647 2749 destrictus
684 2687 747 2747 in
782 2687 916 2748 acie
944 2686 1291 2749 Pharsalica
1319 2688 1558 2764 gladius
1585 2688 1844 2763 agebat?
1887 2684 2062 2747 cuius
2104 2687 2259 2745 latus

182 2771 290 2831 ille
324 2786 532 2831 mucro
569 2772 857 2847 petebat?
917 2770 1023 2845 qui
1048 2788 1270 2832 sensus
1301 2780 1430 2831 erat
1455 2786 1759 2831 armorum
1790 2775 2074 2829 tuorum?
2102 2782 2262 2843 quae

184 2866 294 2915 tua
334 2870 536 2929 mens,
568 2855 760 2926 oculi,
795 2870 1042 2927 manuS,
1085 2856 1268 2914 ardor
1295 2852 1520 2913 animi?
1561 2852 1708 2927 quid
1737 2851 2077 2927 cupiebas?
2117 2848 2265 2926 quid

188 2938 504 3013 optabas?
544 2936 733 2996 Nimis
777 2951 1002 3011 urgeo:
1052 2935 1425 2997 commoveri
1463 2935 1706 2996 videtur
1744 2936 2142 2995 adolescens:
2184 2932 2266 2992 ad

184 3038 289 3081 me
317 3026 631 3085 revertar·
668 3018 886 3079 iisdem
917 3018 979 3078 in
1006 3018 1190 3079 armis
1215 3018 1321 3078 fui.
1405 3020 1510 3078 lv.
1547 3018 1644 3080 10.
1681 3018 1836 3093 Quid
1868 3027 2069 3081 autem
2100 3014 2266 3077 aliud

192 3104 459 3179 egimuS,
508 3102 784 3176 Tubero,
840 3101 962 3163 nisi
1000 3111 1067 3163 ut
1110 3102 1280 3178 quod
1317 3102 1418 3163 hic
1461 3110 1666 3177 potest
1712 3120 1830 3164 nos
1895 3102 2270 3178 possemus?

186 3186 463 3261 Quorum
482 3185 667 3261 igitur
695 3184 1056 3262 impunitas,
1096 3184 1354 3261 Caesar,
1399 3194 1540 3247 tuae
1583 3184 1939 3247 clementiae
1987 3187 2120 3243 laus
2152 3190 2267 3254 est,

192 3286 407 3330 eorum
437 3268 712 3346 ipsorum
735 3270 815 3329 ad
840 3268 1256 3330 crudelitatem
1284 3277 1343 3334 te
1373 3277 1552 3330 acuet
1581 3268 1817 3331 oratio?
1842 3264 2084 3343 Atque·
2067 3282 2129 3324 ιιι
2154 3264 2270 3325 hac

196 3366 387 3412 causa
414 3368 538 3414 non
567 3352 714 3414 nihil
747 3353 1051 3428 equidem,
1078 3352 1336 3425 Tubero,
1370 3352 1548 3413 etiarn
1580 3362 1761 3423 tuam,
1795 3349 1909 3411 sed
1933 3349 2118 3409 multo
2143 3366 2270 3410 ma·

193 3432 292 3509 gis
321 3436 509 3510 patris
533 3434 618 3497 tui
645 3436 1031 3513 prudentiam
1067 3434 1386 3511 desidero,
1419 3436 1587 3511 quod
1609 3435 1792 3496 homo
1818 3449 2004 3510 quum
2025 3429 2274 3509 ingenio
