2459 3817
948 172 1508 234 ARGUMENTUM.
2129 177 2253 242 139

187 322 292 372 sibi
327 334 523 385 quoque
558 320 768 371 iusidias
803 326 855 370 et
879 317 935 370 id
967 320 1154 385 palam,
1191 337 1252 371 ae
1279 322 1470 375 maiore
1501 334 1654 371 mann
1690 336 1746 371 se
1778 320 2018 372 armabat.
2083 321 2256 373 Dictu-

193 402 311 438 rum
339 402 539 451 quoque
574 388 711 437 diem
745 386 978 437 Ciceroni
1011 389 1226 439 Plancus
1263 389 1566 450 ostenderat,
1601 398 1781 457 postea
1806 398 1974 439 autem
2009 390 2068 449 Q.
2106 390 2256 440 Pom-

190 456 341 521 peius
375 456 511 505 idem
548 454 804 505 minitatus
841 467 966 506 erat.
1033 456 1192 507 Tanta
1227 465 1393 508 tamen
1428 456 1707 507 constantia
1737 460 1797 506 a‘c
1822 456 1949 507 fides
1984 457 2078 506 fuit
2116 455 2258 509 Cice.

191 525 337 574 rouis
355 558 370 585 ,
408 530 464 571 ut
498 536 600 573 nou
631 522 814 589 populi
843 538 874 573 a
907 539 963 573 se
997 522 1316 585 alienatione,
1346 538 1447 575 nou
1474 523 1561 579 Cn.
1599 523 1827 589 Pompeii
1872 524 2254 589 suspitionibus,

191 601 297 641 non
323 590 537 655 periculi
577 590 732 640 futuri
779 599 946 651 metu,
989 592 1034 640 si
1082 592 1190 643 dies
1225 594 1293 643 ad
1337 592 1582 657 populum
1620 592 1897 654 diceretur,
1948 604 2047 641 nou
2084 592 2254 653 armis,

191 673 325 723 quae
371 656 540 723 palam
575 658 636 707 in
667 656 907 708 Milonem
949 668 1152 725 sumpta
1178 667 1346 720 erant,
1389 660 1625 711 deterreri
1652 661 1871 725 potuerit
1900 672 1932 711 a
1963 658 2255 710 detentione

187 727 327 786 eius,
360 738 514 787 quum
544 733 719 790 posset
747 740 894 777 omne
930 727 1215 791 periculum
1246 742 1393 777 suum
1428 735 1477 776 et
1508 726 1837 777 offensionem
1869 728 2103 779 inimicae
2126 727 2251 777 mul-

189 794 428 844 titudinis
462 793 742 854 declinare,
778 794 1026 844 redimere
1061 798 1228 857 autem
1269 793 1357 849 Cu.
1392 793 1617 863 Pompeii
1648 795 1897 859 animum,
1942 797 1987 855 si
2030 790 2254 859 paullum

187 874 258 911 ex
296 860 464 913 studio
499 861 807 911 defensionis
848 861 1142 914 remisisset.
1818 870 1825 875 '
2042 922 2045 927 ,

326 928 524 978 Pet-lata
551 929 733 979 deinde
764 928 880 997 lege
913 929 1169 993 Pompeii,
1204 928 1259 977 in
1292 943 1391 991 qua
1423 928 1478 977 id
1513 943 1715 991 quoque
1745 930 1985 994 scriptum
2014 936 2122 978 erat
2138 964 2151 987 ,
2196 936 2254 979 ut

187 998 454 1059 quaesitor
486 996 730 1063 suffragio
750 995 932 1061 popuii
955 1011 1022 1047 ex
1047 996 1128 1057 iis,
1154 998 1241 1060 qui
1272 996 1501 1046 consules
1535 994 1751 1054 fuerant,
1786 1005 2049 1055 crearetur,
2086 998 2254 1046 statim

187 1065 397 1113 comitia
458 1063 634 1113 habuit
656 1098 672 1125 ‚
729 1071 1027 1125 creatusque
1080 1071 1186 1113 erat
1231 1064 1293 1114 L.
1341 1062 1587 1112 Domitius
1627 1063 1955 1115 Aenobarbus
1982 1064 2251 1129 quaesitor.

190 1132 378 1183 Album
427 1146 625 1197 quoqne
673 1131 925 1190 iudicum,
983 1132 1070 1193 qui
1105 1132 1166 1180 de
1199 1146 1261 1181 ea
1285 1146 1341 1179 re
1369 1131 1658 1188 iudicarent,
1695 1132 1961 1196 Pompeius
1992 1131 2091 1181 talo
2136 1143 2254 1195 pro·

189 1198 382 1262 posuit,
417 1206 472 1245 ut
506 1210 780 1259 numquam
807 1212 973 1259 neque
1009 1197 1249 1249 clariores
1284 1198 1423 1248 viros
1456 1212 1619 1260 neque
1655 1201 1930 1249 sanctiores
1962 1198 2253 1265 propositos

191 1278 309 1314 esse
350 1271 616 1315 constaret.
657 1262 778 1313 Post
809 1265 946 1326 quod
979 1267 1149 1315 statim
1185 1280 1315 1316 nova
1348 1265 1461 1331 leg-e
1494 1264 1615 1315 Milo
1650 1266 1933 1329 postulatus
1967 1274 2045 1315 est
2070 1281 2103 1315 a
2128 1265 2250 1315 duo-

191 1332 292 1383 bus
320 1332 503 1396 Appiis
533 1329 755 1381 Claudiis
785 1331 1205 1394 adolescentibus,
1239 1334 1437 1393 iisdem,
1468 1347 1499 1382 a
1531 1332 1712 1395 quibus
1744 1342 1889 1383 autea
1912 1332 2102 1383 familia
2142 1334 2254 1384 eius

191 1398 360 1449 fuerat
390 1397 674 1463 postulata,
721 1400 940 1461 itemque
969 1400 1033 1449 de
1068 1400 1259 1451 ambitu
1295 1402 1357 1450 ab
1395 1400 1575 1449 iisdem
1604 1400 1817 1465 Appiis,
1853 1408 1901 1450 et
1930 1408 2193 1464 praeterea
2221 1414 2253 1450 a

193 1466 250 1520 Ο.
293 1464 461 1516 Ceteio
497 1472 548 1515 et
581 1464 640 1521 L.
676 1463 966 1525 Cornificio,
1003 1466 1066 1517 de
1109 1468 1367 1517 sodaliciis
1400 1482 1430 1517 a
1464 1466 1521 1517 Ρ.
1558 1466 1729 1517 Fulvio
1759 1466 1959 1517 Nerato.
2026 1468 2253 1520 Postula·

188 1542 274 1583 tus
303 1541 479 1583 autem
514 1540 624 1583 erat
651 1540 701 1583 et
729 1534 793 1583 de
829 1534 1083 1583 sodaliciis
1111 1542 1162 1585 et
1186 1537 1250 1586 de
1282 1536 1476 1585 ambitu
1510 1550 1570 1585 ea
1604 1550 1715 1599 spe,
1753 1534 1889 1598 quod
1920 1536 2138 1601 primum
2173 1538 2252 1586 iu-

195 1600 382 1651 dicium
431 1602 496 1651 de
531 1602 583 1650 vi
619 1601 842 1651 futurum
869 1603 1170 1667 apparebat,
1217 1618 1319 1666 quo
1346 1595 1483 1651 “eum
1526 1602 1812 1652 damnatum
1845 1602 1914 1651 iri
1938 1603 2252 1655 confidebant

190 1682 287 1717 nec
331 1677 511 1731 postea
556 1682 933 1733 responsurum.
1000 1670 1252 1719 Divinatio
1299 1669 1364 1719 de
1410 1670 1601 1719 ambitu
1637 1675 1981 1745 accusator-mn
2015 1670 2149 1721 facta
2174 1678 2251 1719 est

193 1736 476 1797 quaesitore
495 1736 556 1783 A.
590 1734 856 1797 Torquato,
883 1745 1032 1798 atque
1061 1737 1210 1786 ambo
1231 1736 1566 1798 quaesitores,
1586 1736 1868 1796 Torquatus
1903 1743 1953 1784 et
1982 1737 2248 1795 Domitius,

190 1802 356 1867 pridie
385 1800 554 1850 Nonas
589 1801 750 1866 April.
786 1815 928 1851 reum
963 1802 1144 1851 adesse
1180 1803 1450 1855 iusserunt.
1533 1801 1641 1860 Quo
1673 1802 1757 1850 die
1790 1802 1909 1851 Milo
1942 1803 2010 1853 ad
2042 1803 2240 1854 Domitii

190 1868 411 1921 tribunal
461 1868 625 1932 venit,
670 1869 736 1917 ad
771 1864 1010 1930 Torquati
1065 1869 1259 1918 amicos
1306 1868 1471 1918 misit=
1506 1866 1579 1917 ibi
1619 1868 1906 1931 postulante
1942 1884 2035 1933 pro
2080 1884 2141 1921 eo
2178 1870 2235 1925 M,

191 1934 428 1987 Marcello
465 1935 676 1985 obtinuit
692 1970 709 1997 ,
753 1950 818 1983 ue
847 1937 988 1999 prius
1021 1950 1228 1988 causam
1258 1937 1323 1987 de
1354 1934 1545 1985 ambitu
1576 1936 1765 1995 diceret
1798 1950 1949 1999 quam
1987 1935 2050 1987 de
2085 1939 2135 1988 vi
2173 1941 2243 1987 iu-

189 2004 378 2054 dicium
406 2012 540 2053 esset
561 2002 858 2066 perfectum.
915 2003 1068 2067 Apud
1101 2002 1378 2053 Domitium
1406 2008 1574 2052 autem
1599 2003 1935 2067 quaesitorem
1956 2006 2117 2055 maior
2147 2007 2247 2069 Ap·

193 2072 308 2136 pius
341 2070 614 2134 postulavit
648 2083 681 2118 a
707 2067 891 2119 Miione
925 2083 1097 2121 servos
1128 2070 1353 2121 exbiberi
1386 2084 1591 2120 numero
1620 2070 1693 2119 IV
1726 2078 1774 2119 et
1806 2071 1867 2136 L,
1902 2078 1952 2121 et
1982 2086 2135 2137 quum
2167 2072 2249 2121 ille

196 2144 404 2202 negaret
437 2152 526 2187 eos
536 2173 556 2198 ,
595 2137 683 2199 qui
709 2137 1094 2187 nominabantur
1122 2139 1176 2187 in
1206 2152 1303 2189 sua
1330 2144 1577 2203 potestate
1608 2152 1741 2199 esse,
1762 2138 2009 2188 Domitius
2039 2154 2102 2190 ex
2137 2155 2245 2189 sen·

191 2206 348 2255 tentia
405 2205 630 2254 iudicum
677 2202 1036 2268 pronuntiavit.
1093 2218 1148 2254 ut
1198 2222 1260 2255 ex
1300 2220 1560 2256 servorum
1588 2220 1762 2255 eorum
1793 2220 2001 2256 numero
2036 2242 2245 2263 ......

193 2282 454 2323 accusator
483 2282 604 2335 quot
639 2271 786 2322 vellet
804 2273 989 2323 ederet.
1036 2272 1184 2322 Citati
1202 2274 1385 2323 deinde
1403 2280 1559 2323 testes
1580 2274 1854 2323 secundum
1885 2274 2069 2340 legem,
2102 2288 2248 2337 quae,

195 2350 446 2457 aazia*
459 2340 961 2457 ‚fflssffirmiiss‘ffss
974 2343 2129 2473 ’wtissffitzflzttzfflrtiiss&satit
2157 2356 2249 2459 {3²

760 2443 773 2465 9
1773 2446 1792 2470 9
2227 2437 2249 2448 a

196 2489 307 2525 esse
338 2488 512 2526 omnes
546 2476 598 2524 iu
631 2474 764 2525 diem
800 2483 1056 2539 posterum
1089 2475 1383 2526 iuberentur
1397 2510 1415 2539 ,
1450 2490 1509 2525 ac
1543 2487 1712 2526 coram
1748 2484 2037 2527 accusatore
2068 2492 2127 2526 ac
2161 2491 2248 2527 reo

192 2542 354 2608 pilae,
399 2544 452 2592 in
487 2542 668 2608 quibus
703 2544 906 2593 uomina
939 2543 1165 2594 iudicum
1201 2544 1445 2608 inscripta
1493 2550 1689 2604 essent,
1706 2544 2084 2607 ‘aequarenturt
2129 2546 2245 2594 dein

192 2625 366 2659 rursus
395 2617 600 2675 postera
634 2609 720 2661 die
747 2612 942 2661 sortitio
974 2611 1202 2662 iudicum
1232 2612 1393 2671 fleret,
1429 2610 1579 2661 unius
1614 2623 1664 2660 et
1696 2610 1907 2661 Lxxx=
1956 2612 2044 2675 qui
2074 2626 2246 2661 nume-

192 2692 280 2727 rus
314 2693 466 2739 quum
497 2684 630 2727 sorte
668 2679 960 2743 obtigisset,
999 2680 1099 2744 ipsi
1129 2680 1357 2744 protinus
1393 2693 1590 2729 sessum
1627 2680 1783 2729 iremz
1829 2686 1935 2728 tum
1980 2680 2047 2730 ad
2076 2680 2245 2731 dicen·

194 2745 313 2795 d'um
343 2752 600 2795 accusator
628 2745 756 2795 duas
789 2748 966 2804 horas,
1000 2760 1118 2796 reus
1150 2755 1254 2797 tres
1286 2747 1493 2796 haberet
1509 2782 1522 2804 ,
1569 2758 1785 2809 reusque
1830 2747 2003 2797 eodem
2041 2747 2128 2797 die
2160 2746 2246 2796 nlo

183 2813 524 2871 iudicaretur,
551 2812 695 2875 prius
726 2822 911 2874 autem,
943 2826 1093 2875 quam
1113 2814 1392 2864 sententiae
1426 2813 1688 2873 ferrentur,
1711 2815 1892 2875 quinos
1927 2828 1993 2864 ex
2028 2814 2245 2880 singuiis

194 2880 453 2929 ordinibus
499 2890 795 2941 accusator,
842 2880 1049 2931 totidem
1085 2896 1205 2929 reus
1231 2882 1489 2939 reiiceret,
1534 2881 1606 2929 ita
1639 2889 1695 2929 ut
1734 2894 1971 2931 uumerus
2020 2882 2241 2933 iudicum

192 2948 569 3009 relinqueretur,
607 2948 694 3009 qui
723 2949 996 2997 sententias
1032 2948 1235 3007 ferrent,
1272 2948 1635 3013 quinquaginta
1668 2956 1717 2997 et
1746 2962 1895 2999 unus.

315 3016 482 3063 Primo
529 3014 610 3064 die
642 3016 788 3067 datus
832 3023 938 3065 erat
984 3014 1036 3064 in
1072 3015 1311 3065 Mllonem
1345 3018 1490 3066 testis
1527 3013 1794 3066 Causinius
1844 3014 2023 3079 Scola,
2068 3017 2155 3080 qui
2189 3030 2246 3065 se

193 3097 308 3132 enm
331 3083 390 3136 Ρ.
428 3080 602 3132 Clodio
631 3080 815 3145 fuisse,
847 3098 1002 3145 quum
1031 3084 1076 3133 is
1111 3085 1310 3133 occisus
1339 3090 1501 3143 esset,
1550 3083 1709 3141 dixit,
1744 3085 2155 3146 atrocitatemque
2175 3083 2245 3131 rei

193 3150 351 3201 factae
382 3165 532 3212 quam
564 3152 782 3200 maxime
813 3150 975 3215 potuit
1007 3151 1166 3201 auxit.
1203 3151 1361 3211 Quem
1384 3165 1540 3213 quum
1569 3150 1871 3217 interrogare
1888 3152 1955 3200 M.
1980 3148 2245 3199 Marcellus

195 3220 461 3283 coepisset,
495 3226 630 3268 tanto
661 3218 878 3267 tumultu
905 3213 1175 3269 Clodianae
1207 3218 1546 3271 multitudinis
1579 3218 1945 3267 circumstantis
1980 3217 2245 3266 exterritus

196 3294 300 3343 est,
345 3290 401 3333 ut
434 3287 538 3335 vim
573 3284 802 3337 ultimam
827 3288 1011 3335 timens
1043 3286 1094 3337 in
1123 3286 1341 3337 tribunal
1374 3301 1406 3337 a
1438 3284 1659 3335 Domitio
1694 3286 2013 3347 reciperetur.
2085 3284 2245 3343 Quam
2276 3344 2280 3349 ,

196 3352 258 3401 ob
289 3366 348 3400 ea
363 3366 489 3401 uam
521 3352 782 3404 Marcellus
828 3361 878 3403 et
937 3355 1047 3419 ipse
1088 3352 1207 3403 Milo
1260 3369 1289 3403 a
1322 3352 1543 3403 Domitio
1594 3352 1901 3417 praesidinm
1946 3350 2248 3415 implorare--
