2459 3817
222 146 342 211 132
710 134 786 193 m
822 134 883 193 c.
916 132 1246 193 VERREM
1275 131 1442 191 Aer.
1476 132 1548 190 11.
1578 130 1724 191 Lm.
1757 132 1832 189 v.
2179 142 2284 195 ,202

215 288 294 347 ad
327 283 689 363 mulierem,
708 290 957 359 nuptam
986 283 1122 356 uni,
1152 282 1876 358 propositam-omnibus»,
1913 289 2128 343 contra
2169 284 2282 356 fas,

216 377 428 430 contra
460 366 767 442 auspicia,
800 374 1014 427 contra
1041 380 1256 426 omnes
1279 364 1528 426 divinas
1579 373 1764 439 atque
1805 364 2106 427 humanas
2147 364 2286 425 reli-

214 467 449 528 giones.

380 534 538 595 xlv.
602 530 703 595 35.
770 532 817 595 Ο
849 532 912 594 di
940 531 1340 594 immortales!
1389 531 1538 607 quid
1579 531 1834 593 interest
1860 530 2018 592 inter
2051 539 2288 593 mentes

216 616 528 679 hominum
557 624 619 677 et
646 616 1079 691 cogitationes!
1146 617 1233 677 Ita
1273 613 1419 674 mihi
1447 630 1648 675 meam
1680 616 2054 676 voluntatem
2081 620 2286 690 spem·

217 717 336 776 que
395 698 673 775 reliquae
724 699 885 761 vitae
945 708 1149 760 vestra
1216 698 1553 773 poputique
1607 697 1866 759 Romani
1919 696 2286 760 existimatio

215 783 603 859 comprobet,
644 790 711 844 ut
752 799 899 858 ego,
938 799 1099 858 quos
1139 781 1342 842 adhuc
1391 778 1538 841 mihi
1579 780 1969 857 magistratus
2013 784 2286 859 populus

214 868 529 927 Romanus
570 864 910 938 mandavit,
955 867 1045 926 sic
1079 882 1191 927 eos
1235 863 1481 939 accepi,
1525 872 1592 925 ut
1620 880 1717 925 me
1751 864 2023 925 omnium
2049 863 2286 926 officio-

213 966 349 1013 rum
384 947 681 1023 obstringi
708 948 1006 1024 religione
1035 946 1390 1009 arbitrarer!
1455 948 1546 1008 lta
1577 954 1870 1023 quaestor
1895 963 2038 1009 sum
2070 948 2288 1021 factm,

216 1044 281 1095 ut
320 1030 469 1093 mihi
522 1030 689 1093 ilium
728 1032 1023 1093 honorem
1070 1040 1195 1093 tum
1244 1048 1368 1093 non
1407 1032 1609 1092 solum
1651 1030 1891 1106 datum,
1947 1032 2060 1093 sed
2099 1030 2288 1091 etiam

217 1117 513 1177 creditum
541 1122 603 1177 et
630 1114 1023 1177 commissum
1056 1122 1362 1191 putaremz
1409 1113 1503 1175 sic
1531 1112 1768 1175 obtinui
1795 1121 2192 1191 quaesturam
2225 1112 2286 1173 in

219 1197 427 1259 Sicilia
456 1196 800 1273 provincia,
839 1206 910 1259 ut
938 1198 1205 1259 omnium
1239 1198 1457 1258 oculos
1500 1195 1559 1257 in
1605 1213 1701 1258 me
1743 1214 1930 1259 unum
1973 1196 2288 1259 coniectos

218 1298 362 1344 esse
394 1280 751 1353 arbitrarer,
782 1289 849 1343 nt
872 1298 969 1343 me
1006 1287 1524 1357 quaesturamque
1548 1296 1752 1341 ¹meam
1781 1280 1960 1356 qnasi
1989 1280 2049 1340 in
2080 1279 2287 1355 aliquo

216 1374 511 1427 terrarum
536 1364 703 1426 orbis
728 1364 961 1425 theatro
984 1363 1217 1425 versari
1240 1360 1686 1443 existimarem,
1711 1372 1778 1425 ut
1799 1376 2047 1440 semper
2069 1360 2290 1436 omnia,

221 1464 379 1524 quae
406 1447 673 1509 iucunda
703 1446 984 1509 videntur
1012 1464 1184 1520 esse,
1226 1462 1302 1508 ea
1348 1462 1468 1509 non
1511 1448 1695 1510 modo
1732 1446 1827 1509 his
1871 1444 2288 1508 extraordina-

215 1531 323 1591 riis
354 1528 804 1606 cupiditatibus,
838 1531 951 1591 sed
984 1530 1163 1592 etiam
1184 1530 1308 1606 ipsi
1341 1538 1596 1593 naturae
1624 1544 1700 1591 ae
1723 1528 2076 1593 necessitati
2102 1530 2289 1589 dene-

219 1630 446 1691 garem.
501 1612 617 1677 36:
666 1613 838 1674 Nunc
879 1630 1014 1675 snm
1054 1612 1412 1690 designatus
1451 1610 1700 1676 aedilis:
1743 1614 1946 1677 habeo
1993 1614 2289 1675 rationem

221 1695 368 1774 quid
400 1714 437 1757 a
468 1698 699 1773 populo
734 1698 1011 1759 Romano
1040 1696 1416 1773 acceperim
1461 1695 1606 1758 mihi
1647 1698 1830 1759 ludos
1861 1695 2288 1758 sanctissimos

220 1780 481 1843 maxima
515 1797 652 1842 curn
696 1796 844 1841 cura
882 1790 943 1842 et
970 1780 1342 1843 caerimonia
1371 1780 1574 1842 Cereri
1587 1826 1603 1856 ,
1647 1780 1869 1843 Libero
1909 1780 2290 1855 Liberaeque

220 1863 574 1937 faciundas,
623 1863 768 1925 mihi
800 1862 1041 1926 Floram
1084 1873 1336 1927 matrem
1379 1866 1614 1941 populo
1658 1862 1948 1941 plebique
1976 1864 2292 1925 Romanae

220 1942 502 2009 ludorum
555 1946 906 2009 celebritate
936 1943 1328 2023 placandam,
1381 1946 1530 2009 mihi
1582 1947 1764 2009 ludos
1811 1946 2292 2022 antiquissimae,

221 2029 327 2107 qui
356 2028 532 2105 primi
565 2029 825 2091 Romani
857 2029 1148 2106 appellati
1194 2039 1363 2099 sunt,
1416 2044 1554 2093 cum
1598 2028 1887 2105 dignitate
1928 2028 2194 2091 maxima
2231 2036 2288 2091 el

222 2110 517 2188 religione
547 2111 709 2188 Iovi,
742 2113 961 2174 lunoni
989 2113 1429 2189 Minervaeque
1457 2128 1601 2175 esse
1631 2110 1986 2186 faciundo&
2021 2112 2164 2173 mihi
2195 2128 2292 2173 sa·

223 2211 460 2256 crurum
486 2196 729 2257 aedium
762 2195 1282 2271 procurationem,
1333 2196 1481 2257 mihi
1517 2204 1708 2259 totam
1752 2198 1963 2257 urbem
2005 2196 2292 2259 tuendam

220 2296 365 2340 esse
400 2278 817 2341 commissamx
852 2280 931 2339 ob
960 2295 1168 2341 earum
1200 2294 1405 2341 rerum
1433 2280 1706 2343 laborem
1735 2287 1797 2341 et
1825 2278 2293 2341 sollicitudinem

222 2363 456 2425 fructus
486 2362 626 2423 illos
656 2362 837 2423 datos
854 2408 869 2435 ,
918 2361 1324 2439 antiquiorem
1364 2364 1425 2423 in
1457 2372 1674 2425 senatu
1704 2362 2042 2425 sententiae
2086 2361 2294 2423 dicem

222 2447 341 2507 dae
368 2448 603 2521 locum,
636 2454 840 2521 togam
867 2454 1276 2523 praetextam,
1307 2447 1521 2507 sellam
1554 2447 1824 2509 curulem
1842 2491 1858 2521 ,
1886 2446 1984 2508 ius
2013 2443 2292 2521 imaginis

222 2531 303 2590 ad
353 2527 707 2591 memoriam
748 2530 1292 2606 posteritatemque
1331 2530 1731 2606 prodendam.
1774 2526 1876 2592 37.
1919 2528 2016 2589 Ex
2051 2527 2146 2589 liis
2175 2540 2292 2603 ego

224 2614 508 2675 omnibus
537 2615 757 2688 rebus,
797 2611 1064 2686 iudiceS,
1106 2613 1191 2675 ita
1238 2612 1386 2675 mihi
1415 2630 1632 2677 omnes
1672 2616 1828 2679 deos
1856 2616 2160 2695 propitios
2191 2632 2295 2677 ve-

220 2697 343 2773 lim,
386 2696 567 2758 etiam
614 2698 670 2759 si
696 2697 846 2760 mihi
881 2694 1362 2759 iucundissimus
1409 2705 1508 2761 est
1553 2698 1756 2761 honos
1789 2702 2036 2779 populi,
2085 2708 2291 2762 tamen

220 2798 612 2861 nequaquam
640 2783 821 2861 capio
864 2790 1093 2845 tantum
1122 2780 1455 2861 voluptatis
1471 2827 1486 2857 ,
1529 2790 1820 2857 quantum
1847 2790 1911 2842 et
1941 2775 2296 2843 sollicitudi-

221 2868 319 2929 nis
352 2875 413 2929 et
452 2867 712 2941 laboriS,
746 2874 813 2930 ut
840 2866 993 2929 haec
1018 2865 1159 2944 ipsa
1187 2865 1496 2938 aedilitas,
1529 2881 1653 2927 non
1685 2862 1830 2942 quia
1861 2878 2124 2927 necesse
2165 2864 2295 2923 fue·

219 2950 326 3024 rit,
376 2948 559 3012 alicui
602 2949 926 3013 candidato
958 2950 1126 3026 data,
1182 2950 1326 3023 sed,
1378 2948 1522 3027 quia
1569 2948 1661 3011 sic
1707 2946 2071 3024 oportuerit,
2129 2952 2294 3007 recte

222 3036 521 3097 collocata
550 3040 611 3094 et
639 3033 865 3095 iudicio
898 3032 1111 3111 populi
1143 3032 1205 3095 in
1235 3035 1375 3095 loco
1409 3048 1552 3095 esse
1581 3032 1784 3109 posita
1811 3031 2108 3093 videatur.

385 3118 516 3178 XV.
585 3116 685 3182 38.
749 3118 867 3191 Tu,
903 3134 1089 3193 quum
1118 3133 1296 3180 esses
1329 3122 1578 3194 praetor
1596 3122 1996 3185 renuntiatuS‚
2041 3124 2292 3190 quoquo

222 3201 405 3263 modo
434 3236 522 3247 —
554 3200 720 3262 mitto
750 3199 910 3262 enim
940 3212 1001 3263 et
1028 3209 1348 3278 praetereo
1381 3198 1528 3275 quid
1553 3208 1678 3261 tum
1709 3198 1787 3259 sit
1815 3207 2016 3260 actum
2043 3226 2146 3269 ·-—‚
2182 3192 2293 3255 sed

225 3302 410 3359 quum
438 3300 617 3346 esses
646 3287 1039 3359 renuntiatuS,
1120 3293 1185 3345 ut
1227 3281 1385 3356 dixi,
1438 3299 1560 3343 non
1590 3280 1728 3358 ipsa
1769 3278 2096 3359 praeconis
2137 3292 2296 3339 voce

225 3364 525 3429 excitatus
560 3384 661 3443 οε,
695 3368 800 3446 qui
830 3377 887 3429 te
918 3368 1142 3429 totiens
1175 3366 1486 3428 seniorum
1531 3364 1964 3441 iuniorumque
2003 3358 2296 3424 centuriis
