2459 3817
765 151 934 212 CAP.
963 156 1036 214 35
1051 181 1124 195 -—
1141 155 1228 212 37.
1274 154 1327 217 s.
1350 157 1419 212 95
1436 182 1511 194 -
1529 158 1652 212 102.
2118 152 2241 218 173

173 302 314 378 quis
352 308 556 377 potest
583 315 727 362 esse
763 306 1012 364 tantus?
1037 333 1122 348 —
1149 298 1265 361 sed
1304 315 1385 361 ne
1422 299 1585 362 hunc
1614 299 1863 376 quidem
1896 299 2133 378 ipsum,
2168 313 2239 368 ut

157 383 504 446 ‘obliviscar
543 383 754 460 quanti
794 398 894 442 me
943 397 1190 458 semper
1229 383 1517 444 feceritis.
1605 383 1774 458 Quae
1814 384 1871 446 si
1915 399 2033 446 vos
2076 385 2239 461 oepit

171 465 396 530 oblivio
423 473 528 528 aut
555 465 612 528 si
639 465 702 526 in
729 479 828 526 me
857 464 1088 541 aliquid
1114 463 1477 540 offendistis,
1506 482 1618 528 cur
1644 483 1769 528 non
1788 466 1855 527 id
1874 483 2013 529 meo
2036 468 2237 545 capite

170 549 376 626 potins
403 547 586 610 luitur
613 563 796 623 quam
825 547 1072 610 Milonis
1087 554 1119 607 ι
1161 547 1483 610 Praeclare
1520 549 1685 612 enim
1725 549 1962 626 vixero,
2003 552 2060 612 si
2090 553 2239 627 quid

170 631 316 692 mihi
361 631 653 694 acciderit
693 630 866 706 prius
900 646 1084 706 quam
1121 630 1243 694 hoc
1293 639 1525 694 tantum
1562 631 1707 694 mali
1757 633 1993 696 videro.
2094 633 2233 698 loo.

168 716 340 776 Nunc
365 729 466 776 me
491 730 614 776 una
635 714 978 776 consolatio
999 722 1318 789 sustentat,
1349 715 1517 790 quod
1541 713 1669 790 tibi,
1698 717 1763 775 T.
1786 717 1967 790 Anni,
2005 719 2234 781 nultum

169 815 208 858 a
238 813 336 858 me
363 797 622 872 amoriS,
660 799 889 862 nullum
923 797 1137 870 studii,
1181 798 1411 858 nullum
1439 797 1685 872 pietatis
1722 799 1993 862 officium
2020 801 2233 864 deruit.

165 881 296 958 Ego
345 879 685 943 inimicitias
721 880 1060 957 potentium
1088 894 1204 955 pro
1243 887 1305 940 te
1332 879 1633 955 appetivi,
1667 895 1785 956 ego
1813 897 2015 942 meum
2044 899 2235 960 saepe

169 980 400 1041 corpus
441 971 504 1024 et
541 961 726 1024 vitam
781 961 981 1024 obieci
1021 959 1217 1024 armis
1258 960 1636 1024 inimicorum
1680 969 1950 1037 tuorum,
1992 979 2110 1040 ego
2137 981 2235 1028 me

168 1045 446 1122 plurimis
475 1053 674 1122 prote
697 1045 1044 1121 supplicem·
1067 1043 1296 1118 abieci,
1329 1045 1525 1118 bona,
1557 1045 1831 1108 fortunas
1857 1061 2033 1107 meas
2060 1063 2134 1108 ac
2166 1049 2234 1110 li·

167 1131 452 1190 berorum
489 1141 762 1188 meorum
804 1127 866 1187 in
905 1125 1392 1188 communionem
1432 1136 1671 1190 tuorum
1710 1137 2050 1206 temporum
2090 1147 2234 1192 con-

166 1210 306 1272 tuli=
335 1210 454 1270 hoc
483 1209 751 1285 denique
775 1208 914 1286 ipso
949 1208 1079 1283 die,
1105 1209 1162 1270 si
1191 1225 1354 1287 qnae
1373 1208 1471 1272 vis
1504 1219 1601 1272 est
1627 1211 1941 1288 parata‚s'i
1968 1228 2131 1288 quae
2146 1215 2234 1276 di-

167 1291 412 1354 micatio
440 1290 658 1368 capitis
685 1292 918 1368 futura,
945 1293 1245 1368 deposco.
1332 1292 1490 1367 Quid
1517 1293 1638 1355 iam
1680 1303 1913 1358 restat?
1952 1295 2097 1372 quid
2130 1295 2229 1358 ha·-

167 1377 289 1438 beo
341 1376 510 1452 quod
549 1372 770 1437 faciam
816 1391 932 1452 pro
975 1375 1096 1438 tuis
1123 1375 1186 1438 in
1222 1391 1322 1438 me
1362 1377 1591 1439 meritis
1633 1377 1751 1440 nisi
1788 1387 1857 1441 ut
1882 1395 2017 1441 enm
2046 1383 2232 1442 fortu-

167 1474 328 1534 nam,
385 1473 812 1536 quaecumque
848 1459 961 1521 erit
987 1466 1119 1535 tua,
1159 1460 1383 1522 ducam
1408 1467 1648 1522 meam?
1684 1463 1818 1524 Non
1840 1478 2083 1536 recuso,
2110 1476 2233 1524 non

167 1543 402 1620 abnuo,
462 1558 705 1619 vosque
731 1543 1028 1616 obsecro,
1057 1541 1327 1616 iudices,
1378 1553 1448 1606 ut
1472 1552 1679 1606 vestra
1704 1545 2033 1620 beneficia,
2075 1562 2233 1622 quae

169 1624 237 1686 in
267 1641 366 1686 me
393 1625 756 1700 contulistis,
779 1635 885 1689 ant
914 1627 975 1687 in
997 1626 1180 1690 huius
1215 1627 1409 1688 salute
1438 1626 1713 1703 augeatis
1742 1637 1847 1690 aut
1877 1628 1939 1688 in
1960 1629 2225 1692 eiusde-

171 1708 357 1770 exitio
389 1722 688 1770 occasura
715 1725 858 1770 esse
881 1709 1159 1770 videatis..

291 1789 586 1852 XXXVII.
617 1789 758 1852 101.
785 1790 898 1852 His
920 1791 1186 1852 lacrimis
1217 1808 1341 1855 non
1370 1799 1649 1854 movetur
1678 1791 1825 1852 Milo
1844 1825 1932 1838 --
1952 1800 2048 1853 est
2080 1809 2223 1867 quo·

173 1872 314 1937 dam
343 1870 685 1934 incredibili
709 1873 937 1934 robore
963 1873 1148 1934 animi
1165 1903 1284 1949 --,
1307 1874 1423 1935 sed
1453 1875 1733 1936 exsilium
1761 1871 1846 1936 ibi
1870 1889 2016 1936 esse
2046 1882 2241 1950 putat,

169 1956 274 2018 ubi
303 1953 503 2018 virtuti
541 1971 666 2016 non
709 1954 789 2019 sit
832 1956 1039 2018 locus=
1085 1964 1342 2019 mortem
1386 1965 1637 2020 naturae
1674 1956 1857 2018 finem
1882 1971 2030 2018 esse·
2045 2001 2067 2028 ,‚
2108 1973 2231 2018 non

170 2053 451 2114 poenam.
481 2035 610 2099 Sed
631 2036 730 2099 hic
757 2054 832 2100 ea
853 2047 1072 2113 mente,
1103 2055 1226 2115 qua
1254 2047 1432 2102 natus
1459 2048 1583 2102 esta
1617 2039 1767 2116 quid
1793 2056 1927 2114 vos,
1957 2037 2234 2100 iudices!

177 2137 296 2198 quo
346 2122 590 2183 tandem
647 2121 850 2184 animo
901 2121 1112 2184 eritis?
1170 2121 1527 2186 Memoriam
1572 2122 1817 2185 Milonis
1878 2121 2234 2197 retinebitis,

169 2206 376 2280 ipsum
402 2202 698 2266 eiicietis?
737 2213 800 2282 et
837 2205 954 2266 erit
993 2204 1235 2281 dignior
1261 2209 1434 2269 locus
1462 2206 1525 2268 in
1553 2205 1733 2268 terris
1763 2205 1927 2266 ullus
1944 2206 2048 2282 qui
2076 2205 2234 2266 hanc

173 2286 453 2350 virtutem
491 2286 760 2364 excipiat
813 2304 995 2364 qnam
1035 2287 1169 2364 hic,
1213 2289 1319 2366 qui
1343 2291 1689 2366 procreavit
1707 2296 1753 2349 ι·
1770 2291 1939 2364 Vos,
1964 2305 2083 2350 vos
2122 2304 2233 2364 ap·

172 2370 367 2446 pello,
397 2368 714 2432 fortissimi
743 2371 887 2442 viri,
935 2370 1042 2448 qui
1073 2373 1325 2435 multum
1354 2389 1471 2450 pro
1496 2389 1565 2434 re
1599 2370 1846 2450 publica
1872 2370 2233 2448 sanguinem

169 2451 475 2516 effudistis
491 2475 508 2510 ε
539 2470 654 2516 vos
679 2454 744 2515 in
766 2452 884 2516 viri
917 2454 1066 2516 etin
1095 2454 1250 2517 civis
1282 2455 1487 2518 invicti
1508 2457 1781 2532 periculo
1803 2453 2068 2534 appello,
2092 2470 2232 2516 cen-

168 2537 472 2612 turioneS,
527 2554 799 2614 vosque,
837 2535 1092 2599 militesz
1141 2538 1321 2600 vobis
1366 2555 1490 2600 non
1516 2541 1703 2602 modo
1733 2538 2233 2617 inspectantibus,

169 2619 283 2680 sed
310 2619 490 2680 etiam
520 2620 767 2683 armatis
797 2629 858 2682 et
897 2622 1038 2682 huic
1081 2621 1309 2684 iudicio
1349 2620 1837 2699 praesidentibus
1878 2622 2045 2682 haec·
2068 2630 2235 2685 tanta

168 2701 361 2762 virtus
405 2717 486 2764 ex
523 2703 640 2766 hac
677 2706 831 2766 urbe
869 2707 1240 2780 expelletur,
1284 2705 1807 2780 exterminabitur,
1846 2702 2235 2781 proiicieturv

171 2782 316 2847 102.
347 2782 396 2843 Ο
428 2799 527 2845 me
557 2785 864 2858 miserum,
895 2802 932 2848 o
951 2802 1050 2848 me
1080 2787 1414 2850 infelicem!
1444 2790 1762 2849 Revocare
1800 2795 1867 2849 tu
1907 2803 2005 2849 me
2032 2785 2094 2848 in
2125 2802 2225 2864 pa-

167 2865 375 2940 triam,
401 2865 582 2942 Milo,
623 2869 873 2943 potuisti
899 2885 1010 2944 per
1043 2869 1192 2942 hos,
1238 2885 1355 2944 ego
1397 2879 1457 2933 te
1495 2869 1557 2931 in
1600 2869 1797 2945 patria
1837 2887 1950 2946 per
1978 2872 2232 2933 eosdem

167 2949 431 3011 retinere
461 2965 582 3010 non
621 2957 884 3026 potero?
920 2950 1079 3025 Quid
1117 2952 1510 3027 respondebo
1551 2951 1759 3014 liberis
1788 2953 1973 3029 meis,
2014 2953 2121 3030 qui
2172 2961 2233 3015 te

169 3041 483 3110 parentem
511 3033 766 3095 alterum
794 3039 1053 3110 putant?
1093 3033 1240 3110 quid
1277 3033 1413 3108 tibi,
1462 3035 1680 3110 Quinte
1709 3038 1910 3111 frater,
1935 3037 2037 3114 qui
2071 3053 2231 3098 nunc

170 3116 352 3189 abes,
404 3117 674 3179 consorti
727 3131 966 3180 mecum
1019 3124 1361 3193 temporum
1406 3117 1687 3180 illorum?
1728 3136 1906 3182 mene
1958 3136 2081 3181 non
2122 3135 2233 3194 po·

167 3199 362 3260 tuisse
389 3197 634 3261 Milonis
665 3201 922 3262 salutem
948 3201 1103 3261 tueri
1133 3217 1248 3278 per
1274 3203 1558 3275 eosdem,
1608 3218 1721 3278 per
1760 3219 1921 3278 quos
1959 3209 2231 3264 nostram

99 3305 106 3310 ·
166 3282 270 3342 ille
309 3289 662 3345 servasset?
712 3286 796 3346 At
852 3283 915 3344 in
967 3299 1090 3359 qua
1135 3299 1327 3346 causa
1370 3301 1495 3347 non
1547 3283 1824 3361 potuisse
1845 3292 1877 3343 ⁴3
1938 3300 2098 3361 quae
2136 3293 2235 3345 est

167 3369 340 3440 grata
359 3366 648 3439 gentibus
667 3405 858 3426 .....
877 3383 1000 3428 non
1028 3366 1353 3442 potuisset
1380 3367 1486 3438 iis,
1532 3368 1635 3442 qui
1668 3367 1929 3426 maxime
1950 3367 2013 3428 P.
2038 3365 2230 3430 Clodii
