2459 3817
239 0 2455 47 *ss

821 126 984 183 CAP.
1017 133 1087 187 13
1106 158 1174 169 —-
1196 134 1283 187 16.
1322 131 1373 191 S.
1403 133 1473 187 30
1490 135 1666 189 -35.
2208 122 2289 185 ‘15

218 293 406 353 gnum
465 273 632 348 quod
673 271 732 333 in
783 289 896 335 suo
945 284 1195 349 argento
1226 276 1455 335 Verres
1496 275 1765 337 haberet.
1840 276 1945 337 Ait
1985 276 2085 337 ille
2126 278 2285 339 idem

218 359 338 420 sibi
373 355 584 417 videri.
649 356 740 417 lta
767 356 1116 432 Pamphilus
1149 358 1424 434 scyphos
1456 358 1723 432 optimos
1752 362 1967 421 aufert.

387 479 490 543 33.
549 478 624 540 Et
653 480 998 541 mehercule
1031 498 1146 556 ego
1193 492 1402 555 antea,
1452 484 1689 544 tametsi
1724 484 1841 544 hoc
1886 482 2095 543 nescio
2142 484 2287 557 quid

219 562 606 640 nugatorium
633 563 904 625 sciebam
937 580 1110 637 esse,
1144 564 1261 625 ista
1292 565 1657 639 intelligere,
1703 575 1900 627 tamen
1944 565 2144 625 mirari
2187 582 2285 625 so-

221 650 420 709 lebam
450 645 631 707 istum
661 644 720 705 in
745 646 840 705 his
873 645 1028 722 ipsis
1054 647 1238 708 rebus
1262 648 1526 723 aliquem
1553 666 1802 709 sensum
1828 650 2072 721 habere,
2107 665 2286 723 quem

221 732 444 792 scirem
499 728 663 788 nulla
706 727 766 787 in
811 745 879 789 re
924 729 1253 805 quidquam
1305 730 1501 790 simile
1546 730 1805 792 hominis
1850 732 2096 791 habere.
2154 732 2287 791 XV.

217 816 370 873 Tum
427 812 686 887 primurn
735 810 1005 873 intellexi
1049 814 1127 873 ad
1177 829 1311 873 eam
1344 831 1471 874 rem
1512 814 1664 874 istos
1720 816 1937 875 fratres
1970 814 2286 891 Cibyratas

223 896 449 969 luisse,
480 901 545 954 ut
575 893 690 954 iste
722 892 780 953 in
815 896 1070 956 furando
1105 896 1383 957 manibus
1416 897 1563 970 suiS,
1599 896 1793 958 oculis
1824 896 2059 957 illorum
2091 906 2287 957 utere-

223 990 338 1040 tur.
394 983 475 1038 At
506 976 586 1037 ita
619 977 936 1037 studiosus
965 987 1058 1037 est
1089 978 1269 1039 huius
1302 982 1652 1052 praeclarae
1683 980 2179 1052 existimationiS,
2224 987 2287 1039 ut

223 1070 470 1137 putetur
503 1058 563 1118 in
593 1058 766 1120 hisce
792 1060 976 1120 rebus
1006 1059 1351 1136 intelligens
1393 1079 1564 1134 esse,
1613 1071 1679 1122 ut
1722 1078 1917 1136 nuper
1960 1094 2047 1105 —-
2084 1061 2288 1120 videte

221 1144 486 1204 hominis
540 1143 858 1203 amentiam
910 1176 992 1187 —-·
1049 1155 1269 1217 postea
1321 1162 1500 1217 quam
1553 1152 1648 1205 cst
1689 1144 2287 1219 comperendinatus,

223 1243 416 1301 quum
451 1223 568 1283 iam
599 1241 707 1298 pro
751 1226 1034 1286 damnato
1071 1235 1432 1301 mortuoque
1461 1236 1656 1298 esset,
1702 1227 1863 1287 ludis
1900 1226 2287 1287 Circensibus

224 1324 407 1369 mane
447 1306 613 1381 apud
643 1308 710 1367 L.
754 1307 1105 1381 Sisennam,
1161 1310 1356 1369 virum
1408 1310 1789 1385 primarium,
1846 1327 2031 1384 quum
2079 1318 2289 1368 essent

221 1390 482 1452 triclinia
525 1396 710 1450 strata
753 1400 1191 1467 argentumque
1233 1392 1579 1467 expositum
1634 1392 1693 1452 in
1749 1392 2038 1465 aedibuS,
2098 1408 2288 1467 quum

225 1490 340 1549 pro
375 1471 664 1547 dignitate
697 1473 776 1533 L.‘
798 1471 1098 1533 Sisennae
1138 1476 1358 1535 domus
1389 1481 1557 1535 esset
1596 1478 1777 1550 plena
1822 1476 2131 1536 hominum
2176 1474 2285 1533 ho-

226 1554 745 1629 nestissimorum,
811 1555 1075 1617 accessit
1127 1557 1206 1616 ad
1258 1567 1601 1633 argentum,
1656 1559 2052 1632 contemplari
2104 1574 2287 1617 unum

228 1640 501 1715 quidque
542 1636 743 1697 otiose
777 1648 836 1699 et
872 1639 1266 1700 considerare
1306 1641 1527 1715 coepit.
1590 1640 1796 1701 Mirari
1827 1640 2134 1702 stultitiam
2166 1639 2286 1713 alii,

221 1722 394 1797 quod
422 1720 481 1781 in
516 1720 655 1796 ipso
685 1720 912 1782 iudicio
943 1722 1074 1783 eius
1104 1721 1303 1797 ipsius
1335 1724 1712 1797 cupiditatis,
1761 1725 1935 1785 cuius
1978 1722 2261 1782 insimula

222 1812 424 1875 retur,
445 1803 862 1878 suspicionem
896 1812 1176 1879 augeret,
1210 1805 1311 1865 alii
1343 1806 1694 1879 amentiam,
1739 1806 1837 1866 cui
1866 1805 2285 1880 comperendi—

221 1896 398 1961 nat0,
453 1903 636 1960 quum
684 1894 800 1946 tam
845 1887 1013 1947 multi
1055 1896 1245 1948 testes
1288 1888 1619 1960 dixissent,
1674 1888 2006 1964 quidquam
2049 1887 2288 1949 illorum

224 1974 471 2038 veniret
527 1976 587 2037 in
647 1984 930 2039 mentem.
998 1976 1178 2037 Pueri
1210 1983 1415 2036 autem
1445 1975 1775 2047 Sisennae,
1817 1976 2003 2037 credo
2050 1975 2154 2050 qui
2195 1991 2294 2035 au-

223 2056 469 2117 dissent
503 2075 661 2131 quae
690 2059 752 2118 in
778 2059 962 2120 istum
997 2058 1349 2119 testimonio
1384 2066 1589 2118 essent
1618 2060 1798 2124 dicta.
1825 2061 2043 2119 oculos
2076 2060 2154 2119 de
2176 2059 2297 2118 isto

227 2162 534 2220 nusquam
566 2147 829 2208 deiicere
865 2166 1068 2225 neque
1099 2152 1176 2211 ab
1206 2162 1459 2227 argento
1492 2154 1741 2229 digitum
1786 2154 2128 2215 discedere.
2190 2152 2291 2215 34.

227 2230 340 2289 Est
387 2230 528 2291 boni
570 2230 789 2290 iudicis
821 2232 1026 2306 parvis
1076 2248 1156 2292 ex
1193 2236 1379 2295 rebus
1410 2235 1819 2297 coniecturam
1866 2238 2070 2297 facere
2110 2237 2289 2297 unius

227 2311 533 2387 cuiusque
591 2323 649 2373 et
701 2313 1050 2388 cupiditatis
1096 2326 1156 2377 et
1205 2318 1632 2379 continentiae.
1698 2318 1812 2392 Qui
1850 2335 1997 2379 reus
2046 2330 2107 2379 et
2144 2336 2291 2379 reus

223 2398 366 2469 lege
402 2396 1006 2471 comperendinatuS,
1051 2415 1120 2457 re
1167 2408 1228 2459 et
1274 2400 1562 2475 opinione
1608 2401 1919 2462 hominum
1962 2418 2158 2475 paene
2186 2402 2291 2461 da·

224 2484 502 2551 mnatuS,
534 2486 872 2553 temperare
917 2496 1039 2541 non
1085 2482 1350 2556 potuerit
1388 2483 1650 2545 maximo
1694 2492 1999 2545 conventu
2044 2484 2189 2559 quin
2222 2484 2291 2543 L.

227 2559 532 2620 Sisennae
566 2570 882 2635 argentum
924 2571 1208 2625 tractaret
1249 2574 1309 2625 et
1350 2566 1797 2639 consideraret,
1847 2566 2009 2627 hunc
2050 2575 2289 2643 praeto·

225 2659 356 2702 rem
391 2640 451 2702 in
495 2642 810 2715 provincia
846 2644 1173 2727 quisquam
1206 2649 1441 2721 putabit
1468 2665 1505 2707 a
1534 2648 1876 2709 Siculorum
1907 2659 2157 2723 argento
2188 2666 2289 2708 cu·

225 2724 542 2799 piditatem
581 2732 686 2786 aut
713 2742 927 2788 manus
957 2728 1264 2791 abstinere
1311 2731 1631 2805 potuisse?

402 2847 558 2905 XVI.
624 2845 725 2909 35.
789 2850 1048 2925 Verum,
1102 2852 1190 2912 uti
1229 2852 1617 2929 Lilybaeum,
1665 2857 1828 2916 unde
1873 2855 2150 2930 digressa
2196 2872 2292 2915 est

229 2928 456 3003 oratio,
504 2941 911 3006 revertamur,
960 2934 1206 2995 Diocles
1262 2945 1384 3009 est,
1427 2937 1721 3012 Pamphili
1763 2954 1949 3013 gener
2010 2938 2201 3009 illius,
2254 2954 2291 2995 a

227 3029 353 3085 quo
383 3010 605 3087 hydria
636 3015 835 3075 ablata
860 3025 981 3089 est,
1029 3016 1325 3091 Popillius
1358 3020 1739 3093 cognomine.
1809 3023 1904 3081 Ab
1946 3022 2063 3081 hoc
2116 3019 2290 3079 abaci

225 3110 382 3153 vasa
432 3094 662 3169 omnia,
714 3105 782 3157 ut
830 3097 1112 3173 exposita
1163 3101 1433 3175 fuerunt,
1486 3103 1751 3164 abstulit.
1829 3104 2004 3164 Dicat
2044 3120 2113 3163 se
2147 3102 2288 3161 licet

223 3180 484 3241 emisse:
524 3180 744 3242 etenim
774 3182 872 3242 hic
901 3192 1158 3259 propter
1185 3183 1661 3259 magnitudinem
1694 3183 1837 3245 furti
1868 3191 2039 3257 sunt,
2070 3191 2139 3243 ut
2165 3184 2294 3259 opi-

220 3280 358 3335 nor,
392 3263 631 3325 litterae
661 3267 880 3326 factae.
922 3268 1110 3327 lussit
1129 3266 1574 3327 Timarchidem
1604 3268 1929 3328 aestimare
1952 3272 2291 3340 argentum.

225 3346 358 3420 Quo
405 3348 634 3408 modo?
687 3366 808 3422 quo
843 3348 946 3424 qui
974 3366 1265 3425 umquam
1310 3348 1666 3411 tenuissime
1696 3352 1755 3409 in
1786 3348 2178 3409 donationem
2208 3348 2293 3407 hi·
