2459 3817
241 158 371 228 214
558 158 639 221 IN
662 156 745 220 M.
772 154 1176 221 amomum
1202 151 1487 218 ORATIO
1513 151 1936 217 PHILIPPICA
1963 152 2006 214 1.

248 328 472 386 essem,
498 308 837 373 remisisset
862 307 1093 383 aliquid
1121 291 1397 384 proiecto
1427 306 1511 368 de
1526 305 1853 368 severitate
1881 304 2170 381 cogendi.
2212 306 2320 366 vl.
2442 328 2443 331 ¹

248 395 350 459 13.
379 398 475 455 An
500 392 599 455 me
625 390 927 465 censetis,
954 398 1163 466 patres
1186 390 1551 466 conscripti,
1585 390 1752 464 quod
1775 405 1890 449 vos
1918 388 2090 450 inviti
2117 390 2324 451 secuti

246 478 428 552 estis,
470 478 849 537 decreturum
882 475 1073 535 fuisse
1086 518 1103 547 ,
1140 480 1210 533 ut
1239 472 1574 549 parentalia
1599 487 1740 533 cum
1765 470 2326 547 supplicationibus

245 562 646 622 miscerentur
660 566 691 617 ἰ
734 565 800 617 ιιι
832 556 1242 632 inexpiabiles
1282 555 1612 631 religiones
1635 555 1700 615 in
1727 570 1856 615 rem
1885 555 2197 630 publicam
2227 555 2324 617 in·

246 646 655 706 ducerentur?
691 648 760 701 ut
800 641 1286 701 decernerentur·
1313 638 1798 716 supplicationes
1835 643 2118 700 mortuo?
2169 638 2328 700 nihil

247 728 387 793 dico
418 724 534 785 cui.
619 721 942 784 Fuci-itille
970 724 1213 797 Brutus,
1246 722 1355 798 qui
1393 721 1620 798 etipse
1649 722 1962 783 dominatu
1986 719 2160 796 regio
2190 738 2324 783 rem

246 807 551 885 publicam
592 806 873 869 liberavit
914 816 975 869 et
1012 808 1093 867 ad
1134 805 1392 868 similem
1434 806 1712 867 virtutem
1751 812 1815 865 et
1850 805 2052 865 simile
2093 806 2326 867 factum

246 893 499 969 stirpem
547 890 669 951 iam
720 907 919 967 prope
960 890 1021 950 in
1061 890 1611 965 quingentesimum
1657 904 1884 949 annum
1924 889 2326 963 propagavitz

246 975 472 1037 adduci
498 982 699 1036 tamen
728 990 850 1035 nen
880 988 1134 1049 possem
1166 981 1236 1034 ut
1258 986 1628 1048 quemquam
1655 980 1959 1033 mortuum
1987 972 2326 1047 coniunge-

245 1075 376 1120 rem
398 1075 537 1120 cum
557 1055 981 1120 immortalium
1002 1055 1335 1131 religione=
1359 1063 1443 1129 ut,
1473 1053 1650 1115 cuius
1677 1054 2029 1130 sepulcrum
2055 1070 2324 1130 usquam
2442 1104 2443 1137 ξ

248 1148 453 1203 exstet
477 1140 581 1201 ubi
608 1148 975 1217 parentetur,
1000 1140 1059 1199 ei
1089 1138 1337 1215 publice
1355 1136 1758 1213 supplicetur.
1839 1137 1972 1211 Ego
1999 1148 2154 1199 vero
2183 1153 2322 1199 eam

248 1223 611 1289 sententiam
632 1224 928 1285 dixissem
944 1222 1183 1307 [patres
1206 1218 1652 1299 conseripu'Lut
1673 1236 1772 1282 me
1791 1221 2095 1285 adversus
2123 1236 2328 1296 popu-

244 1312 372 1373 lum
400 1309 741 1368 Romanum
754 1350 773 1379 ,
810 1306 867 1367 si
914 1305 1022 1379 qui
1055 1304 1386 1367 accidisset
1415 1302 1663 1379 gravior
1687 1302 1779 1365 rei
1801 1301 2088 1380 publicae
2117 1319 2320 1378 casus,

250 1392 305 1454 si
346 1391 602 1461 bellum,
644 1390 697 1449 si
745 1389 1024 1460 morbus,
1068 1388 1122 1449 si
1154 1390 1380 1461 fames,
1433 1386 1612 1449 facile
1657 1402 1911 1463 possem
1949 1386 2288 1453 defendere

254 1488 418 1550 quae
459 1470 678 1547 partim
719 1472 839 1533 iam
870 1478 1039 1543 sunt,
1078 1470 1298 1545 partim
1337 1470 1522 1531 timeo
1573 1486 1652 1531 ne
1693 1469 2108 1545 impendeant.
2195 1469 2323 1531 Sed
2442 1448 2443 1517 ἶ

248 1557 373 1617 hoc
416 1554 739 1629 ignoscant
782 1552 845 1613 di
881 1552 1256 1614 immortales
1300 1552 1482 1614 velim
1509 1560 1574 1615 et
1600 1556 1830 1629 populo
1859 1554 2172 1625 Romano,
2218 1553 2317 1628 qui

249 1639 314 1700 id
344 1654 468 1699 non
499 1638 737 1714 probat,
768 1644 831 1699 et
857 1636 1001 1697 huic
1030 1634 1246 1710 ordini,
1281 1637 1386 1711 qui
1414 1636 1689 1699 decrevit
1707 1636 1953 1702 invitus,
1985 1634 2088 1699 14.
2126 1634 2320 1711 Quidz

249 1724 331 1783 de
350 1720 606 1797 reliquis
639 1722 728 1781 rei
758 1719 1043 1795 publicae
1073 1720 1250 1781 malis
1281 1719 1501 1783 licetne
1539 1719 1744 1781 dicere
1762 1724 1795 1779 ἱ
1834 1719 1980 1782 mihi
2007 1734 2158 1785 vero
2185 1721 2323 1781 licet

250 1814 313 1867 et
346 1820 592 1881 semper
611 1804 817 1865 licebit
844 1803 1193 1878 dignitatem
1220 1802 1407 1876 tueri,
1433 1811 1688 1864 mortem
1717 1812 2128 1869 contemnere.
2211 1803 2319 1865 Po-

250 1896 443 1952 testas
482 1888 667 1949 modo
706 1886 994 1948 veniendi
1032 1886 1095 1947 in
1132 1886 1298 1948 hunc
1319 1888 1523 1949 locum
1561 1885 1682 1949 sitt.
1714 1884 2322 1963 dicendi-periculum

252 1988 379 2032 non
412 1986 657 2032 recuso.
721 1973 929 2045 Atque
948 1972 1198 2044 utinam,
1230 1976 1440 2045 patres
1470 1968 1824 2045 conscripti,
1849 1970 2143 2033 Kalendis
2171 1969 2322 2031 Sex-

252 2054 458 2117 tilibus
497 2055 724 2118 adesse
765 2051 1131 2129 potuissem!
1171 2070 1300 2117 non
1337 2070 1462 2130 quo
1500 2054 1718 2129 profici
1764 2052 2031 2129 potuerit
2065 2052 2322 2129 aliquid,

256 2140 370 2199 sed
408 2154 487 2199 ne
513 2155 675 2199 unus
704 2137 889 2199 modo
918 2138 1292 2209 consularis,
1323 2138 1648 2211 quod-tum
1679 2135 1928 2208 accidit,
1965 2135 2189 2211 digmus
2221 2138 2325 2198 illo

257 2222 526 2292 honore,
574 2220 799 2295 dignus
842 2236 911 2280 re
954 2220 1202 2295 publica
1230 2218 1624 2282 inveniretur.
1709 2220 1844 2292 Qua
1870 2218 2118 2295 quidem
2147 2236 2231 2281 ex
2262 2236 2328 2280 re
2442 2262 2443 2297 2

253 2320 541 2378 magnum
580 2303 819 2380 accipio
860 2304 1166 2376 dolorem,
1208 2301 1488 2364 homines
1521 2301 1924 2377 amplissimis
1957 2304 2174 2379 populi
2203 2306 2326 2366 Ro·
2442 2308 2443 2313 ’

254 2385 418 2447 mani
460 2385 777 2448 beneflciis
816 2402 971 2447 usos
1012 2387 1079 2447 L.
1109 2386 1395 2448 Pisonem
1436 2386 1657 2447 ducem
1685 2386 1951 2462 optimae
1987 2389 2328 2449 sententiae

252 2485 376 2530 non
449 2477 721 2531 secutos.
804 2468 1124 2531 Idcircone
1175 2486 1294 2531 nos
1350 2470 1622 2545 populus
1672 2469 1986 2531 Romanus
2031 2472 2327 2533 consules

253 2553 399 2614 fecit
422 2597 438 2627 ,
502 2559 573 2614 ut
608 2554 671 2612 in
736 2552 1033 2613 altissimo
1086 2552 1294 2627 gradu-
1344 2551 1652 2627 dignitatis
1715 2553 1900 2613 locati·
1946 2570 2078 2615 rem
2131 2554 2326 2629 publi·

254 2652 389 2703 cam
425 2651 542 2713 pro
586 2634 772 2697 nihilo
816 2633 1227 2697 haberemusv
1279 2636 1412 2697 Non
1451 2637 1638 2699 modo
1683 2652 1837 2697 voce
1892 2653 2072 2701 nemo
2123 2640 2190 2699 L.
2234 2636 2325 2697 Pi·

254 2720 393 2781 soni
446 2718 791 2783 consularis
815 2764 833 2793 ‚
891 2720 1006 2780 sed
1058 2736 1136 2780 ne
1192 2720 1362 2781 vultu
1396 2719 1643 2794 quidem
1673 2721 1982 2783 adsensus
2018 2729 2136 2783 est.
2225 2718 2324 2783 15.

255 2803 455 2877 Quae,
494 2805 747 2866 malum!
795 2810 893 2863 est
919 2803 1037 2866 ista
1067 2802 1410 2865 voluntaria
1438 2804 1749 2866 servitus?
1783 2802 1992 2867 Fuerit
2019 2804 2326 2881 quaedam

253 2885 627 2947 necessaria.
710 2886 925 2961 Neque
974 2904 1091 2961 ego
1133 2886 1256 2947 hoc
1297 2886 1374 2948 ab
1421 2886 1702 2950 omnibus
1731 2886 1810 2949 iis
1841 2888 2130 2951 desidero
2152 2934 2169 2963 ,
2207 2886 2318 2965 qui
2442 2894 2443 2921 *

253 2969 612 3030 sententiam
668 2970 975 3031 consulari
1014 2972 1153 3031 loco
1196 2970 1422 3032 dicunt.
1519 2970 1661 3033 Alia
1719 2985 1908 3034 causa
1949 2978 2046 3033 est
2083 2988 2320 3046 eorum,

254 3067 518 3127 quorum
538 3050 779 3114 silentio
806 3051 1063 3127 ignosco
1078 3076 1094 3109 ε
1116 3052 1237 3115 alia
1257 3070 1488 3129 eorum,
1513 3070 1774 3129 quorum
1800 3066 2024 3117 vocem·
2039 3056 2324 3131 requirm

254 3150 417 3209 quos
457 3134 707 3210 quidem
744 3135 927 3197 doleo
964 3135 1026 3196 in
1068 3136 1472 3213 suspitionem
1528 3137 1760 3214 populo
1787 3139 2064 3201 Romano
2109 3138 2326 3201 venire

252 3233 378 3278 non
412 3218 599 3281 modo
627 3226 821 3293 melu,
884 3220 1053 3294 quod
1082 3218 1288 3294 ipsum
1317 3227 1486 3282 esset
1512 3228 1708 3295 turpe,
1743 3222 1857 3283 sed
1881 3220 2068 3283 alium
2091 3220 2218 3283 alia
2247 3223 2328 3283 de

254 3312 447 3359 causa
490 3302 717 3363 deesse
744 3299 1017 3376 dig-nitati
1060 3318 1229 3363 suae.
1312 3303 1446 3363 vu.
1477 3302 1610 3377 Qua
1641 3320 1710 3365 re
1735 3304 1992 3379 primum
2023 3304 2328 3368 maximas

254 3380 481 3451 gratias
529 3391 592 3443 et
632 3400 750 3460 ago
792 3393 858 3445 et
899 3385 1097 3446 habeo
1123 3385 1362 3459 Pisoni,
1427 3385 1536 3461 qui
1569 3402 1691 3448 non
1722 3385 1872 3462 quid
1900 3387 2147 3450 efficere
2175 3406 2332 3466 pos-
