2459 3817
265 132 394 200 130
821 130 971 195 PRO
1007 132 1120 196 CN.
1159 132 1489 199 PLANCIO
1518 131 1822 199 ortum.

265 290 686 357 mortalitatem
727 288 1060 353 adsecutos
1107 288 1337 367 putavi.
1416 290 1550 366 Ego
1602 304 1751 352 vero
1802 288 1861 352 si
1914 296 2043 352 tum
2092 288 2350 353 iliorum

265 373 590 450 impiorum
621 376 782 437 ferro
815 388 890 435 nc
911 390 1096 437 mauu
1121 372 1569 447 contaminem,
1604 373 1669 433 in
1700 382 2057 449 perpetuum
2084 390 2199 436 res
2236 392 2347 451 pu-

265 457 424 519 blica
452 456 632 521 civile
671 455 1044 533 praesidium
1074 457 1293 521 salutis
1314 472 1469 519 sune
1490 455 1881 531 perdidisset.
1964 455 2124 530 Quin
2154 459 2347 523 etiam

266 540 322 601 si
349 556 450 603 me
475 540 574 601 vis
597 540 804 615 alique
821 538 1018 603 morbi
1041 549 1148 601 aut
1175 548 1391 601 nutura
1414 538 1555 616 ipsa
1582 538 2092 615 consumpsisset,
2128 549 2348 603 tarnen

263 624 490 683 auxilia
511 622 882 697 posteritatis
911 629 1122 685 essent
1147 622 1491 696 imminuta,
1532 622 1704 698 quod
1744 630 2125 698 peremptum
2171 634 2351 687 esset

262 720 400 769 mee
419 712 616 769 morte
641 706 704 766 id
731 708 1096 782 exemptum,
1131 706 1331 783 quatis
1358 706 1595 767 futurus
1629 704 1691 766 in
1718 722 1819 767 me
1838 703 2163 767 retinendo
2194 708 2349 768 ruis-

263 796 360 851 set
391 795 643 853 senatus
671 790 1066 866 populusque
1091 788 1425 850 Romanus.
1508 790 1605 849 An
1636 788 1691 847 si
1716 806 2008 865 umquam
2035 788 2205 850 vitae
2236 806 2345 851 cu-

269 870 496 947 piditas
533 871 596 935 in
624 888 722 935 me
751 872 1000 946 suisset,
1037 888 1156 949 ego
1197 888 1412 933 mense
1454 871 1777 933 Decembri
1816 872 1935 933 mei
1974 874 2345 934 consulatus

265 955 534 1019 omnium
561 955 1000 1033 parricidarum
1019 957 1144 1017 teta
1159 970 1569 1019 commossem
1582 960 1614 1013 t
1636 970 1815 1031 quae,
1836 952 2113 1029 siviginti
2130 955 2341 1031 quies-

263 1055 394 1101 sem
423 1040 590 1113 dies,
633 1038 696 1099 in
727 1040 984 1102 aliorum
1013 1036 1277 1115 vigiliam
1320 1040 1643 1099 consutum
1666 1038 2052 1099 recidissent..
2142 1039 2341 1113 Quam

267 1124 348 1185 ob
387 1140 520 1183 rem
568 1123 621 1183 si
665 1122 826 1183 vitae
860 1120 1162 1197 cupiditas
1203 1129 1417 1183 coum
1456 1137 1589 1181 rem
1622 1122 1929 1195 publicam
1962 1128 2063 1181 est
2112 1122 2337 1196 turpis,

263 1214 433 1267 certe
455 1207 644 1267 multo
672 1206 883 1267 mortis
906 1203 1210 1282 cupiditas
1258 1218 1393 1265 mea
1434 1203 1667 1285 turpior
1704 1205 1925 1266 ruisset
1952 1218 2090 1264 cum
2124 1205 2335 1281 perni-

263 1289 358 1351 cie
387 1288 672 1351 civitatis.

386 1369 488 1431 91.
529 1372 684 1431 Nam
713 1372 882 1445 quod
909 1378 970 1431 te
997 1387 1142 1433 esse
1169 1371 1231 1432 in
1265 1388 1333 1433 re
1362 1371 1607 1448 publica
1633 1371 1889 1433 liberum
1918 1386 1989 1431 es
2017 1370 2341 1447 gloriatus,
2456 1432 2459 1462 =

261 1450 326 1513 id
355 1467 471 1525 ego
503 1461 568 1513 et
594 1453 788 1512 fateor
815 1461 878 1515 et
906 1455 1100 1515 laetor
1128 1464 1190 1515 et
1218 1454 1325 1516 tibi
1354 1455 1535 1516 etiam
1566 1456 1627 1516 in
1666 1454 1785 1515 hoc
1817 1456 2118 1529 gratulere
2166 1458 2341 1531 quod

263 1550 360 1595 me
389 1542 592 1595 autem
618 1536 882 1610 neg-asti,
927 1536 992 1595 in
1032 1552 1110 1597 eo
1137 1552 1339 1613 neque
1370 1546 1427 1597 te
1466 1554 1674 1615 neque
1704 1552 2071 1613 quemquam
2102 1537 2339 1599 diutius

261 1615 462 1693 patiar
483 1634 707 1680 errare.
793 1618 1117 1679 XXXVIII.
1156 1619 1311 1679 Nam
1342 1621 1397 1679 si
1440 1623 1583 1696 quis
1620 1621 1853 1683 idcireo
1890 1620 2125 1696 aliquid
2154 1622 2241 1682 de
2270 1623 2339 1681 li-

261 1702 494 1763 bertate
521 1718 658 1765 mea
683 1702 1059 1765 deminutum
1091 1710 1281 1777 putet,
1304 1704 1473 1779 quod
1506 1720 1629 1767 non
1656 1705 1735 1764 ab
1758 1705 2039 1767 omnibus
2070 1702 2333 1777 eisdem,

261 1803 300 1847 u
329 1787 555 1861 quibus
581 1796 762 1849 antea
791 1788 1010 1849 solitus
1037 1802 1174 1847 sum
1211 1785 1567 1861 dissentire,
1610 1786 2001 1859 dissentiam,
2047 1788 2335 1861 primum,

261 1868 316 1930 si
343 1870 502 1931 bene
533 1872 613 1931 de
651 1887 749 1932 me
782 1868 1014 1931 meritis
1037 1879 1271 1945 gratum
1302 1887 1401 1932 me
1428 1870 1714 1946 praebeo,
1742 1886 1863 1931 non
1886 1868 2105 1931 desino
2130 1869 2335 1933 incur·

257 1968 396 2013 rere
433 1952 497 2013 in
531 1953 760 2015 ctimcn
797 1953 1060 2015 hominis
1115 1953 1361 2015 nimium
1405 1953 1689 2014 memoris
1732 1953 2106 2027 nimiunque
2146 1954 2333 2029 grath

263 2035 360 2095 sin
384 2045 588 2097 autem
617 2036 952 2111 aliquande
980 2034 1116 2097 sine
1143 2038 1273 2097 ulio
1300 2037 1389 2097 rei
1421 2036 1703 2111 publicae
1748 2036 2107 2098 detrimento
2135 2037 2333 2113 respi-

263 2117 362 2175 cio
391 2119 582 2177 etiam
595 2120 853 2179 sulutem
885 2136 1071 2195 quum
1099 2136 1295 2181 meam
1328 2128 1455 2181 tum
1476 2134 1768 2192 meorum,
1800 2128 1964 2181 certe
1986 2134 2109 2179 nen
2142 2121 2331 2182 modo

261 2215 384 2260 non
427 2216 566 2261 sum
599 2200 1177 2275 reprehendendae,
1227 2203 1344 2265 sed
1384 2202 1562 2263 etiem
1590 2202 1648 2263 si
1674 2216 1855 2270 ruere
1882 2204 2137 2277 vetlem,
2182 2203 2331 2265 boni

260 2282 374 2342 viri
399 2298 505 2343 me
521 2291 587 2344 ut
607 2282 672 2343 id
695 2298 774 2344 ne
796 2285 1066 2359 facerem,
1082 2292 1390 2361 rogarent.
1430 2284 1535 2347 92.
1562 2287 1691 2347 Res
1720 2302 1867 2346 vero
1894 2284 2037 2361 ipsa
2064 2286 2332 2361 publica,

259 2363 318 2424 si
359 2365 530 2441 loqui
564 2374 808 2442 posset,
845 2376 1054 2441 ageret
1080 2384 1347 2443 mecum,
1384 2377 1480 2443 ut,
1528 2368 1813 2444 quoniam
1846 2368 1965 2429 sibi
1992 2370 2329 2431 servissem

259 2463 522 2523 semper,
551 2464 879 2523 numquam
905 2450 1082 2523 mibi,
1111 2452 1343 2513 fructus
1370 2460 1571 2513 autem
1600 2467 1679 2511 ex
1706 2466 1851 2512 sese
1874 2468 2017 2525 non,
2046 2460 2119 2513 ut
2147 2468 2327 2528 oper-

257 2531 494 2605 tuisset,
522 2532 716 2594 laetos
741 2540 806 2592 et
825 2531 1070 2608 uberes,
1089 2606 1092 2609 Α
1111 2536 1224 2595 sed
1248 2550 1466 2609 magna
1496 2535 1825 2595 acerbitate
1864 2533 2205 2610 permixtos
2235 2543 2324 2595 tu-

257 2612 488 2687 lissem,
509 2620 584 2675 ut
603 2613 724 2676 iam
753 2614 898 2676 mihi
927 2614 1241 2689 servirem,
1278 2619 1659 2678 consulerem
1686 2618 1868 2677 meisz
1899 2632 1969 2679 se
1990 2634 2115 2679 non
2140 2619 2324 2679 modo

259 2696 407 2758 satis
439 2697 666 2759 habere
695 2716 736 2759 a
763 2716 894 2772 me,
939 2698 1052 2759 sed
1096 2698 1276 2761 etiam
1318 2700 1514 2762 vereri
1558 2717 1639 2761 ne
1669 2716 1881 2777 parum
1908 2700 2055 2761 mihi
2084 2718 2198 2776 pro
2228 2717 2323 2773 eo,

257 2787 546 2853 quantum
585 2798 625 2843 a
665 2798 764 2843 me
803 2782 1082 2857 haberet,
1125 2782 1515 2845 reddidisset.
1600 2782 1703 2845 93.
1750 2784 1944 2857 Quid?
1996 2784 2054 2844 si
2104 2784 2325 2845 horum

255 2878 372 2937 ego
405 2863 550 2924 nibit
582 2866 812 2941 cogito,
843 2874 908 2927 et
937 2864 1098 2927 idem
1123 2882 1267 2928 sum
1298 2866 1359 2929 in
1389 2882 1459 2926 re
1489 2865 1765 2943 publica,
1812 2868 1915 2941 qui
1944 2868 2029 2927 fui
2059 2882 2323 2942 semper,

255 2955 537 3007 tamenne
565 2948 900 3011 libertatem
919 2948 1199 3024 requires
1228 2957 1466 3011 meam?
1510 2966 1692 3025 quam
1734 2958 1799 3010 tu
1828 2948 2011 3024 ponis
2040 2949 2101 3008 in
2128 2966 2239 3023 eo,
2272 2948 2325 3010 si

257 3044 504 3105 semper
522 3046 662 3090 cum
683 3030 778 3107 iis,
804 3031 1169 3107 quibuscum
1189 3032 1521 3109 aliquando
1542 3031 1981 3104 contendimus,
2008 3032 2322 3109 depugne-

254 3130 414 3175 mus.
455 3111 634 3187 Quod
660 3115 961 3191 estlonge
991 3132 1195 3178 secus.
1240 3116 1835 3181 Stare-enimomnes
1857 3115 2154 3177 debemus
2176 3116 2322 3175 tam·

256 3209 434 3269 quam
449 3197 510 3256 in
525 3195 674 3257 erbe
691 3195 894 3273 aliquo
902 3200 995 3257 rei
1011 3197 1311 3273 publicae,
1328 3197 1737 3275 quiquoniam
1750 3204 2046 3271 versatur,
2060 3212 2197 3259 eam
2220 3200 2322 3259 de·
2375 3219 2379 3223 ·

248 3279 442 3351 ligere
469 3286 722 3353 partem,
751 3280 829 3338 ad
856 3296 1038 3353 quam
1061 3296 1179 3341 nos
1200 3280 1371 3341 iliius
1381 3280 1607 3342 utilitas
1621 3280 2322 3357 satusqueeonverterit.

376 3361 638 3419 XXXIX.
685 3361 816 3436 Ego
851 3369 1054 3423 eutem
1087 3362 1192 3422 Cn.
1219 3360 1605 3439 Pompeium,
1647 3376 1771 3425 non
1812 3362 1953 3424 dieo
1990 3372 2322 3437 auctorem,
