2459 3817
227 130 317 192 48
832 129 981 194 PRO
1010 132 1073 193 P.
1104 133 1370 194 SESTIO
1401 133 1704 196 ORATIO.

236 285 298 347 in
327 299 395 344 re
423 280 669 360 publica
696 280 906 356 virtus,
935 297 1060 344 non
1090 302 1328 346 summa
1354 284 1682 356 auctoritas
1713 283 1879 360 apud
1905 281 2146 357 milites,
2179 299 2316 342 non

236 367 530 429 mirificus
559 383 714 427 usus
747 364 809 424 in
841 380 910 426 re
942 367 1183 428 militari
1216 368 1582 442 exstitisset,
1628 383 1828 441 neque
1868 365 2109 427 adiutor
2149 364 2212 426 ci
2247 365 2319 426 P.

236 451 478 512 Sestius
498 450 579 511 ad
602 448 987 510 excitandum
1007 451 1358 527 Antonium,
1383 451 1842 522 cohortandum,
1867 449 2318 521 accusandum,

237 533 671 610 impellendum
701 529 937 606 fuisset,
975 535 1155 594 datus
1184 534 1287 597 illo
1317 535 1377 595 in
1403 535 1566 596 bello
1590 543 1760 594 esset
1785 531 1967 593 hiemi
1993 533 2170 592 locus
2203 548 2319 591 ne-

237 633 362 692 que
388 629 676 689 umquam
706 613 974 690 Catilina,
986 631 1172 689 quum
1202 631 1239 676 e
1257 615 1478 690 pruina
1494 616 1845 692 Appennini
1867 623 2053 690 atque
2076 630 2115 675 e
2153 613 2320 674 nivi—

237 699 355 760 bus
396 697 517 758 illis
559 697 914 760 emersisset
950 706 1139 774 atque
1180 708 1475 761 aestatem
1501 698 1798 774 integram
1824 697 2320 758 nanctusltaliae

236 784 425 843 calles
474 789 535 842 et
582 789 895 857 pastorum
940 783 1179 843 stabula
1218 783 1535 858 praeclara
1581 781 1877 857 cepisset,
1931 779 2064 842 sine
2115 781 2318 841 multo

239 863 539 942 sanguine
568 881 642 925 ac
683 865 815 926 sine
855 865 1039 926 totius
1068 865 1276 926 ltaliae
1313 865 1591 926 vastitate
1633 863 1972 926 miserrima
2000 863 2318 924 concidis·

236 959 352 1012 set.
406 947 503 1010 13.
534 950 711 1009 Hunc
738 947 919 1022 igitur
947 947 1213 1010 animum
1246 949 1442 1010 attulit
1463 947 1543 1008 ad
1569 947 1935 1008 tribunatum
1957 947 2020 1008 P.
2045 941 2316 1019 Sestius,

240 1043 309 1094 ut
349 1041 739 1108 quaesturam
767 1031 1169 1093 Macedoniae
1206 1032 1549 1108 relinquam
1577 1039 1639 1091 et
1677 1030 2008 1106 aliquando
2038 1030 2120 1089 ad
2151 1029 2316 1089 haec

239 1116 529 1192 propiora
565 1115 837 1177 veniame
896 1132 1265 1192 quamquam
1307 1132 1432 1176 non
1475 1122 1571 1175 est
1611 1111 1937 1175 omittenda
1979 1111 2315 1190 singularis

238 1201 343 1259 illa
382 1197 693 1274 integritas
736 1197 1163 1274 provincialiS,
1218 1198 1394 1260 cuius
1436 1213 1552 1272 ego
1602 1213 1802 1273 nuper
1839 1199 1900 1257 in
1944 1195 2314 1258 Macedonia

238 1280 367 1342 vidi
417 1281 676 1356 vestigia
722 1298 845 1341 non
897 1299 1116 1356 pressa
1154 1281 1372 1343 leviter
1413 1282 1494 1342 ad
1542 1279 1749 1356 exig-ui
1791 1277 2312 1355 praedicationem

237 1363 565 1438 temporis,
607 1364 720 1422 sed
761 1363 886 1423 fixa
916 1365 995 1424 ad
1029 1365 1380 1424 memoriam
1409 1364 1570 1426 illius
1608 1362 1961 1439 provinciae
1990 1361 2310 1437 sempiter-

240 1462 409 1506 nam=
456 1460 670 1504 verum
708 1445 862 1505 haec
901 1445 985 1507 ita
1025 1454 1512 1521 praetereamus,
1555 1455 1623 1508 ut
1660 1455 1859 1507 tamen
1901 1445 2205 1506 intuentes
2247 1453 2312 1506 et

238 1535 657 1603 respectantes
694 1527 1140 1604 relinquamus:
1185 1531 1290 1588 Vl.
1333 1531 1415 1590 ad
1456 1529 1850 1601 tribunatum,
1905 1528 2013 1605 qui
2048 1529 2184 1604 ipse
2227 1529 2308 1588 ad

241 1628 384 1674 sese
415 1612 533 1672 iam
566 1611 795 1674 dudum
822 1619 1006 1673 vocat
1046 1621 1107 1674 et
1136 1613 1404 1688 quodam
1431 1615 1616 1675 modo
1647 1613 1936 1674 absorbet
1970 1611 2305 1673 orationem

239 1711 438 1756 meam
454 1741 471 1768 ‚
506 1704 791 1758 contento
816 1696 1020 1758 studio
1045 1711 1356 1773 cursuque
1377 1695 1714 1757 veniamus.
1777 1693 1876 1758 14.
1905 1695 1997 1756 De
2025 1712 2148 1770 quo
2173 1694 2306 1769 qui-

240 1781 381 1841 dem
411 1778 713 1842 tribunatu
740 1779 824 1841 ita
851 1780 1078 1842 dictum
1111 1797 1149 1840 a
1178 1780 1244 1854 Q.
1277 1778 1605 1842 Hortensio
1647 1786 1772 1853 est,
1823 1785 1890 1840 ut
1932 1779 2066 1840 eius
2109 1777 2304 1841 oratio

239 1879 363 1924 non
405 1862 827 1924 defensionem
868 1865 1052 1926 modo
1095 1863 1404 1925 videretur
1448 1862 1762 1924 criminum
1804 1860 2146 1936 continere,
2191 1861 2304 1921 sed

238 1947 421 2006 etiam
458 1945 751 2008 memoria
790 1946 1035 2022 dignam
1078 1946 1373 2008 iuventuti
1419 1945 1511 2006 rei
1559 1945 1841 2022 publicae
1884 1945 2304 2020 capessendae

240 2025 655 2090 auctoritatem
678 2029 1189 2105 disciplinamque
1211 2030 1653 2105 praescribere.
1705 2029 1830 2090 Sed
1854 2036 2079 2101 tamen,
2112 2043 2299 2104 quon·

240 2113 359 2170 iam
408 2109 746 2171 tribunatus
800 2120 962 2172 totus
1015 2112 1078 2171 P.
1121 2112 1305 2173 Sestii
1359 2111 1507 2173 nihil
1556 2112 1721 2172 aliud
1776 2109 1896 2171 nisi
1945 2127 2145 2172 meum
2195 2127 2298 2170 no-

240 2209 379 2254 men
414 2208 787 2268 causamque
822 2194 1139 2266 sustinuit,
1181 2193 1534 2256 necessario
1577 2193 1722 2254 mihi
1757 2195 1834 2254 de
1867 2193 2084 2254 iisdem
2117 2193 2298 2254 rebus

240 2293 384 2337 esse
405 2275 680 2350 arbitror,
714 2275 913 2337 sinon
941 2277 1219 2339 subtilius
1244 2277 1696 2353 disputandum,
1726 2285 1788 2338 at
1809 2286 1972 2338 certe
1997 2277 2296 2338 dolentius

240 2359 704 2433 deplorandum.
769 2358 899 2436 Qua
939 2363 1001 2421 in
1044 2360 1318 2422 oratione
1351 2361 1406 2422 si
1447 2361 1728 2436 asperius
1758 2359 1822 2420 in
1861 2359 2162 2436 quosdam
2195 2359 2296 2419 ho-

240 2441 437 2502 mines
466 2440 672 2501 invehi
703 2441 949 2518 vellem,
997 2443 1135 2519 quis
1165 2461 1288 2504 non
1319 2446 1714 2515 concederet,
1762 2450 1829 2504 ut
1857 2459 1998 2515 eoS,
2045 2459 2299 2518 quorum

242 2523 495 2585 sceleris
520 2525 723 2585 surore
744 2523 1008 2587 violatus
1032 2542 1233 2586 essem
1252 2574 1267 2603 ,
1299 2528 1473 2588 vocis
1499 2527 1772 2590 libertate
1797 2525 2300 2602 perstringerem?

242 2607 369 2667 Sed
400 2623 573 2684 agam
616 2607 927 2670 moderate
967 2617 1029 2671 et
1065 2608 1248 2670 huius
1279 2610 1484 2685 potius
1528 2611 1786 2686 tempori
1828 2607 2090 2670 serviam
2124 2625 2301 2684 quam

244 2690 442 2750 dolori
484 2707 653 2754 meo:
706 2691 759 2751 si
804 2689 908 2767 qui
953 2693 1189 2753 occulte
1227 2709 1265 2752 a
1307 2694 1502 2755 salute
1531 2704 1740 2755 nostra
1769 2690 2164 2766 dissentiunt,
2217 2694 2300 2751 la·

244 2781 436 2833 teant=
488 2773 543 2834 si
585 2776 690 2849 qui
733 2775 1005 2836 lecerunt
1042 2774 1276 2850 aliquid
1314 2776 1643 2852 aliquando
1687 2782 1873 2851 atque
1913 2774 2097 2836 iidem
2140 2790 2299 2835 nunc

244 2863 447 2916 tacent
474 2864 533 2917 et
562 2857 911 2933 quiescunt,
945 2874 1061 2920 nos
1092 2875 1341 2934 quoque
1369 2859 1562 2920 simus
1592 2857 1790 2920 obliti:
1837 2858 1890 2918 si
1921 2856 2026 2934 qui
2053 2873 2123 2919 se
2152 2855 2297 2917 offe·

244 2947 413 3012 runt,
455 2937 855 3015 insectantur,
899 2943 1103 3017 quoad
1133 2943 1276 3001 l'erri
1307 2950 1620 3017 poterunt,
1657 2942 2066 3018 perferemuS,
2102 2955 2299 3015 neque

246 3037 614 3097 quemquam
643 3023 911 3085 offendet
941 3023 1131 3085 oratio
1166 3040 1332 3098 mea,
1374 3023 1494 3086 nisi
1539 3023 1644 3100 qui
1675 3040 1744 3085 se
1776 3023 1858 3084 ita
1891 3022 2196 3096 obtulerit,
2235 3030 2301 3082 ut

246 3103 305 3170 in
337 3122 477 3166 eum
508 3121 627 3165 non
664 3104 995 3180 invasisse,
1030 3107 1143 3166 sed
1171 3105 1582 3170 incucurrisse
1613 3107 1944 3166 videamur.

415 3187 514 3250 15.
559 3187 685 3248 Sed
723 3204 979 3250 necesse
1019 3197 1144 3260 est,
1189 3199 1330 3251 ante
1371 3205 1552 3265 quam
1586 3189 1665 3250 de
1699 3189 2002 3250 tribunatu
2026 3188 2091 3249 P.
2123 3186 2295 3248 Sestii

247 3271 452 3333 dicere
480 3270 795 3346 incipiam,
839 3287 937 3333 me
966 3279 1156 3334 totum
1190 3271 1527 3348 superioris
1559 3270 1703 3334 anni
1729 3269 1820 3333 rei
1848 3271 2128 3347 publicae
2156 3287 2294 3330 nau-

250 3354 502 3424 ‘rugium
544 3369 885 3430 exponere,
936 3353 994 3414 in
1049 3369 1170 3429 quo
1222 3354 1565 3430 colligendo
1617 3370 1690 3430 ac
1733 3353 2064 3415 reficienda
2111 3353 2293 3412 salute
