2459 3817
654 127 666 143 '
759 147 924 209 cAP.
957 154 1218 211 34—ae.
1262 152 1314 216 s.
1342 152 1613 211 84—90.
1970 210 1996 242 ,
2074 156 2233 219 129

147 298 358 360 sertim
381 306 502 361 tam
521 298 685 359 bona
706 299 766 358 in
797 314 1004 373 causa,
1035 313 1383 375 numquam,
1404 318 1540 377 quo
1604 301 1789 363 ceteri
1818 316 2009 377 saepe
2026 302 2221 363 abun--

145 383 397 457 darum,
447 382 514 442 id
551 380 700 441 mihi
745 380 865 456 ipsi
906 382 1198 443 auxilium
1242 396 1445 444 meum
1484 384 1813 445 defuissetz
1861 382 2049 445 armis
2092 385 2223 459 fuit,

133 464 333 537 ‚armis
357 508 376 539 ,
426 464 694 540 inquam,
744 462 854 525 ruit
895 463 1341 526 dimicandum=
1389 464 1615 539 quibus
1656 484 1695 526 a
1724 464 1920 529 servis
1956 475 2141 543 atque
2182 486 2223 527 a

147 564 469 609 servorum
521 546 780 607 ducibus
833 548 1082 609 caedem
1139 546 1275 609 fieri
1324 557 1575 609 senatus
1629 558 1689 609 et
1765 550 2065 610 bonorum
2130 552 2220 611 rei

147 628 430 704 publicae
477 629 802 699 exitiosum
851 628 1089 694 fuisset.
1191 628 1303 713 88..
1346 630 1528 707 Vinci-
1576 641 1775 695 autem
1812 631 2129 707 improbos
2182 651 2221 693 a

145 712 326 773 bonis
369 714 564 775 fateor
609 712 803 773 fuisse
845 716 1259 788 praeclarum,
1300 712 1356 774 si
1397 714 1577 775 finem
1620 722 1743 775 tum
1794 714 2080 775 vincendi
2131 715 2221 777 vi-

143 796 382 856 derem=
429 796 636 872 [quem
676 796 957 870 profecto,
981 812 1104 856 non
1139 795 1467 873 vide-bam]
1523 797 1637 858 Ubi
1674 796 1834 859 enim
1874 798 2017 859 mihi
2042 814 2219 874 prae·

145 888 242 939 sto
287 877 546 939 fuissent
581 887 687 939 aut
709 887 828 939 tam
851 880 1039 939 fortes
1063 878 1351 939 consules
1368 922 1385 953 ‚
1410 894 1593 954 quam
1618 878 1685 939 L.
1714 879 2007 955 Opimius,
2036 888 2219 955 quam

143 961 209 1020 C.
237 959 498 1034 Marius,
531 978 714 1036 quam
740 961 807 1020 L.
837 960 1113 1035 FlaccuS‚
1142 961 1367 1036 quibus
1397 960 1655 1022 ducibus
1696 961 2013 1038 improbos
2048 962 2228 1024 cives-

144 1059 246 1103 res
275 1044 520 1119 publica
553 1042 696 1103 vicit
722 1044 985 1115 armatis,
1031 1052 1160 1115 aut,
1206 1042 1490 1105 siminus
1526 1046 1746 1119 forteS‚
1776 1054 1839 1105 at
1863 1054 2059 1106 tamen
2096 1055 2219 1106 tam

144 1126 304 1198 iusti,
338 1142 520 1201 quam
547 1126 613 1185 P.
643 1126 902 1198 MuciuS‚
933 1126 1040 1201 qui
1070 1142 1254 1199 arma,
1288 1142 1447 1201 quae
1474 1128 1750 1202 privatus
1778 1127 1843 1187 P.
1877 1128 2085 1203 Scipio
2117 1146 2215 1189 ce-

147 1216 335 1281 perat,
369 1224 444 1269 ea
464 1207 552 1267 Ti.
575 1208 851 1270 Graccho
879 1206 1241 1295 interempto
1270 1208 1401 1269 iure
1431 1208 1659 1285 optimo
1682 1220 1925 1286 sumpta
1946 1227 2087 1272 esse
2112 1213 2217 1273 de·

147 1289 376 1351 rendit?
419 1291 601 1352 Esset
644 1290 826 1365 igitur
867 1292 1258 1367 pugnandum
1292 1308 1429 1353 cum
1463 1292 1851 1355 consulibus:
1898 1292 2045 1355 nihil
2075 1294 2216 1355 dico

145 1370 440 1448 amplius,
489 1372 610 1433 nisi
644 1372 814 1439 illud:
840 1373 1128 1435 victoriae
1157 1379 1405 1435 nostrae
1431 1371 1657 1450 graves
1680 1376 2073 1438 adversarios
2110 1394 2215 1453 pa-

143 1464 312 1516 ratos
326 1501 342 1528 ,
393 1456 666 1518 interitus
696 1458 895 1518 nullos
925 1473 1068 1519 esse
1098 1458 1329 1519 ultores
1368 1457 1669 1519 videbam.
1754 1456 1856 1520 89.
1884 1460 2071 1521 Hisce
2100 1460 2215 1535 ego

141 1537 386 1599 auxiliis
419 1540 642 1601 salutis
664 1554 837 1601 meae
858 1538 913 1601 si
939 1541 1168 1601 idcirco
1198 1538 1384 1613 defui,
1417 1540 1561 1617 quia
1591 1542 1758 1603 nolui
1780 1541 2087 1613 dimicare,
2122 1545 2209 1603 fa—

145 1622 337 1695 tebor,
366 1622 430 1683 id
453 1623 624 1699 quod
647 1624 760 1697 viS‚
783 1639 908 1683 nou
929 1622 1075 1685 mihi
1096 1622 1403 1695 auxilium,
1430 1625 1543 1685 sed
1557 1641 1656 1685 me
1668 1623 1897 1686 auxilio
1910 1624 2214 1685 defuisse:

144 1704 238 1765 sin
272 1710 490 1779 autem,
526 1723 660 1779 quo·
671 1706 902 1766 maiora
931 1706 1132 1767 studia
1155 1706 1217 1765 in
1247 1722 1345 1766 me
1378 1706 1678 1767 bonorum
1708 1708 1969 1780 fuerunt,
1998 1706 2117 1767 hoc
2137 1707 2213 1767 iis

143 1786 338 1860 magis
368 1789 808 1847 consulendum
838 1797 900 1848 et
931 1787 1305 1863 parcendum
1338 1788 1567 1862 putavi,
1603 1796 1666 1849 tu
1696 1788 1759 1848 id
1784 1788 1846 1849 in
1882 1804 2213 1863 meJepre·

144 1867 381 1941 tuendis,
415 1870 584 1945 quod
615 1869 682 1941 Q.
705 1870 949 1931 Metello
976 1869 1143 1929 laudi
1173 1870 1379 1931 datum
1408 1878 1503 1931 est
1528 1870 1837 1944 hodieque
1858 1880 1954 1931 est
1974 1878 2035 1931 et
2054 1886 2211 1931 sem—

143 1967 256 2027 per
301 1952 414 2012 erit
457 1950 756 2013 maximae
785 1952 1058 2027 gloriae?
1089 1967 1299 2027 quem,
1330 1960 1398 2013 ut
1438 1960 1617 2026 potes
1644 1968 1723 2012 ex
1751 1952 1953 2014 multis
1981 1952 2213 2026 audire,

143 2032 251 2107 qui
286 2041 411 2095 tum
438 2035 792 2109 adsuerunt,
837 2042 1074 2095 constat
1114 2033 1490 2097 invitissimis
1524 2034 1671 2095 viris
1713 2036 1891 2097 bonis
1924 2035 2210 2108 cessisse,

143 2132 258 2177 nec
289 2116 479 2179 fuisse
507 2116 756 2179 dubium
786 2114 934 2193 quin
970 2118 1359 2179 contentione
1391 2127 1452 2180 et
1478 2115 1663 2179 armis
1692 2116 1974 2195 superior
1996 2128 2215 2195 posset

142 2214 306 2261 esse.
389 2200 553 2275 Ergo
583 2200 684 2261 ille
715 2217 901 2278 quum
929 2217 1106 2264 suum
1123 2246 1139 2272 ,
1179 2216 1303 2262 non
1352 2217 1539 2276 quum
1570 2208 1821 2263 senatus
1856 2202 2079 2264 factum
2106 2202 2211 2262 de—

143 2282 438 2353 tenderet,
474 2300 660 2360 quum
691 2286 1202 2359 perseverantiam
1235 2284 1570 2346 sententiae
1601 2300 1769 2357 suae,
1800 2300 1925 2346 non
1954 2286 2212 2345 salutem

141 2366 232 2424 rei
261 2365 543 2439 publicae
575 2365 956 2441 retinuisset,
997 2376 1196 2427 tamen
1238 2368 1319 2429 ob
1348 2365 1509 2427 illam
1539 2383 1821 2441 causam,
1864 2367 2036 2443 quod
2062 2366 2213 2428 iilud

141 2448 546 2511 voluntarium
581 2452 804 2512 vulnus
823 2452 1094 2527 accepit,
1123 2448 1495 2511 iustissimos
1532 2451 1797 2512 omnium
1832 2450 2213 2511 Metellorum

141 2540 204 2593 et
242 2532 614 2594 clarissimos
656 2532 998 2607 triumphos
1037 2534 1232 2607 gloria
1262 2542 1323 2594 et
1349 2534 1529 2612 laude
1560 2533 1908 2609 superavit,
1956 2534 2127 2608 quod
2154 2541 2215 2593 et

141 2615 281 2675 illos
304 2614 480 2691 ipsos
509 2615 994 2692 improbissimos
1019 2616 1188 2677 cives
1219 2616 1713 2689 interficinoluit,
1744 2624 1806 2678 et
1830 2632 1909 2677 ne
1941 2614 2079 2689 quis
2100 2614 2212 2675 bo-

141 2713 260 2758 nus
307 2699 575 2759 interiret
619 2698 679 2757 in
722 2700 935 2760 eadem
973 2699 1164 2759 caede
1203 2698 1499 2775 providit=
1540 2716 1656 2773 ego
1699 2698 1879 2759 tantis
1926 2698 2211 2774 periculis

141 2782 478 2855 propositis
523 2798 729 2855 quum,
761 2782 816 2841 si
847 2781 1047 2843 vietus
1075 2796 1311 2857 essem,
1356 2780 1635 2843 interitus
1664 2782 1753 2841 rei
1802 2782 2113 2856 publicae,
2157 2780 2214 2840 si

143 2861 468 2935 vicissem,
511 2861 744 2924 infinita
770 2862 1076 2923 dimicatio
1111 2872 1459 2938 pararetur,
1498 2864 1932 2925 committerem
1954 2872 2023 2925 ut
2049 2864 2213 2924 idem

144 2947 418 3021 perditor
444 2946 533 3006 rei
563 2944 847 3021 publicae
880 2944 1258 3018 nominarer,
1288 2946 1391 3020 qui
1423 2953 1702 3007 servator
1732 2945 2030 3007 fuissem?

269 3028 564 3089 XXXVII.
595 3026 696 3089 90.
726 3028 984 3089 Mortem
1012 3044 1109 3089 me
1141 3028 1420 3089 timuisse
1443 3026 1623 3091 dieis.
1666 3061 1749 3075 -
1790 3030 1923 3105 Ego
1952 3045 2101 3091 vero
2130 3044 2211 3089 ne

143 3110 646 3173 immortalitatem
695 3108 942 3185 quidem
997 3118 1210 3171 contra
1257 3126 1385 3171 rem
1432 3111 1733 3188 publicam
1790 3110 2214 3187 accipiendam

143 3201 438 3268 putarem,
467 3195 693 3257 nedum
715 3192 1065 3257 emericum
1089 3192 1359 3268 pernicie
1378 3195 1465 3261 rei
1488 3194 1773 3270 publicae
1792 3196 2029 3255 vellem.
2058 3192 2209 3252 Nam

141 3273 246 3349 qui
269 3292 393 3351 ‹pro
423 3292 492 3338 re
521 3276 765 3352 publica
793 3277 976 3341 vitam
1011 3276 1330 3345 ediderunt
1369 3308 1455 3325 μ·-
1491 3279 1633 3339 licet
1672 3292 1771 3337 me
1812 3274 2091 3350 desipere
2120 3274 2216 3337 di·

140 3356 293 3420 catis
321 3390 438 3433 —-‚
481 3376 810 3435 numquam
853 3359 1196 3421 mehercule
1238 3376 1349 3420 eos
1380 3369 1631 3423 mortem
1654 3357 1861 3437 potius
1892 3372 2075 3435 quam
2101 3356 2229 3419 imu-

261 3458 386 3504 010.
431 3459 618 3503 osu.
661 3442 752 3503 II.
1778 3446 1819 3515 9
