2459 3817
903 187 1070 250 cAP.
1100 194 1273 251 3—6.
1305 191 1363 262 S.
1395 195 1597 248 7-13,
2140 179 2258 294 2Χ11

196 365 382 417 tatum
423 368 603 414 mane
630 355 910 425 miseras,
953 370 1142 428 quum
1165 353 1251 413 illi
1284 352 1405 430 ipsi
1431 354 1772 424 venissent,
1804 371 1963 428 quos
1996 370 2113 430 ego
2143 351 2263 416 iam

201 438 405 500 multis
442 454 515 498 ac
556 436 808 497 summis
856 435 1003 497 viris
1045 438 1126 497 ad
1169 453 1267 496 me
1309 437 1373 498 id
1412 437 1709 514 temporis
1764 445 2066 498 venturos
2120 453 2265 499 esse

202 521 650 599 praedixeram.

145 609 154 616 '
369 607 446 664 V.
494 606 663 679 Quae
708 620 895 678 quum
937 602 1021 664 ita
1051 604 1203 677 sint,
1253 603 1534 675 Catilina,
1576 621 1772 680 perge
1809 620 1933 679 quo
1970 602 2262 681 coepisti:

206 688 499 764 egredere
522 687 852 762 aliquando
879 703 956 747 ex
975 690 1161 748 urbe:
1195 693 1410 762 patent
1431 693 1681 762 portae:
1702 688 2125 764 proficiscere.
2168 685 2265 746 Ni-

201 772 385 832 mium
410 771 514 831 diu
535 777 599 831 te
620 771 1053 845 imperatorem
1077 778 1186 832 tua
1207 771 1310 830 illa
1330 769 1637 830 Manliana
1660 777 1864 831 castra
1888 770 2263 833 desiderant.

201 855 375 916 Educ
408 861 612 915 tecum
650 855 832 915 etiam
865 870 1080 915 omnes
1127 861 1303 924 tuoe,
1350 852 1404 911 si
1437 851 1669 924 minus,
1715 871 1898 928 quarn
1932 855 2263 928 plurimos:

155 961 158 964 ⁴
201 955 400 1015 purga
421 939 656 998 urbem.
699 939 924 1012 Magno
949 954 1047 996 me
1068 943 1237 997 metu
1262 935 1572 1009 liberabiS,
1609 938 1755 996 dum
1778 937 1965 997 modo
1990 936 2147 996 inter
2168 953 2267 995 me

203 1031 390 1097 atque
419 1029 484 1082 te
508 1037 720 1080 murus
749 1018 1007 1081 intersit.
1091 1018 1425 1081 Nobiscum
1459 1021 1699 1080 versari
1727 1021 1847 1081 iam
1879 1019 2107 1079 diutius
2142 1035 2268 1078 non

203 1111 416 1182 potes:
448 1120 573 1164 non
601 1105 813 1174 feram,
845 1118 970 1163 non
1001 1103 1218 1178 patiar,
1252 1119 1376 1163 non
1400 1100 1614 1165 sinam.
1674 1105 1769 1162 11.
1800 1103 2025 1178 Magna
2047 1101 2143 1162 dis
2162 1102 2267 1161 im-

204 1187 566 1250 mortalibus
589 1186 872 1245 habenda
895 1193 992 1245 est
1013 1193 1200 1260 atque
1221 1186 1363 1245 huic
1386 1186 1508 1262 ipsi
1528 1186 1663 1246 Iovi
1684 1186 1943 1259 Statori,
1973 1184 2266 1260 antiquis-

205 1273 365 1331 simo
411 1267 654 1329 custodi
692 1267 874 1328 huius
903 1268 1104 1340 urbiS‚
1146 1269 1369 1344 gratia,
1417 1271 1586 1344 quod
1628 1269 1787 1330 hanc
1828 1276 1951 1331 tam
1990 1278 2267 1340 taetram,

206 1364 330 1416 tam
363 1351 714 1413 horribilem
739 1359 992 1427 tamque
1021 1353 1304 1414 infestam
1333 1353 1421 1412 rei
1450 1353 1738 1428 publicae
1762 1363 2005 1430 pestem
2039 1355 2265 1414 totiens

204 1439 326 1498 iarn
357 1434 705 1510 effugimus.
748 1435 884 1496 Non
913 1444 1009 1496 est
1031 1435 1283 1512 saepius
1304 1435 1368 1496 in
1396 1453 1521 1498 uno
1553 1437 1800 1498 homine
1833 1453 2073 1498 summa
2096 1440 2266 1498 salus

207 1518 728 1598 periclitanda-rei
753 1520 1057 1595 publicae.
1115 1521 1311 1595 Quam
1339 1520 1444 1581 diu
1472 1521 1617 1582 mihi
1650 1521 1893 1583 consuli
1917 1522 2266 1597 designato,

209 1603 480 1677 Catilina,
511 1602 832 1664 insidiatus
864 1619 952 1675 ee,
979 1620 1102 1665 non
1125 1604 1374 1680 publico
1398 1621 1496 1664 me
1518 1605 1857 1682 praesidi0,
1886 1605 2002 1665 sed
2026 1605 2270 1679 privata

207 1687 516 1763 diligentia
551 1687 817 1746 defendi.
874 1685 1069 1762 Quum
1101 1687 1399 1763 proximis
1428 1687 1688 1748 comitiis
1713 1687 2145 1748 consularibus
2168 1701 2269 1744 me
2323 1683 2333 1688 ’

209 1773 528 1831 consulem
564 1771 623 1830 in
652 1785 872 1845 eampo
897 1777 958 1830 et
981 1771 1427 1847 competitores
1448 1777 1594 1831 tuos
1616 1769 1966 1831 interficere
1995 1768 2267 1839 voluisti,

211 1853 558 1930 compressi
585 1860 842 1914 conatus
865 1861 1009 1914 tuos
1039 1853 1311 1914 nefarios
1346 1851 1679 1913 amicorum
1718 1851 2031 1928 praesidio
2074 1859 2137 1913 et
2169 1867 2268 1912 co-

208 1937 356 2012 piis,
385 1938 554 1999 nullo
577 1938 838 1997 tumultu
861 1936 1108 2011 publice
1130 1935 1470 1997 concitato:
1506 1935 1790 2012 denique,
1816 1936 2268 2011 quotienscum-

211 2037 332 2094 que
363 2037 460 2080 me
488 2018 713 2096 petisti,
749 2035 863 2095 per
886 2035 986 2078 me
1014 2019 1121 2079 tibi
1145 2019 1383 2091 obstiti,
1417 2035 1787 2096 quamquam
1820 2019 2107 2081 videbam
2132 2035 2268 2095 per·

211 2103 432 2164 niciem
459 2120 658 2164 meam
699 2119 838 2163 cum
871 2119 1094 2178 magna
1125 2101 1467 2164 calamitate
1497 2103 1588 2164 rei
1627 2104 1909 2180 publicae
1942 2119 2085 2164 esse
2116 2119 2269 2164 con-

209 2188 496 2247 iunctam.
536 2187 633 2246 12.
651 2186 824 2247 Nunc
845 2189 965 2248 iam
987 2195 1204 2262 aperte
1223 2203 1355 2248 rem
1368 2187 1677 2263 publicam
1697 2187 2053 2249 universam
2074 2188 2267 2263 petis:

212 2273 439 2346 templa
472 2271 728 2331 deorum
750 2271 1210 2343 immortalium,
1244 2277 1409 2332 tecta
1430 2271 1633 2344 urbiS,
1666 2273 1853 2332 vitam
1889 2269 2160 2330 omnium
2192 2269 2270 2328 ci-

209 2355 399 2424 vium,
430 2353 660 2414 Italiam
692 2353 960 2430 denique
990 2362 1182 2415 totam
1204 2356 1287 2414 ad
1308 2354 1559 2416 exitium
1580 2372 1655 2416 ac
1677 2355 2027 2415 vastitatem
2050 2367 2268 2413 vocaS.

212 2437 346 2512 Qua
368 2452 436 2497 re
459 2437 744 2512 quoniam
777 2438 870 2510 id,
905 2439 1073 2514 quod
1105 2445 1202 2500 est
1227 2439 1491 2514 primum
1522 2446 1586 2500 et
1615 2440 1782 2514 quod
1814 2438 1995 2498 huius
2032 2435 2269 2512 imperii

211 2519 699 2596 disciplinaeque
720 2520 1019 2582 maiorum
1046 2523 1361 2597 proprium
1383 2529 1495 2596 est,
1520 2523 1728 2584 facere
1750 2524 2025 2582 nondum
2046 2521 2269 2591 auden,

209 2604 429 2664 faciam
457 2603 548 2677 id,
588 2606 755 2680 quod
788 2614 886 2666 est
918 2607 996 2666 ad
1031 2605 1420 2667 severitatem
1453 2605 1651 2668 lenius
1682 2613 1744 2666 et
1774 2606 1855 2665 ad
1886 2619 2271 2666 communem

210 2691 472 2748 salutem
501 2688 728 2748 utilius.
815 2691 965 2749 Nam
1008 2689 1061 2750 si
1088 2697 1150 2750 te
1180 2689 1441 2750 interfici
1470 2688 1714 2750 iussero
1732 2735 1747 2760 ‚
1790 2687 2085 2749 residebit
2112 2688 2174 2746 in
2202 2703 2272 2745 re

207 2770 458 2848 publica
486 2770 723 2847 reliqua
763 2772 1220 2834 coniuratorum
1250 2789 1488 2833 manus.
1577 2771 1685 2834 Sin
1726 2781 1823 2844 tu,
1848 2773 2032 2846 ‘quod
2059 2779 2123 2831 te
2152 2769 2273 2830 iam

211 2856 441 2916 dudum
462 2856 694 2928 hortor,
724 2856 969 2929 exieriS,
1003 2857 1397 2917 exhaurietur
1427 2872 1505 2916 ex
1528 2857 1682 2917 urbe
1705 2869 1951 2917 tuorum
1980 2854 2273 2916 comitum

211 2955 434 3014 magna
465 2947 524 2998 et
556 2939 906 3014 perniciosa
939 2939 1180 3001 sentina
1209 2940 1299 2999 rei
1331 2939 1637 3016 publicae.
1700 2940 1795 3001 13.
1828 2939 1987 3015 Quid
2015 2947 2129 3012 est,
2166 2938 2272 2998 Ca·

208 3022 420 3083 tilina?
463 3039 606 3083 num
641 3023 884 3085 dubitas
913 3024 977 3084 id
1015 3025 1357 3100 imperante
1399 3039 1498 3083 me
1535 3026 1765 3096 facere,
1807 3025 1975 3098 quod
2011 3022 2131 3082 iam
2165 3028 2274 3080 tua

213 3114 438 3182 sponte
469 3106 780 3168 faciebas?
819 3107 1006 3168 Exire
1037 3124 1116 3168 ex
1141 3106 1297 3168 urbe
1322 3107 1489 3168 iubet
1518 3110 1741 3170 consul
1769 3109 2031 3169 hostem.
2081 3105 2272 3163 Inter-

211 3207 400 3266 rogas
426 3207 542 3262 me,
577 3208 720 3250 num
743 3192 804 3252 in
830 3191 1152 3252 exsilium?
1191 3194 1328 3252 Non
1355 3191 1574 3254 iubeo:
1606 3194 1736 3265 sed,
1770 3193 1946 3252 sime
1976 3185 2269 3256 consulis,

213 3275 470 3335 suadeo,
515 3277 617 3334 VI.
653 3275 809 3350 Quid
839 3282 935 3337 est
956 3275 1135 3348 enim,
1169 3275 1439 3348 Catilina,
1473 3279 1642 3350 quod
1665 3285 1727 3337 te
1750 3276 1868 3336 iam
1892 3272 1953 3332 in
1982 3272 2099 3331 hac
2119 3269 2273 3329 urbe

211 3359 525 3419 delectare
552 3358 794 3434 possit?
826 3357 888 3420 in
913 3377 1036 3436 qua
1059 3376 1239 3421 nemo
1268 3367 1365 3419 est
1391 3368 1565 3419 extra
1587 3361 1765 3419 istam
1789 3353 2274 3421 coniurationem

211 3444 592 3519 perditorum
618 3443 928 3504 hominum
945 3443 1050 3520 qui
1071 3450 1134 3503 te
1157 3459 1280 3503 non
1300 3451 1552 3516 metuat,
1575 3458 1755 3502 nemo
1777 3455 2036 3582 ἱῃὲιδμηοιι
2055 3436 2271 3499 oderit.
