2459 3817
254 145 377 212 114
678 148 751 205 ΙΝ
800 147 859 206 C.
894 145 1219 206 VERREM
1260 145 1426 204 AcT.
1468 145 1541 203 ΙΙ.
1582 144 1726 202 LIB.
1763 144 1867 202 lV.

245 299 333 356 las
362 296 745 365 revertebar,
790 293 897 354 ubi
940 308 1077 354 cum
1112 293 1417 369 equitibus
1456 291 1777 364 Romanis,
1827 289 2174 351 hominibus
2215 307 2290 350 ex

241 380 343 438 illo
373 384 677 437 conventu
711 375 1186 448 honestissimis,
1228 375 1389 437 illius
1423 374 1766 446 VerrucioS‚
1797 375 1875 434 de
1907 371 2126 447 quibus
2156 382 2295 432 ante

243 459 390 532 dixi,
420 458 831 532 explicabam:
872 473 911 517 a
940 457 1347 535 Syracusanis
1373 473 1628 533 prorsus
1657 457 1806 516 nihil
1834 454 2163 516 adiumenti
2190 471 2292 514 ne-

246 557 367 617 que
411 539 651 616 publice
690 557 893 614 neque
944 540 1225 615 privatim
1281 538 1714 614 exspectabam
1803 553 2003 613 neque
2059 545 2187 597 erat
2233 537 2296 596 in

243 623 442 682 animo
472 624 799 697 postulare.
868 621 1061 696 Quum
1100 623 1254 684 haec
1282 638 1556 698 agerem,
1581 629 1836 696 repente
1873 621 1954 680 ad
1993 635 2090 678 me
2129 622 2296 679 venit

242 705 587 776 Heracliu3‚
622 704 675 764 is
706 705 811 780 qui
842 714 966 766 tum
995 704 1408 780 magistratum
1437 703 1765 780 Syracusis
1790 703 2068 774 habebat,
2110 701 2296 762 home

246 786 497 861 nobilis,
539 787 643 861 qui
672 789 964 848 sacerdos
996 788 1160 847 lovis
1194 787 1438 861 suisset,
1471 785 1576 861 qui
1607 786 1807 846 honos
1847 792 1942 845 est
1980 785 2145 859 apud
2179 783 2298 862 Sy-

241 883 577 930 racusanos
596 869 1028 946 amplissimus.
1050 870 1197 944 Agit
1219 886 1458 930 mecum
1483 877 1694 930 etcum
1711 869 1819 942 [L.]
1838 871 2025 928 fratre
2038 874 2294 938 meo‚ut,

242 952 295 1012 si
326 951 505 1013 nobis
536 951 840 1011 videi-etur
860 994 877 1023 ,
920 951 1225 1010 adiremus
1255 951 1333 1010 ad
1367 965 1578 1010 eorum
1608 958 1913 1010 senatum:
1944 949 2296 1023 frequentes

242 1050 384 1095 esse
413 1031 473 1093 in
504 1032 673 1093 curia
696 1055 710 1086 =
744 1049 813 1092 se
840 1032 1015 1092 iussu
1044 1040 1292 1092 senatus
1320 1049 1358 1092 a
1385 1031 1563 1092 nobis
1585 1039 1812 1106 petere,
1840 1039 1906 1092 ut
1925 1029 2292 1090 veniremus,

243 1115 383 1178 138.
447 1115 645 1176 Primo
690 1114 867 1174 nobis
913 1114 1024 1174 fuit
1050 1113 1298 1178 dubium
1326 1112 1472 1188 quid
1511 1129 1866 1188 ageremusz
1911 1111 2138 1173 deinde
2173 1109 2294 1172 cito

246 1197 410 1259 venit
440 1197 502 1258 in
534 1207 796 1260 mentem
824 1214 947 1258 non
977 1213 1120 1258 esse
1152 1196 1460 1257 vitandum
1501 1195 1669 1255 illum
1709 1195 1890 1255 nobis
1929 1201 2289 1256 conventum

243 1289 305 1341 et
332 1284 551 1341 locum.
594 1281 767 1340 LXII.
819 1282 1032 1355 Itaque
1058 1280 1119 1338 in
1156 1278 1383 1339 curiam
1414 1278 1708 1338 venimus.
1764 1275 2114 1338 Honorifice
2145 1292 2294 1336 sane

246 1364 658 1435 consurgiturz
712 1377 828 1420 nos
868 1370 1082 1434 rogatu
1122 1361 1506 1436 magistratus
1551 1359 1924 1420 adsedimus,
1985 1358 2202 1434 Incipit
2237 1357 2296 1418 is

246 1442 443 1517 toqui«,
474 1443 580 1518 qui
607 1452 669 1503 et
694 1442 1049 1503 auctoritate
1079 1451 1140 1502 et
1166 1452 1360 1504 aetate
1387 1451 1475 1515 et,
1511 1450 1578 1502 ut
1613 1441 1759 1503 mihi
1794 1441 1993 1503 visum
2020 1448 2142 1514 est,
2176 1455 2296 1505 usu

242 1541 445 1586 rerum
466 1525 891 1599 antecedebat,
918 1523 1224 1586 Diodorus
1251 1523 1630 1601 Timarchidi,
1671 1525 1846 1586 cuius
1875 1523 2074 1585 omnis
2103 1521 2298 1584 oratio

242 1607 400 1668 hanc
430 1607 637 1668 habuit
666 1605 861 1682 primo
896 1607 1284 1669 sententiam
1325 1615 1601 1668 senatum
1631 1615 1692 1668 et
1717 1609 2010 1682 populum
2033 1603 2289 1683 Syracu*

248 1707 463 1752 sanum
492 1690 749 1751 moleste
776 1690 1163 1766 graviterque
1196 1691 1356 1750 ferre
1372 1733 1386 1762 ,
1421 1691 1587 1764 quod
1613 1705 1762 1764 ego,
1794 1706 1981 1765 quum
2011 1687 2071 1748 in
2096 1695 2294 1748 caete·

244 1774 330 1834 ris
360 1773 603 1834 Siciliae
631 1771 973 1834 civitatibus
1002 1781 1278 1832 senatum
1312 1773 1732 1848 populumque
1770 1770 2120 1832 docuissem
2151 1768 2298 1844 quid

245 1857 322 1916 iis
371 1854 675 1926 utilitatis,
730 1855 877 1930 quid
931 1855 1145 1916 salutis
1193 1857 1524 1927 adferrem,
1578 1861 1640 1916 et
1679 1871 1865 1929 quum
1906 1854 1984 1913 ab
2015 1852 2298 1913 omnibus

246 1939 557 2010 mandata,
590 1939 855 2010 legatos,
884 1936 1115 1998 litteras
1142 1937 1612 2013 testimoniaque
1640 1937 2040 2012 sumpsissem
2057 1981 2074 2010 ,
2101 1933 2163 1994 in
2195 1934 2298 1994 illa

248 2017 491 2079 civitate
518 2016 666 2077 nihil
694 2018 828 2078 eius
856 2019 1022 2078 modi
1052 2021 1334 2080 facerem.
1388 2019 1708 2095 Respondi
1741 2033 1943 2094 neque
1971 2019 2202 2078 Romae
2235 2018 2296 2074 in

246 2107 550 2160 conventu
570 2097 938 2174 Siculorum,
970 2117 1157 2174 quum
1190 2117 1227 2160 a
1255 2117 1352 2162 me
1377 2101 1668 2162 auxilium
1702 2102 2004 2162 communi
2033 2100 2302 2161 omnium

244 2181 613 2258 legationum
642 2181 900 2242 consilio
932 2183 1256 2256 petebatur
1281 2197 1590 2258 causaque
1618 2183 1802 2245 totius
1835 2181 2186 2260 provinciae
2215 2182 2299 2242 ad

244 2281 341 2325 me
372 2265 774 2336 deferebatur,
803 2265 1037 2336 legatos
1068 2263 1592 2340 Syracusanorum
1619 2266 1894 2326 adfuisse
1910 2313 1927 2341 ,
1966 2281 2168 2340 neque
2199 2280 2300 2324 me

248 2351 573 2422 postulare,
598 2355 663 2406 ut
690 2343 1020 2420 quidquam
1059 2355 1271 2407 contra
1299 2347 1361 2406 C.
1393 2350 1646 2408 Verrem
1675 2350 2105 2409 decerneretur
2133 2346 2196 2406 in
2223 2361 2300 2406 ea

248 2429 445 2500 curia,
495 2427 557 2488 in
610 2445 733 2502 qua
773 2429 1103 2488 inauratam
1148 2430 1209 2490 C.
1247 2428 1460 2490 Verris
1504 2439 1763 2491 statuam
1807 2431 2099 2491 viderem.
2158 2429 2302 2490 lw-

249 2511 425 2584 Quod
466 2518 685 2585 postea
714 2525 897 2585 quam
928 2509 1087 2585 dixi,
1131 2519 1333 2572 tantus
1374 2521 1470 2572 est
1506 2513 1766 2588 gemitus
1805 2515 2008 2594 factus,
2033 2519 2300 2586 ⁴aslwctu

248 2599 484 2653 statuae
510 2601 572 2653 et
594 2593 1194 2669 commemoratione,
1221 2603 1288 2656 ut
1315 2595 1461 2655 illud
1494 2596 1556 2656 in
1587 2595 1755 2658 curia
1791 2596 2060 2671 positum
2087 2609 2300 2653 monu-

250 2683 513 2735 mentum
542 2675 872 2749 scelerum,
905 2691 1030 2736 non
1058 2676 1494 2739 beneficiorum
1525 2677 1847 2739 videretur.
1910 2678 2060 2738 Tum
2090 2691 2200 2752 pro
2231 2690 2308 2735 se

250 2755 543 2831 quisque,
577 2765 866 2830 quantum
888 2757 1149 2821 dicendo
1182 2761 1442 2836 adsequi
1473 2768 1741 2836 poterat,
1771 2763 1998 2822 docere
2025 2775 2124 2819 me
2157 2773 2304 2819 coe-

244 2836 336 2912 pit
378 2852 484 2911 ea,
538 2854 697 2914 quae
737 2841 941 2915 paullo
982 2850 1121 2902 ante
1160 2843 1659 2904 commemoravi=
1707 2841 2026 2918 spoliatam
2068 2841 2306 2914 urbem,

248 2921 391 2980 fana
425 2919 693 2996 direptae
738 2923 815 2982 de
845 2923 1105 2984 Heraclii
1139 2923 1500 2997 hereditate,
1544 2941 1724 3000 quam
1755 2923 2126 3000 palaestritis
2154 2939 2304 2984 con·

250 3001 576 3080 cessisset,
605 3005 789 3066 multo
824 3004 1145 3066 maximam
1178 3016 1412 3081 partem
1453 3007 1654 3082 ipsum
1695 3007 2058 3070 abstulissae
2095 3022 2307 3081 neque

249 3085 683 3162 postuiandmn
717 3085 938 3160 luisse,
978 3096 1045 3148 ut
1070 3088 1173 3148 ilie
1203 3090 1588 3164 palaestritas
1629 3089 1932 3164 diligeret,
1975 3088 2079 3164 qui
2119 3088 2305 3149 etiam

247 3167 627 3230 inventorem
666 3169 784 3228 olei
812 3171 994 3229 deum
1028 3170 1404 3233 sustulisset=
1441 3188 1642 3247 neque
1680 3171 1840 3231 illam
1870 3179 2128 3233 statuam
2147 3185 2308 3230 esse

248 3267 327 3308 ex
361 3251 621 3324 pecunia
651 3251 895 3326 publica
924 3265 1127 3328 neque
1160 3254 1402 3330 publice
1433 3255 1651 3326 datam,
1683 3255 1798 3314 sed
1827 3269 1957 3327 eos,
1989 3251 2098 3329 qui
2125 3252 2302 3312 here-

246 3331 451 3392 ditatis
472 3331 851 3408 diripiendae
873 3334 1201 3412 participes
1226 3335 1502 3412 luissent,
1527 3335 1866 3398 faciendam
1892 3335 2306 3398 statuendam·
