2459 3817
849 208 1012 267 CAP.
1043 216 1237 269 4--6.
1281 216 1332 275 s.
1364 216 1480 267 7--
1508 220 1585 270 12.
2118 212 2196 275 67

168 362 412 418 domum
444 366 604 418 tuam
635 359 955 434 voluerunt
995 356 1055 415 in
1097 358 1441 431 provincia,
1483 360 1593 417 sed
1636 358 1799 417 illum
1842 377 2018 420 usum
2060 377 2196 434 pro-

166 440 403 500 vinciae
435 441 742 513 supplere.
812 437 909 499 10.
985 438 1151 511 Quae
1194 440 1305 498 fuit
1345 442 1531 499 causa
1575 456 1683 499 cur
1720 448 1837 499 tam
1884 442 2199 517 diligenter

164 540 280 584 nos
316 522 373 579 in
406 520 738 594 provinciis
771 522 846 579 ab
879 520 1283 595 emptionibus
1326 529 1747 583 removerent?
1811 524 2003 596 Haec,
2046 522 2197 583 iudi-
2259 562 2263 568 ·

167 620 304 673 cea,
341 604 508 677 quod
538 602 829 675 putabant
859 602 1230 676 ereptionem
1261 618 1419 673 esse,
1451 618 1571 662 non
1602 602 1985 677 emptionem,
2016 622 2197 677 quum

169 684 467 745 venditori
519 700 634 744 suo
673 684 961 743 arbitratu
1003 684 1266 742 vendere
1308 699 1427 743 non
1473 684 1697 743 liceret.
1763 685 1825 743 ln
1869 686 2198 759 provinciis

166 767 606 841 intelligebant,-
627 764 680 823 si
707 765 780 837 is,
811 764 915 839 qui
944 773 1109 825 esset
1130 782 1267 824 cum
1294 764 1546 838 imperio
1578 782 1651 825 ac
1680 776 1997 840 potestate,
2031 770 2198 841 quod

165 850 332 923 apud
365 863 669 922 quemque
701 854 869 906 esset
900 862 1098 905 emere
1126 848 1309 905 vellet
1340 846 1523 921 idque
1566 847 1621 907 ei
1663 848 1898 920 liceret,
1943 850 2073 908 fore
2114 846 2199 907 uti

168 932 336 1007 quod
373 929 634 1004 quisque
664 929 860 1001 vellet,
893 926 1023 987 sive
1045 936 1212 988 esset
1230 930 1446 988 venale
1468 927 1599 987 sive
1624 945 1743 988 non
1774 938 1957 1001 esset,
1992 927 2197 1004 quanti

167 1014 352 1073 vellet
391 1012 670 1071 auferret.
730 1008 1194 1083 Dicet·aliquis=
1272 1009 1407 1069 Noli
1448 1010 1564 1071 isto
1613 1012 1793 1072 modo
1834 1027 2014 1086 agere
2062 1028 2194 1071 cum

166 1096 389 1153 Vei-rex
421 1094 540 1151 noli
571 1092 707 1152 eius
735 1092 892 1151 facta
917 1092 994 1149 ad
1023 1091 1306 1164 antiquae
1336 1091 1643 1165 religionis
1671 1094 1961 1153 rationem
1986 1092 2191 1167 exqui-

163 1192 331 1235 rerez
377 1176 644 1242 concede
675 1181 740 1232 ut
767 1172 1012 1246 impune
1042 1174 1279 1243 emerit,
1310 1175 1489 1232 modo
1512 1182 1577 1233 ut
1599 1174 1761 1234 bona
1783 1174 2013 1234 ratione
2038 1190 2193 1233 eme·

165 1257 272 1328 rit,
324 1256 466 1313 nihil
509 1272 617 1329 pro
665 1262 994 1328 potestate,
1042 1254 1188 1313 nihil
1221 1255 1298 1313 ab
1327 1254 1532 1327 invito,
1583 1255 1726 1315 nihil
1768 1272 1875 1329 per
1902 1256 2197 1315 iniuriam-

165 1338 274 1396 Sic
307 1353 502 1410 agam.
559 1336 622 1395 Si
654 1336 798 1409 quid
826 1336 1040 1395 venale
1068 1334 1274 1395 habuit
1299 1336 1515 1406 HeiuS,
1554 1336 1607 1395 si
1636 1336 1725 1408 id,
1770 1338 1973 1411 quanti
2016 1337 2199 1397 aesti-.

163 1419 398 1488 mahat,
435 1416 578 1479 tanti
608 1416 894 1489 vendidit,
923 1415 1138 1476 desino
1170 1432 1463 1491 quaerere
1492 1432 1599 1476 cur
1638 1418 1872 1479 emeris.
1932 1420 2032 1477 VI.
2100 1417 2189 1479 ll.

167 1500 326 1573 Quid
366 1500 544 1573 igitur
572 1498 748 1560 nobis
780 1498 1120 1557 faciendum
1150 1506 1287 1559 est?
1313 1510 1455 1558 num
1501 1501 1867 1574 argumentis
1910 1502 2193 1561 utendum

165 1584 224 1641 in
258 1599 324 1641 re
359 1583 492 1641 eius
525 1580 727 1641 modi?
788 1581 1451 1653 Quaerendum,cred0,
1504 1593 1623 1655 est,
1664 1582 1851 1643 Heius
1894 1581 2009 1642 iste
2055 1600 2197 1642 num

167 1680 276 1723 aes
308 1664 564 1722 alienum
597 1663 898 1735 habuerit,
929 1680 1070 1721 num
1099 1662 1441 1723 auctionem
1482 1662 1719 1723 fecerit=
1760 1663 1813 1723 si
1845 1666 2009 1737 fecit,
2055 1679 2193 1725 nurr·

167 1753 332 1805 tanta
381 1745 706 1804 difficultas
757 1760 894 1804 eum
938 1744 1026 1803 rei
1068 1746 1375 1803 numariae
1416 1746 1698 1817 tenuerit,
1745 1752 1903 1804 tanta
1932 1754 2177 1818 egestas

167 1836 332 1887 tanta
376 1827 468 1887 vis
510 1827 826 1901 presserit,
877 1834 942 1886 ut
983 1826 1311 1886 sacrarium
1352 1843 1528 1886 suum
1567 1826 1883 1900 spoliaret,
1938 1834 2003 1885 ut
2044 1826 2195 1885 deos

169 1909 400 1982 patrios
427 1911 738 1969 venderet.
793 1910 875 1967 At
913 1908 1211 1969 hominem
1246 1906 1423 1968 video
1449 1908 1789 1967 auctionem
1819 1908 2039 1967 recisse
2068 1908 2195 1967 nul-

167 1993 318 2063 lam,
360 1990 711 2050 vendidisse
753 1997 992 2063 praeter
1035 1991 1265 2049 fructus
1318 2005 1467 2049 suos
1516 1990 1658 2047 nihil
1704 2005 2021 2063 umquam,
2073 2005 2193 2049 non

161 2074 352 2132 modo
383 2070 443 2129 in
473 2088 612 2131 aere
646 2072 844 2130 alieno
875 2072 1070 2143 nullo,
1109 2072 1219 2129 sed
1252 2070 1309 2129 in
1340 2070 1469 2130 suis
1496 2070 1693 2130 numis
1725 2071 1923 2134 multis
1953 2088 2093 2131 esse
2138 2079 2198 2130 et

162 2168 415 2225 semper
439 2153 644 2213 fuisse.
715 2151 780 2212 Si
819 2153 972 2211 haec
1002 2162 1208 2212 contra
1238 2168 1310 2211 ac
1340 2150 1475 2213 dico
1507 2161 1714 2214 essent
1744 2153 1968 2227 omnia,
1998 2162 2193 2213 tamen

161 2234 336 2294 illum
366 2234 541 2306 hacc,
589 2251 746 2309 quae
780 2241 866 2295 tot
893 2250 1086 2293 annos
1116 2232 1174 2293 in
1219 2232 1441 2295 familia
1479 2233 1868 2310 sacrarioque
1906 2234 2195 2295 maiorum

163 2314 456 2386 ruissent,
491 2318 867 2375 venditurum
897 2333 1017 2376 non
1048 2315 1258 2375 fuisse.
1317 2314 1499 2388 Quid,
1543 2316 1595 2376 si
1642 2314 2048 2390 magnitudine
2091 2332 2193 2390 pe-

161 2397 382 2457 cuniae
429 2414 786 2471 persuasum
815 2405 951 2457 est?
1011 2398 1155 2456 Veri
1200 2398 1393 2457 simile
1440 2414 1558 2457 non
1591 2406 1713 2469 est,
1773 2406 1834 2457 ut
1876 2396 1975 2455 ille
2014 2397 2193 2456 homo

163 2489 288 2540 tam
325 2476 634 2553 locuples,
672 2487 789 2538 lam
823 2479 1117 2539 honestus
1157 2478 1434 2553 religioni
1476 2496 1625 2539 suae
1674 2478 2194 2553 monumentisque

159 2561 458 2620 maiorum
500 2559 815 2633 pecuniam
846 2568 1258 2633 anteponeret.
1330 2559 1427 2620 12.
1487 2561 1639 2621 Sunt
1667 2560 1807 2621 ista=
1856 2576 2065 2620 verum
2109 2569 2192 2620 ta-

159 2659 299 2701 men
331 2643 711 2701 abducuntur
749 2640 1024 2701 homines
1065 2658 1184 2701 non
1219 2659 1543 2716 numquam
1578 2642 1752 2702 etiam
1794 2644 1870 2701 ab
1910 2639 2193 2705 institutis

159 2724 294 2784 suis
326 2725 731 2797 magnitudine
763 2723 1074 2797 pecuniae.
1141 2722 1473 2784 Videamus
1506 2731 1728 2798 quanta
1748 2724 1890 2785 ·ista
1934 2722 2197 2798 pecunia

160 2805 346 2866 fuerit
385 2822 542 2877 quae
585 2804 844 2879 potuerit
882 2804 1113 2877 Heium,
1161 2805 1459 2871 hominem
1510 2804 1767 2865 maxime
1812 2808 2193 2880 locupletem,

157 2887 406 2946 minime
439 2904 712 2959 avarum,
761 2887 838 2947 ab
867 2886 1261 2956 humanitate,
1318 2903 1354 2945 a
1389 2886 1637 2960 pictate,
1685 2886 1975 2961 religione
2006 2888 2193 2947 dedu·

159 2986 324 3029 cere.
384 2970 479 3028 Ita
506 2968 761 3038 iussisti,
815 2967 1060 3041 opinor,
1110 2968 1311 3041 ipsum
1366 2967 1422 3025 in
1469 2969 1703 3028 tabulas
1734 2970 1988 3029 referre=
2040 2985 2195 3027 nAEc

159 3068 356 3110 omnm
393 3066 570 3109 sxenA
599 3050 953 3120 PnAanu,
993 3048 1305 3120 Mvnoms,
1338 3049 1667 3122 Pomcuri,
1708 3067 1781 3109 ns
1816 3067 1927 3111 sex
1960 3066 2195 3109 mineus

153 3146 208 3190 ιο
248 3130 448 3185 Vnam
477 3143 756 3187 vnnm‘m.
817 3130 920 3189 Sic
952 3131 1201 3191 rettulit.
1260 3132 1471 3193 Recita
1500 3148 1581 3195 ex
1605 3132 1849 3194 tabuliS.
2204 3171 2211 3176 -

329 3216 500 3273 Iuvat
525 3228 621 3272 me
648 3212 800 3271 haec
835 3214 1142 3285 praeclara
1181 3210 1420 3272 nomina
1448 3213 1770 3283 artificum,
1808 3230 1963 3287 quae
1992 3212 2087 3273 isti
2120 3213 2195 3270 ad

158 3299 397 3355 cae-lum
437 3296 660 3366 serunt,
689 3291 917 3353 -Vcrris
945 3292 1361 3353 aestimatione
1395 3295 1484 3355 sic
1530 3295 1895 3356 concidisse.
1956 3291 2198 3367 Cupidi-

159 3394 299 3438 nem
349 3376 632 3439 Praxiteli
687 3374 784 3435 HS
829 3373 1050 3435 cloloct
1113 3374 1388 3436 Profecto
1434 3375 1573 3437 hinc
1608 3386 1807 3513 gaium
1853 3384 1973 3436 ests
2034 3376 2199 3435 Malo
