2459 3817
704 392 790 473 M.
880 393 1151 475 TULLII
1243 394 1662 476 CICERONIS

308 552 781 647 AG'I’IIINIS
821 552 921 645 IN
970 556 1042 644 (I.
1078 552 1492 649 VERREM
1531 554 2054 651 SECUNBAR

1115 723 1248 767 SIVE

531 846 1091 931 ACCUSA'I'IIINIS
1174 849 1414 931 LIBER
1489 850 1814 943 QUINTUS

920 1006 1019 1053 QUI
1053 1006 1424 1052 mscmmrmt

818 1123 923 1187 IIE
977 1120 1612 1187 sapphicus..

701 1385 1632 1447 ARGUMENTUM.

284 1535 463 1593 Quinto
498 1533 597 1583 hoc
632 1535 969 1585 accusationis
998 1535 1127 1585 libro
1158 1536 1226 1589 M.
1269 1534 1440 1585 Cicero
1457 1570 1473 1595 ‚
1509 1536 1646 1598 quod
1683 1552 1824 1588 reum
1859 1538 2094 1601 opinione
2123 1545 2202 1587 re}

144 1602 381 1651 militaris
419 1609 621 1651 strenue
664 1602 1038 1655 administratae
1074 1602 1276 1653 defendi
1315 1613 1362 1653 et
1399 1604 1736 1653 commendari
1771 1605 2020 1654 iudicibus
2057 1606 2198 1655 vide-

146 1676 243 1729 bat,
282 1685 411 1732 quae
446 1670 512 1717 ad
532 1684 641 1718 eam
664 1685 770 1719 rem
802 1679 1053 1735 spectant,
1088 1686 1147 1721 ea
1164 1671 1236 1721 ita
1252 1672 1584 1735 persequitur,
1625 1680 1682 1721 ut
1701 1682 1803 1721 non
1842 1672 1991 1721 modo
2023 1672 2198 1722 lauda-

143 1740 331 1787 tionem
368 1752 565 1787 omnem
602 1738 781 1787 tollere
834 1747 1073 1799 conetur,
1120 1754 1296 1789 verum
1343 1753 1408 1788 ex
1450 1738 1549 1789 hoc
1586 1738 1698 1803 ipso
1742 1738 1854 1789 Ioco
1895 1740 2198 1804 gravissima

143 1808 193 1855 in
229 1807 435 1855 Verrem
470 1806 680 1856 crimina
712 1804 955 1872 colligere
996 1808 1215 1861 studeat.
1288 1808 1418 1856 Dein
1455 1814 1612 1857 totam
1657 1820 1862 1855 causam
1903 1816 2127 1871 perorat.

303 1978 345 2034 1.
380 1973 436 2034 1.
478 1938 726 2033 Nemini
770 1975 953 2036 video
1000 1974 1249 2036 dubium
1297 1992 1464 2049 esse,
1515 1976 1780 2049 iudices,
1825 1974 1970 2049 quin
2018 1993 2196 2050 aper-

141 2058 373 2118 tissime
406 2056 469 2115 C.
504 2057 735 2116 Verres
764 2056 825 2115 in
856 2057 1062 2117 Sicilia
1105 2074 1281 2118 sacra
1309 2059 1690 2132 profanaque
1721 2058 1922 2117 omnia
1967 2066 2026 2117 et
2071 2056 2194 2132 pri-

136 2140 320 2201 vatim
351 2146 411 2201 et
445 2137 687 2214 publice
710 2138 985 2212 spoliarit
1027 2148 1430 2213 versatusque
1458 2140 1536 2199 sit
1561 2141 1694 2200 sine
1720 2141 1843 2200 ulla
1865 2156 1983 2199 non
2008 2138 2198 2200 modo

134 2221 459 2297 religione,
493 2236 703 2280 verum
732 2219 911 2280 etiam
942 2219 1420 2281 dissimulatione
1448 2222 1506 2280 in
1543 2221 1703 2282 omni
1735 2238 1958 2297 genere
1988 2224 2192 2281 suran-

136 2303 198 2364 di
231 2312 416 2379 atque
444 2301 803 2380 praedandi.
864 2302 988 2362 Sed
1034 2303 1330 2377 quaedam
1371 2304 1514 2364 mihi
1556 2304 1877 2379 magnifica
1917 2312 1978 2364 et
2016 2318 2192 2378 prae·

136 2387 297 2447 clara
326 2386 461 2447 eius
496 2382 774 2445 defensio
806 2383 1161 2459 ostenditur,
1192 2383 1494 2460 cuiquem
1524 2387 1603 2445 ad
1633 2388 1880 2447 modum
1910 2387 2195 2447 resistam

134 2470 321 2529 multo
352 2466 499 2527 mihi
532 2475 671 2528 ante
700 2474 825 2539 est,
857 2464 1121 2538 iudices,
1166 2468 1630 2541 providendum.
1689 2470 1777 2529 lta
1809 2468 1970 2529 enim
2001 2484 2196 2528 causa

134 2550 542 2623 constituitur,
583 2547 961 2624 provinciam
996 2548 1262 2608 Siciliam
1306 2550 1519 2611 virtute
1561 2549 1738 2611 istius
1785 2558 1846 2611 et
1881 2550 2192 2625 vigilantia

134 2631 455 2707 singulari,
486 2629 686 2692 dubiis
708 2630 1674 2708 formidolosisquetemporibus,
1721 2650 1760 2693 a
1786 2632 2053 2707 fugitivis
2100 2641 2186 2693 at·

136 2732 257 2791 que
308 2732 345 2774 a
392 2711 535 2774 belli
584 2711 873 2789 periculis
912 2720 1100 2774 tutam
1129 2730 1272 2775 esse
1303 2724 1625 2776 servatam.
1688 2715 1748 2775 2.
1807 2714 1960 2789 Quid
1989 2732 2192 2791 agam,

130 2796 411 2859 iudices?
453 2814 575 2872 quo
604 2794 1011 2857 accusationis
1038 2812 1211 2856 meae
1237 2796 1529 2858 rationem
1561 2800 1910 2858 conferam?
1938 2814 2059 2873 quo
2088 2814 2186 2857 me

130 2886 403 2941 vertam?
429 2880 509 2937 ad
538 2894 749 2939 omnes
782 2877 942 2939 enim
970 2894 1142 2938 meos
1174 2878 1438 2955 impetus
1479 2882 1656 2955 quasi
1686 2896 1895 2940 murus
1937 2880 2188 2955 quidam

132 2960 277 3021 boni
302 2975 522 3020 nomen
554 2958 936 3034 imperatoris
970 2961 1315 3036 opponitur.
1379 2961 1534 3023 Novi
1575 2964 1806 3023 locum=
1851 2961 2033 3022 video
2081 2963 2182 3022 ubi

132 3060 201 3103 se
228 3042 558 3104 iactaturus
594 3042 674 3103 sit
698 3042 1078 3103 Hortensius.
1140 3042 1294 3103 Belli
1322 3043 1608 3117 pericula,
1644 3054 1919 3118 tempora
1945 3044 2036 3104 rei
2069 3060 2183 3118 pu-

129 3124 343 3198 blicae,
375 3125 803 3201 imperatorum
835 3124 1147 3200 penuriam
1178 3126 1694 3186 commemorabit:
1735 3136 1860 3185 tum
1889 3127 2189 3201 depreca-

129 3206 288 3267 bitur
316 3224 355 3267 a
382 3206 593 3280 velue,
634 3214 757 3267 tum
799 3205 979 3267 etiam
1012 3222 1127 3281 pro
1166 3224 1282 3268 suo
1319 3207 1449 3269 iure
1476 3208 1832 3281 contendet,
1877 3224 1954 3268 ue
1986 3207 2180 3285 patia-
