2459 3817
793 101 959 161 cAP.
993 112 1148 165 ιο-
1167 110 1253 163 12.
1282 108 1335 167 s.
1366 106 1431 161 27
1446 108 1618 163 mss.
2134 97 2253 165 151

161 268 324 317 ,nem
363 267 608 329 semper
649 244 802 324 vim,
847 266 1237 327 quacumque
1284 266 1403 326 ope
1444 256 1731 329 possent,
1794 264 1832 309 a
1878 263 2173 323 corpore,
2218 267 2256 312 a

177 336 408 410 capite,
445 352 481 395 a
513 337 632 395 vita
663 351 776 395 sua
804 334 1253 411 propulsarent,
1286 350 1409 395 non
1440 332 1699 409 potestis
1729 330 1847 393 hoc
1877 330 2115 393 facinus
2145 331 2255 393 im·

175 418 446 495 probum
473 416 746 480 iudIcare
780 414 922 491 quin
952 416 1127 477 simul
1158 414 1436 477 iudicetis
1468 416 1780 487 omnibuS,
1828 412 1934 489 qui
1980 414 2042 473 in
2074 413 2257 475 latro-

175 516 295 561 nes
348 499 696 572 inciderint,
738 509 842 562 aut
879 497 1118 560 illorum
1154 495 1291 561 telis
1336 507 1439 560 aut
1476 497 1699 562 vestris
1750 496 2065 560 sententiis
2115 511 2258 561 esse

178 584 579 659 pereundum.
621 580 724 645 31.
758 582 934 660 Quod
971 581 1025 643 si
1057 581 1139 643 ita
1167 590 1463 661 putasset,
1496 589 1659 643 certe
1692 577 2020 655 optabilius
2047 578 2258 643 Miloni

181 667 298 726 fuit
339 666 487 726 dare
526 664 797 740 iugulum
827 666 891 725 P.
925 664 1167 739 Clodio,
1210 682 1335 727 non
1388 664 1575 731 semel
1620 664 1698 730 ab
1739 662 1842 723 illo
1885 678 2088 738 neque
2134 671 2258 725 tum

179 746 441 825 primum
466 749 735 825 petitum,
768 764 950 828 quam
980 746 1240 823 iugulari
1270 764 1307 807 a
1333 746 1529 820 vobis,
1564 747 1707 822 quia
1735 761 1805 807 se
1828 761 1952 805 non
1984 746 2257 821 iugulan-

177 833 330 893 dum
368 831 453 893 itti
489 830 860 893 tradidisset.
949 828 1058 893 Sin
1098 830 1217 891 hoc
1248 846 1427 891 nemo
1463 837 1733 891 vestrum
1762 827 1845 888 ita
1880 827 2079 902 sentit,
2109 829 2257 890 illud

176 911 302 979 iam
333 914 392 974 in
424 914 714 975 iudicium
745 914 936 987 venit,
981 930 1103 973 non
1134 915 1463 976 occisusne
1492 911 1601 985 sit,
1627 911 1795 987 quod
1827 912 2111 984 fatemur,
2144 911 2257 973 sed

177 994 315 1059 iure
343 1014 420 1058 an
449 996 698 1071 iniuria,
742 996 910 1071 quod
953 996 1156 1057 multis
1192 996 1253 1055 in
1304 994 1511 1063 causis
1554 1010 1743 1071 saepe
1774 992 2113 1071 quaesitum
2144 1002 2256 1055 est.

180 1079 449 1144 Insidias
482 1082 674 1144 factas
705 1095 850 1140 esse
880 1086 1148 1151 constat,
1191 1086 1255 1141 et
1282 1077 1347 1139 id
1377 1086 1501 1151 est,
1545 1077 1712 1151 quod
1753 1085 2003 1141 senatus
2047 1085 2259 1140 contra

178 1178 313 1222 rem
343 1162 648 1236 publicam
679 1163 901 1224 factum
925 1158 1245 1223 iudicavit·
1288 1162 1365 1222 ab
1400 1169 1534 1226 utro
1572 1162 1767 1221 factae
1804 1159 1924 1221 sint
1960 1158 2258 1222 incertum

181 1253 298 1308 est.
382 1245 473 1304 De
503 1244 620 1309 hoc
642 1243 822 1319 igitur
848 1245 1034 1306 iatum
1065 1251 1160 1308 est
1187 1251 1256 1305 ut
1302 1251 1721 1339 quaereretur3
1801 1244 1891 1304 lta
1918 1251 1979 1303 et
2007 1252 2258 1305 senatus

182 1343 347 1400 rem,
395 1344 518 1389 non
559 1326 863 1389 hominem
894 1325 1124 1387 notavit
1153 1335 1212 1387 et
1238 1325 1567 1401 Pompeius
1597 1324 1864 1400 de1ure,
1902 1341 2024 1386 non
2061 1326 2139 1386 de
2172 1327 2257 1385 fa·

184 1417 285 1471 cto
307 1392 739 1506 ‘quaestionem
769 1408 917 1470 tulit.
959 1408 1085 1469 XII.
1115 1409 1271 1472 Num
1296 1408 1443 1484 quid
1471 1408 1653 1487 igitur
1682 1406 1893 1475 aliud'
1876 1425 1937 1467 m
1968 1407 2258 1471 iudicium

181 1492 350 1553 venit
375 1493 492 1553 nisi
524 1501 656 1554 uter
683 1491 800 1553 utri
837 1491 1094 1553 insidias
1121 1491 1376 1553 fecerit?
1413 1492 1690 1555 Profecto
1715 1489 1892 1551 nihil·
1938 1488 1991 1551 si
2023 1490 2123 1552 hic
2155 1489 2259 1563 illi,

183 1584 248 1637 ut
274 1591 353 1637 ne
380 1576 461 1641 sit
491 1575 771 1661 impune.
805 1575 858 1635 si
887 1574 989 1637 ille
1015 1574 1178 1648 huic,
1216 1584 1283 1636 ut
1312 1576 1549 1637 scelere
1579 1576 1909 1643 solvamur.

310 1656 412 1719 32.
461 1658 732 1732 Quonam
777 1655 958 1731 igitur
997 1665 1178 1733 pacto
1221 1657 1471 1733 probari
1516 1665 1719 1731 potest
1756 1655 2015 1719 insidias
2047 1655 2258 1718 Miloni

193 1739 413 1801 iecisse
449 1740 766 1801 Clodium?
812 1738 976 1800 Satis
1017 1749 1112 1800 est
1150 1740 1210 1799 in
1255 1742 1355 1806 illa
1393 1738 1639 1815 quidem
1680 1745 1799 1799 tam
1841 1737 2093 1814 audaci,
2136 1748 2255 1801 tam

187 1820 417 1883 nefaria
455 1822 636 1886 belua
678 1823 932 1894 docere,
969 1837 1249 1897 magnam
1280 1824 1333 1882 ei
1364 1834 1944 1895 causam,magnam
1985 1835 2158 1895 spem
2196 1821 2254 1884 in

188 1903 433 1967 Milonis
466 1914 658 1973 morte
689 1902 1095 1981 propositam,
1135 1920 1387 1979 magnas
1428 1902 1715 1968 utilitates
1746 1902 1957 1964 fuisse.
2044 1902 2253 1979 Itaque
2299 1926 2305 1934 >

186 1986 334 2052 illud
363 1988 752 2060 Cassianum,
797 1990 900 2047 cue·
921 1988 1068 2049 bono
1087 1988 1311 2060 fuerit,
1351 1986 1410 2046 in
1443 1985 1537 2049 his
1569 1984 1855 2061 personis
1890 1984 2114 2060 valeat,
2144 1985 2254 2048 etsi

191 2064 333 2130 boni
351 2072 517 2134 nullo
543 2072 950 2131 emolumento
974 2068 1362 2145 impelluntur
1386 2068 1447 2129 in
1473 2069 1765 2141 fraudem,
1788 2066 2049 2143 improbi
2068 2084 2257 2145 saepe

193 2169 403 2229 parvo.
487 2150 676 2227 Atqui
703 2152 933 2213 Milone
973 2150 1290 2214 interfecto
1324 2152 1572 2213 Clodius
1596 2151 1751 2213 haec
1782 2151 2256 2226 adsequebatur,

191 2252 312 2297 non
343 2236 527 2300 modo
557 2246 624 2297 ut
649 2244 900 2311 praetor
930 2244 1099 2297 esset
1138 2252 1262 2296 non
1296 2251 1373 2296 eo
1398 2237 1685 2306 consule,
1728 2250 1851 2309 quo
1886 2234 2139 2299 sceleris
2176 2231 2261 2293 ni·

187 2318 270 2385 hil.
311 2320 516 2383 facere
538 2327 787 2395 posset,
831 2318 946 2379 sed
973 2316 1150 2379 etiam
1190 2327 1260 2380 ut
1301 2317 1378 2378 iis
1410 2316 1769 2379 consulibus
1793 2325 2041 2393 praetor
2071 2324 2257 2392 esset,

193 2400 414 2478 quibus
468 2402 523 2462 si
576 2418 697 2464 non
740 2400 1170 2462 adiuvantibus
1198 2447 1215 2475 ‚
1280 2410 1343 2462 at
1427 2399 1857 2463 coniventibus
1902 2407 2067 2460 certe
2118 2416 2257 2474 spe·

193 2492 348 2554 raret
372 2500 562 2561 posse
587 2500 658 2547 se
691 2484 940 2545 eludere
967 2482 1028 2543 in
1057 2481 1177 2544 illis
1223 2482 1357 2547 suis
1400 2482 1681 2559 cogitatis
1713 2480 2053 2544 furoribus:
2085 2480 2258 2542 cuius

195 2564 272 2632 illi
319 2575 609 2641 conatus,
662 2575 728 2629 ut
769 2567 907 2643 ipse
954 2567 1458 2640 ratiocinabatur,
1506 2582 1639 2641 nec,
1694 2566 1747 2627 si
1798 2572 2122 2639 cuperent,
2163 2579 2265 2624 re-

191 2649 449 2725 primere
496 2659 784 2725 possent,
825 2666 1011 2725 quum
1035 2657 1263 2711 tantum
1304 2648 1666 2711 beneficium
1690 2647 1748 2709 ei
1784 2664 1855 2709 se
1893 2647 2123 2708 debere
2169 2662 2263 2707 ar-

190 2732 578 2805 bitrarentur,
622 2740 710 2807 et,
770 2731 824 2793 si
873 2733 1126 2804 vellent,
1183 2735 1448 2801 fortasse
1498 2732 1604 2797 vix
1664 2738 1925 2805 possent
1980 2728 2266 2805 frangere

191 2813 452 2883 hominis
485 2814 941 2879 sceleratissimi
964 2814 1419 2875 corroboratam
1453 2815 1571 2875 iam
1596 2820 1897 2877 vetustate
1918 2810 2267 2876 audaciam.

192 2895 290 2963 33.
318 2898 418 2957 An
446 2912 625 2971 vero,
668 2896 936 2970 iudices,
967 2914 1080 2958 vos
1115 2897 1231 2960 soli
1260 2896 1573 2973 ignoratiS,
1601 2912 1717 2956 vos
1739 2894 2018 2973 hospites
2052 2896 2119 2959 in
2149 2897 2265 2957 hac

195 2980 344 3041 urbe
384 2977 757 3046 versamini?
801 2987 1046 3044 vestrae
1095 2981 1555 3061 peregrinantur
1599 2994 1783 3042 aures
1814 2994 2018 3054 neque
2043 2978 2107 3044 in
2146 2980 2264 3041 hoc

195 3071 520 3141 pervagato
551 3062 810 3139 civitatis
841 3080 1126 3127 sermone
1158 3072 1511 3137 versantur,
1556 3078 1711 3139 quas
1738 3060 1840 3125 ille
1868 3062 2059 3137 leges,
2090 3064 2150 3126 si
2178 3064 2269 3125 le-

195 3162 302 3221 ges
326 3147 733 3210 nominandae
756 3154 898 3210 sunt
926 3162 1002 3209 ac
1023 3162 1145 3219 non
1172 3147 1342 3210 faces
1372 3143 1541 3214 urbis
1556 3189 1573 3220 ,
1616 3153 1824 3221 pestes
1846 3146 1936 3205 rei
1959 3140 2266 3221 publicae,

196 3226 372 3294 fuerit
408 3228 804 3306 impositurus
845 3228 1024 3301 nobIs
1065 3228 1347 3297 omnibus
1390 3237 1575 3305 atque
1605 3229 1967 3294 inusturus?
2005 3227 2269 3302 Exhibe,

199 3325 448 3386 quaeso,
479 3311 666 3373 Sexte
688 3312 892 3388 Clodi,
934 3311 1156 3376 exhibe
1179 3311 1487 3379 librarium
1508 3309 1656 3373 iliud
1680 3311 1879 3385 legum
1904 3317 2272 3384 vestrarum,
