2459 3817
198 21 319 90 136
699 33 777 92 IN
808 33 871 92 G.
900 31 1228 94 VERREM
1257 31 1423 92 ΑΟΤ
1459 33 1527 93 11.
1560 33 1708 94 LIB.
1737 33 1812 92 V.

203 181 401 247 teries.
472 190 646 250 Hanc
681 181 951 258 Reginis,
980 192 1046 244 ut
1072 182 1193 258 ipsi
1214 181 1515 244 dieunt—
1531 182 1768 246 tametsi
1799 193 1862 246 ta
1895 199 2120 258 negare
2145 199 2268 244 non

204 247 757 346 potes—publice,
790 267 955 340 quod
968 264 1304 328 Mamertini
1325 266 1632 328 materiem
1657 283 1780 326 non
1807 267 2046 340 habent,
2079 268 2268 342 impe·

204 347 433 412 ravisti.
501 348 654 409 XIX.
720 347 787 408 Si
822 356 987 409 etex
1018 365 1139 424 quo
1168 350 1239 410 fit
1282 349 1454 410 navis
1487 349 1680 424 etqui
1709 349 1964 421 faciunt,
2003 345 2264 428 imperio

206 433 310 496 tibi
340 440 475 507 tuo,
507 448 626 492 non
660 431 855 507 pretio
901 441 1147 506 praesto
1184 433 1462 506 ruerunt,
1495 432 1596 493 ubi
1628 433 1870 494 tandem
1904 431 2070 493 istud
2102 435 2264 502 latet,

208 516 375 593 quod
405 523 469 576 tu
500 512 576 574 de
608 523 708 576 tua
741 514 1003 589 pecunia
1031 515 1185 576 dicis
1214 513 1601 590 impensum?
1663 514 1762 577 48.
1824 519 1904 577 At
1929 514 2272 576 Mamertini

204 601 264 660 in
300 599 521 660 tabulis
553 597 699 658 nihil
733 599 973 659 habe-nt.
1036 599 1296 660 Primum
1341 598 1522 661 video
1570 599 1848 676 potuisse
1878 597 2039 672 fieri,
2081 606 2151 659 ut
2187 613 2268 658 ex

206 680 441 744 aerario
475 678 621 741 nihil
651 681 891 742 darent=
924 680 1144 743 etenim
1183 684 1279 743 vel
1317 681 1704 757 Capitolium,
1755 681 1914 743 sieut
1941 682 2108 756 apud
2141 697 2255 742 ma·

206 765 369 826 iores
411 771 656 825 nostros
702 765 924 825 factum
966 774 1090 836 est,
1134 764 1380 840 publice
1426 764 1656 826 coactis
1699 765 1888 826 fabris
1935 764 2269 839 operisque

204 846 516 926 imperatis
534 893 549 920 ,
592 845 778 924 gratis
810 847 1201 909 exaedificari
1230 856 1416 922 atque
1459 845 1618 908 effici
1648 847 1873 923 potuit=
1915 847 2158 920 deinde,
2204 847 2264 906 id

206 932 370 1009 quod
402 929 713 1010 perspicio
746 941 807 994 et
848 932 1017 1007 quod
1056 932 1403 1004 ostendam,
1450 944 1632 1006 quum
1682 929 1856 1006 ipsos
1891 931 2264 1006 produxero,

204 1014 477 1091 ipsorum
508 1031 587 1075 ex
616 1013 861 1088 litteris,
896 1015 1113 1076 multas
1142 1013 1440 1088 pecunias
1473 1012 1574 1073 isti
1603 1020 1887 1088 erogatas
1915 1012 1976 1073 in
2011 1027 2268 1088 operum

205 1097 541 1160 locationes
588 1097 774 1158 falsas
816 1106 1001 1173 atque
1044 1095 1260 1163 inanes
1300 1111 1444 1158 esse
1480 1094 1876 1172 perscriptas.
1968 1099 2091 1157 Iam
2118 1095 2268 1156 illud

206 1180 447 1241 minime
477 1179 691 1242 mirum
722 1188 844 1254 est,
874 1179 1298 1254 Mamertinos,
1341 1195 1379 1240 a
1414 1195 1536 1254 quo
1565 1195 1874 1240 summum
1902 1178 2268 1240 beneficium

206 1273 597 1338 acceperant,
643 1276 823 1338 quem
854 1263 971 1324 sibi
1010 1263 1360 1324 amiciorem
1390 1279 1534 1323 esse
1571 1277 1752 1337 quam
1785 1262 2018 1337 populo
2047 1264 2267 1324 Roma-

207 1362 285 1406 no
318 1353 760 1418 cognoverant,
804 1343 937 1406 eius
980 1341 1161 1420 capiti
1192 1344 1406 1407 litteris
1434 1347 1564 1406 suis
1603 1344 1982 1420 pepercisse.
2045 1345 2170 1405 Sed
2213 1343 2268 1404 si

210 1433 561 1502 argumento
607 1434 701 1488 cst
728 1426 1119 1489 Mamertinos
1168 1427 1271 1490 tibi
1303 1426 1625 1503 pecaniam
1652 1444 1775 1487 non
1803 1426 2084 1500 dedisse,
2123 1428 2268 1501 quia

207 1510 499 1586 scriptum
527 1525 647 1571 non
682 1509 933 1582 habent,
978 1510 1057 1572 sit
1082 1519 1436 1586 arg-umento
1467 1509 1575 1572 tibi
1607 1509 1798 1583 gratis
1829 1515 1994 1571 stare
2029 1522 2266 1581 navem,

206 1593 349 1671 quia
393 1591 541 1668 quid
582 1591 801 1654 emeris
858 1600 961 1654 aut
1008 1592 1153 1669 quid
1204 1592 1429 1656 locaris
1481 1593 1773 1669 scriptum
1821 1595 2094 1668 proferre
2145 1607 2262 1654 non

204 1685 399 1754 potes.
2055 1713 2058 1716 -

370 1759 470 1822 49.
536 1761 619 1822 At
648 1762 807 1821 enim
834 1741 1062 1822 idcirco
1104 1774 1321 1822 navem
1355 1759 1730 1823 Mamertinis
1774 1775 1896 1820 non
1935 1759 2268 1834 imperas-ti,

207 1845 375 1919 quod
406 1851 549 1904 sunt
580 1844 897 1906 foederati.
959 1844 1034 1904 Di
1076 1843 1448 1920 approbent!
1506 1843 1826 1904 Habemus
1863 1842 2169 1903 hominem
2208 1843 2264 1900 in

206 1924 493 1986 fetialium
520 1926 801 1987 manibus
832 1927 1173 2002 educatum,
1226 1945 1415 1988 unum
1450 1936 1692 2003 praeter
1733 1933 2011 1986 caetems
2053 1924 2113 1984 in
2157 1939 2262 1999 pu-

204 2007 380 2069 blicis
409 2005 805 2082 religionibus
847 2011 1159 2070 foederum
1190 2019 1466 2071 sanctu-m
1495 2025 1568 2069 ac
1621 2009 1998 2085 diligentem=
2055 2017 2267 2068 omnes

206 2089 310 2167 qui
364 2098 504 2152 ante
544 2098 605 2151 te
649 2091 891 2151 suerunt
935 2101 1248 2166 praetores
1293 2093 1590 2163 dedantur
1631 2091 2036 2164 Mamertinis,
2099 2093 2269 2166 quod

202 2173 279 2234 iis
310 2185 528 2234 navem
560 2181 771 2234 contra
805 2173 1148 2250 pactionem
1173 2174 1440 2235 foederis
1469 2175 1841 2251 imperat-int.
1909 2173 2032 2236 Sed
2067 2181 2266 2235 tamen

205 2265 297 2330 tu,
342 2264 553 2318 sancte
579 2257 761 2318 homo
794 2272 867 2316 ac
898 2256 1214 2331 religiose,
1257 2273 1366 2317 cur
1391 2257 1913 2319 Tauromenitanis
1953 2258 2094 2319 item
2139 2258 2260 2317 foe-

206 2341 433 2402 deratis
463 2354 681 2402 navem
712 2338 1062 2415 imperasti?
1120 2344 1217 2400 An
1249 2341 1368 2402 hoc
1399 2341 1718 2416 probabis,
1756 2341 1822 2401 in·
1848 2353 2048 2417 aequa
2077 2355 2265 2401 causa

204 2424 570 2498 populorum
607 2421 741 2484 sine
770 2421 959 2499 pretio
1012 2422 1245 2483 varium
1285 2425 1381 2485 ius
1416 2432 1477 2485 et
1503 2423 1812 2500 disparem
1843 2423 2263 2484 condicionem

204 2504 439 2566 fuisse?
500 2503 613 2582 50,
668 2503 842 2578 Quid,
877 2505 932 2565 si
962 2506 1093 2567 eius
1125 2506 1294 2567 modi
1325 2521 1468 2568 esse
1495 2507 1651 2568 haec
1677 2509 1799 2568 duo
1831 2509 2084 2568 foedera
2107 2507 2262 2566 due-

202 2603 334 2650 rum
364 2589 760 2664 populorum,
794 2586 1057 2663 iudiceS,
1090 2586 1322 2664 doceo,
1351 2595 1418 2652 ut
1443 2589 1964 2652 Tauromenitanis
1993 2590 2256 2650 nomina·

203 2670 305 2733 tim
342 2679 674 2732 cautumet
696 2681 1019 2748 exceptum
1048 2672 1127 2733 sit
1156 2673 1424 2747 foedere,
1453 2686 1530 2733 ns
1550 2688 1759 2734 nvait
1790 2687 1952 2733 nant
1979 2681 2267 2744 nacitur,

202 2751 623 2815 Mamertinis
604 2773 666 2814 m
697 2754 835 2830 ipso
874 2755 1123 2816 foedere
1156 2758 1434 2818 sanctum
1469 2762 1652 2835 atque
1693 2755 2140 2834 praescriptam
2171 2755 2266 2827 sit,

203 2851 272 2895 ur
310 2851 521 2896 navam
550 2851 711 2896 nnat:
751 2853 1008 2900 uacasse
1037 2853 1157 2914 sn,
1210 2838 1394 2901 istum
1443 2848 1645 2918 autem
1694 2848 1904 2901 contra
1945 2837 2196 2900 foedus
2197 2845 2270 2898 et

201 2919 771 2982 Tauromenitanis
751 2935 1089 2996 imperasse
1119 2931 1189 2983 et
1200 2923 1571 2984 Mamertinls
1592 2925 1923 2995 remisisse,
1951 2937 2097 2982 nura
2118 2921 2267 2996 quid

204 3001 452 3072 dubium
490 3002 713 3080 poterit
764 3011 909 3064 csse
964 3004 1106 3079 quin
1136 3008 1336 3066 Verre
1389 3015 1671 3081 praetore
1719 3007 1861 3082 plus
1891 2996 2270 3066 Mamertinis

206 3088 440 3164 cybaea
475 3097 656 3162 quam
684 3087 1201 3148 Tauromenitanis
1246 3090 1464 3150 foedus
1513 3090 1867 3164 opitulatum
1911 3087 2034 3149 sit?
2091 3087 2266 3148 Reei—

204 3175 403 3230 tentur
432 3165 699 3232 roc'd‘era.
761 3170 887 3230 XX.
959 3171 1085 3232 Isto
1128 3172 1308 3246 igitur
1341 3180 1477 3246 tue,
1525 3185 1710 3247 quem
1737 3171 1820 3232 ad
1844 3172 2094 3232 modum
2131 3168 2270 3244 ips-e

204 3251 555 3326 praedicas,
587 3253 923 3328 beneficio,
965 3261 1032 3313 ut
1056 3267 1160 3314 res
1188 3253 1444 3328 indicat,
1485 3256 1677 3329 pretio
1736 3261 1924 3329 atque
1955 3252 2266 3321 mercede,
