2459 3817
826 157 990 220 cAP.
1020 167 1213 221 3-5.
1254 162 1306 224 s.
1335 163 1561 220 7-14,
2194 155 2238 222 5

176 309 393 381 credo,
430 309 599 385 quod
626 308 895 370 nondum
938 307 1181 385 penitus
1219 306 1283 368 in
1317 323 1386 369 re
1421 307 1666 384 publica
1696 309 2020 384 versabar,
2065 312 2233 385 quod

175 394 446 455 nondum
468 393 547 454 ad
569 393 953 468 propositum
976 392 1121 452 mihi
1142 393 1324 452 finem
1347 391 1600 453 honoris
1625 409 2041 468 perveneram,
2067 395 2235 468 quod

173 493 272 538 me
300 476 549 536 ambitio
582 484 643 537 et
670 475 933 537 forensis
962 477 1139 536 labor
1164 475 1244 534 ab
1277 473 1442 536 omni
1475 473 1578 535 illa
1608 475 1978 552 cogitatione
2001 477 2236 538 abstra-

172 560 375 620 hebat.
464 558 563 620 12.
598 557 744 632 Quis
778 575 925 634 ergo
954 558 1240 620 intererat
1270 556 1490 618 vestris
1525 559 1844 620 consiliis?
1899 559 2122 621 Omnes
2151 558 2232 623 hi,

176 658 336 718 quos
361 639 535 702 vides
558 641 697 702 huic
719 642 961 713 adesse,
986 650 1047 702 et
1074 640 1133 701 in
1164 639 1374 723 primis
1397 642 1465 715 Q.
1487 641 1880 703 Hortensius:
1913 642 2016 717 qui
2047 659 2236 718 quum

172 732 427 802 propter
464 724 757 787 honorem
798 740 871 785 ac
912 725 1260 800 dignitatem
1302 733 1487 799 atque
1537 723 1802 786 animum
1835 726 2126 788 eximium
2171 726 2233 786 in

169 824 301 869 rem
324 806 628 883 publicam
649 816 775 869 tum
808 816 1059 884 propter
1098 823 1396 868 summam
1419 805 1879 869 familiaritatem
1903 825 2234 870 summum-

174 907 295 966 que
325 907 595 952 amorem
624 889 687 951 in
716 901 951 966 patrem
977 898 1141 951 tuum
1172 906 1360 964 quum
1395 889 1816 950 communibus
1845 900 1970 951 tum
2001 892 2235 966 praeci·

174 973 315 1049 puis
348 973 540 1049 patris
571 973 659 1034 tui
692 970 983 1048 periculis
1015 972 1532 1033 commovebatur.
1616 973 1778 1046 Ergo
1808 971 1986 1034 istius
2022 973 2234 1035 coniu-

170 1056 426 1151 rationis
458 1055 685 1115 crimen
717 1057 1035 1115 defensum
1064 1056 1141 1114 ab
1170 1071 1248 1115 eo
1279 1062 1392 1126 est,
1423 1054 1530 1127 qui
1557 1052 1840 1126 interfuit,
1873 1055 1978 1130 qui
2002 1071 2232 1130 cogno-

172 1139 277 1212 vit,
308 1136 414 1212 qui
444 1135 755 1212 particeps
794 1144 857 1196 et
888 1135 1125 1197 consilii
1168 1135 1356 1196 vestri
1397 1137 1510 1196 ruit
1553 1144 1613 1197 et
1650 1136 1916 1198 timoris.
1961 1138 2137 1199 cuius
2171 1138 2234 1198 in

146 1219 294 1280 ‘hoc
324 1217 575 1278 crimine
606 1217 1027 1293 propulsando
1058 1235 1244 1293 quum
1273 1227 1441 1280 esset
1463 1217 1894 1292 copiosissima
1921 1229 2106 1300 atque
2137 1239 2234 1282 or-

171 1300 491 1363 natissima
519 1299 731 1375 oratio,
762 1309 961 1362 tamen
1002 1317 1123 1361 non
1165 1300 1366 1362 minus
1411 1298 1610 1362 inerat
1637 1303 2020 1366 auctoritatis
2066 1303 2126 1365 in
2157 1321 2232 1365 ea

172 1402 357 1462 quam
386 1383 707 1445 facultatis.
794 1383 961 1444 Illius
991 1382 1173 1459 igitur
1198 1382 1649 1458 coniurationis,
1683 1403 1842 1462 quae
1871 1397 2084 1448 contra
2111 1404 2231 1448 vos

170 1471 360 1540 facta,
406 1466 607 1528 delata
639 1468 720 1528 ad
766 1483 913 1542 vos,
967 1484 1005 1529 a
1026 1469 1203 1528 vobis
1237 1469 1474 1542 prolata
1513 1485 1656 1530 esse
1689 1469 1936 1545 dicitur,
1981 1488 2096 1547 ego
2142 1481 2231 1532 te-

170 1552 281 1612 stis
312 1565 457 1611 esse
485 1567 607 1612 non
637 1550 834 1648 potui·
881 1567 1001 1612 non
1032 1553 1215 1614 modo
1245 1551 1447 1612 animo
1478 1552 1622 1613 nihil
1657 1553 1945 1630 comperi,
1979 1555 2094 1615 sed
2123 1554 2232 1614 vix

168 1635 247 1694 ad
276 1649 457 1694 aures
488 1649 657 1694 meas
691 1633 869 1695 istius
908 1633 1268 1707 suspitionis
1293 1637 1454 1694 fama
1479 1636 1777 1710 pervenit.
1841 1636 1940 1698 13.
1977 1638 2090 1711 Qui
2120 1654 2230 1696 vo-

168 1715 267 1777 bis
303 1715 367 1776 in
396 1714 653 1777 consilio
684 1718 943 1791 fuerunt,
974 1716 1079 1791 qui
1114 1719 1434 1777 vobiscum
1466 1719 1568 1776 illa
1598 1727 1968 1791 cognorunt,
2005 1718 2230 1794 quibus

166 1798 324 1874 ipsis
354 1797 690 1873 periculum
716 1807 843 1859 tum
864 1798 1119 1858 conflari
1150 1799 1490 1872 putabatur,
1521 1799 1624 1873 qui
1646 1799 1944 1860 Autronio
1969 1817 2093 1861 non
2121 1802 2228 1860 ad-

167 1883 431 1953 fuerunt,
466 1879 570 1955 qui
603 1879 663 1940 in
693 1878 857 1940 illum
886 1879 1232 1942 testimonia
1256 1881 1468 1955 gravia
1490 1880 1791 1955 dixerunt,
1821 1883 1984 1943 hunc
2020 1883 2228 1942 defen·

170 1965 338 2036 dunt,
371 1961 513 2022 huic
541 1963 796 2037 adsunt,
832 1961 895 2022 in
924 1961 1105 2023 huius
1149 1963 1422 2037 periculo
1467 1964 1781 2025 declarant
1835 1982 1905 2025 se
1949 1982 2070 2026 non
2115 1964 2229 2025 cri-

168 2045 331 2108 mine
355 2042 807 2119 coniurationis,
836 2059 914 2105 ne
934 2046 1230 2106 adessent
1298 2045 1536 2120 ceteris,
1569 2048 1685 2108 sed
1703 2046 2014 2109 hominum
2045 2051 2230 2109 male·

166 2129 310 2190 ficio
345 2126 665 2190 deterritos
712 2145 873 2190 csse.
954 2127 1079 2190 Mei
1121 2130 1476 2190 consulatus
1515 2139 1716 2192 autem
1747 2140 1991 2207 tempus
2021 2141 2084 2194 et
2114 2130 2230 2192 cri·

167 2229 306 2273 men
342 2209 644 2272 maximae
689 2210 1121 2273 coniurationis
1153 2229 1191 2272 a
1219 2228 1318 2274 me
1361 2213 1738 2275 defendetur.
1770 2255 1778 2259 -
1822 2218 2028 2291 Atque
2073 2216 2228 2275 haec

167 2295 323 2356 inter
352 2310 469 2356 nos
498 2293 737 2369 pai-titio
767 2312 890 2356 non
919 2304 1016 2357 est
1050 2295 1316 2370 fortuito,
1349 2295 1605 2369 iudiceS,
1648 2313 1764 2358 nec
1790 2306 2018 2359 temere
2047 2298 2222 2370 facta,

170 2378 285 2438 sed
314 2395 501 2452 quum
521 2377 869 2440 videremus
896 2395 1105 2440 eorum
1130 2378 1447 2440 criminum
1477 2395 1592 2440 nos
1615 2388 1908 2456 patronos
1931 2379 2229 2452 adhiberi,

170 2475 430 2536 quorum
459 2468 647 2522 testes
672 2478 816 2522 esse
844 2477 1189 2538 possemus»,
1213 2471 1472 2538 uterque
1500 2473 1773 2525 nostrum
1803 2464 1867 2524 id
1891 2464 2007 2524 sibi
2031 2464 2228 2526 susci-

165 2542 459 2618 piendum
491 2545 742 2619 putavit,
779 2545 857 2606 de
882 2562 1005 2620 quo
1036 2545 1270 2621 aliquid
1299 2547 1460 2607 scire
1487 2546 1624 2622 ipse
1654 2555 1840 2622 atque
1871 2546 2226 2608 existimare

166 2627 487 2702 potuisset.
538 2629 615 2687 V.
650 2625 753 2688 14.
794 2628 869 2689 Et
898 2629 1185 2704 quoniam
1214 2629 1293 2689 de
1324 2628 1676 2691 criminibus
1705 2629 2044 2705 superioris
2081 2647 2228 2690 con-

164 2709 487 2770 iurationis
509 2711 899 2772 Hortensium
921 2711 1240 2786 diligenter
1259 2712 1534 2786 audistis,
1554 2714 1632 2773 de
1653 2713 1770 2774 hac
1789 2712 2227 2786 coniuratione,

167 2809 329 2871 quae
357 2809 455 2853 me
485 2795 739 2854 consule
771 2796 931 2854 facta
958 2803 1071 2869 est,
1104 2795 1223 2855 hoc
1253 2793 1514 2869 primum
1544 2795 1851 2856 attendite.

330 2875 537 2948 Multa,
571 2892 755 2952 quum
778 2893 981 2938 essem
1009 2877 1245 2949 consul,
1277 2877 1355 2937 de
1377 2879 1628 2938 summis
1649 2879 1736 2938 rei
1766 2879 2044 2954 publicae
2068 2877 2227 2955 peri·

164 2958 321 3020 culis
348 2957 575 3029 audivi,
609 2961 796 3020 multa
827 2958 1125 3035 quaesivi,
1154 2961 1341 3019 multa
1375 2957 1668 3034 cognovi=
1702 2963 1903 3023 nullus
1933 2979 2224 3038 umquam

163 3042 245 3103 de
264 3041 434 3102 Sulla
471 3041 719 3102 nuntius
749 3043 829 3103 ad
856 3059 972 3116 me,
1001 3043 1229 3103 nullum
1258 3040 1565 3118 indicium,
1597 3045 1798 3105 nullae
1826 3045 2057 3107 litterae
2087 3060 2226 3120 per·

160 3132 479 3197 venerunt,
516 3127 681 3185 nulla
716 3125 995 3200 suspitio.
1093 3125 1346 3186 Multum
1387 3126 1542 3186 hacc
1566 3143 1694 3188 vox
1729 3129 1990 3190 fortasse
2021 3128 2228 3187 valere

163 3207 417 3268 deberet
444 3207 581 3269 eius
607 3207 889 3279 hominis,
932 3206 1036 3284 qui
1066 3211 1282 3270 consul
1310 3208 1567 3270 insidias
1594 3209 1684 3271 rei
1712 3211 1993 3285 publicae
2021 3207 2225 3269 consi·

162 3289 247 3350 lio
275 3289 727 3366 investigasset,
747 3289 1001 3354 veritate
1028 3290 1391 3367 aperuisset,
1433 3293 1845 3368 magnitudine
1877 3290 2062 3355 animi
2092 3289 2226 3351 vin·

161 3371 450 3448 dicasset,
482 3391 669 3450 quum
697 3373 753 3434 is
786 3389 857 3435 se
884 3372 1031 3434 nihil
1070 3373 1322 3436 audisse
1352 3376 1430 3435 de
1455 3375 1520 3435 Ρ.
1549 3375 1734 3446 Sulla,
1764 3373 1914 3435 nihil
1947 3371 2225 3449 suspica·
