2459 3817
782 127 952 195 cAP.
985 136 1248 193 33—35.
1291 133 1342 196 s.
1373 134 1638 196 n-w-
2167 131 2242 195 ‘11

190 283 531 362 approbata
557 282 922 358 laudataque
940 282 1146 343 Cottae
1173 280 1474 342 sententia
1503 277 1658 340 dixit
1679 295 1822 342 sese
1857 279 2246 346 otiimeicau-

193 385 295 442 sa,
325 378 391 428 ut
417 367 580 430 omni
612 365 895 442 populari
924 363 1330 425 concitatione
1359 364 1755 438 defungerer,
1789 381 2044 425 censere
2077 376 2144 427 ut
2171 368 2251 427 ad

190 461 444 512 senatus
474 449 891 511 auctoritatem
924 447 1136 524 populi
1160 463 1410 522 quoque
1434 446 1693 507 Romani
1713 448 2079 509 beneficium
2108 467 2252 526 erga

190 551 290 594 me
318 535 769 608 adiungeretur.
838 532 1033 606 Quum
1073 547 1292 591 omnes
1331 530 1601 591 certatim
1643 530 1926 606 aliusque
1965 532 2086 593 alio
2116 550 2250 608 gra·

192 616 328 676 vius
360 624 544 691 atque
572 614 843 676 ornatius
873 616 951 675 de
984 630 1121 675 mea
1150 616 1345 675 salute
1369 613 1627 674 dixisset
1655 614 1952 690 fieretque
1975 615 2107 676 sine
2133 619 2254 677 ulla

190 699 484 760 varietate
513 697 846 772 discessio,
876 697 1171 770 surrexit,
1214 705 1282 759 ut
1309 696 1513 770 scitiS‚
1547 696 1767 757 Atilius
1796 697 1895 759 hic
1927 698 2252 772 GavianuS,

189 799 304 844 nec
332 800 525 844 ausus
555 791 679 856 est,
712 799 901 858 quum
934 789 1105 842 esset
1131 789 1402 854 emptuS,
1431 779 1842 844 intercederea
1871 791 2109 842 noctem
2133 783 2250 844 sibi

187 868 270 927 ad
303 867 764 926 deliberandum
790 865 1139 940 postulavit.
1194 863 1436 924 Clamor
1465 871 1733 937 senatuS,
1759 866 2086 938 querellae,
2113 883 2249 941 pre·

186 965 325 1022 ceS,
363 965 543 1011 socer
570 951 651 1009 ad
684 949 879 1023 pedes
905 946 1201 1008 abiectus.
1273 949 1378 1006 llle
1408 963 1480 1006 se
1513 946 1834 1006 adfirmare
1873 957 2121 1022 postero
2153 949 2253 1009 die

186 1049 420 1093 moram
449 1033 669 1092 nullam
702 1047 845 1092 esse
879 1032 1194 1092 facturum.
1262 1028 1564 1091 Creditum
1596 1038 1720 1091 est=
1763 1030 2108 1092 discessum
2138 1042 2249 1094 est.

187 1115 279 1175 Illi
312 1115 545 1176 interea
571 1112 959 1175 deliberatori
986 1128 1221 1172 merces
1255 1115 1438 1187 longa
1468 1112 1827 1187 interposita
1851 1122 2028 1175 nocte
2053 1114 2250 1190 dupli-

170 1205 326 1258 ·cata
360 1205 471 1258 est.
544 1195 869 1257 Consecuti
898 1193 1031 1256 dies
1062 1195 1245 1270 pauci
1277 1195 1522 1257 omnino
1553 1196 1835 1257 Ianuario
1889 1213 2099 1258 mense
2140 1215 2253 1273 per

192 1296 352 1355 quos
396 1288 675 1341 senatum
726 1277 941 1340 haberi
990 1277 1225 1340 liceret:
1281 1280 1396 1342 sed
1451 1288 1649 1342 tamen
1701 1289 1902 1344 actum
1945 1280 2087 1342 nihil
2134 1281 2253 1344 nisi

188 1363 268 1424 de
300 1380 417 1425 mo.

354 1446 592 1508 XXXV.
640 1443 739 1510 75.
786 1447 981 1522 Quum
1024 1448 1186 1508 omni
1216 1463 1419 1523 mora,
1464 1447 1907 1524 ludificatione,
1949 1446 2252 1510 calumnia

184 1540 435 1592 senatus
464 1530 794 1592 auctoritas
828 1530 1254 1607 impediretur,
1288 1530 1450 1592 venit
1479 1533 1723 1594 tandem
1760 1531 2022 1594 concilio
2045 1534 2123 1593 de
2152 1548 2249 1592 me

188 1613 413 1689 agendi
445 1614 578 1675 dies
614 1631 729 1674 vm
773 1615 1085 1675 Kalendas
1116 1615 1504 1676 Februarias,
1565 1615 1862 1688 Princeps
1892 1614 2248 1689 rogationis,

187 1698 282 1757 vir
311 1697 452 1756 mihi
484 1696 923 1769 amicissimus,
955 1697 1023 1770 Q.
1052 1696 1398 1768 FabriciuS‚
1445 1699 1736 1771 templum
1767 1696 2078 1770 aliquanto
2109 1704 2249 1756 ante

189 1782 391 1840 lucem
437 1781 777 1853 occupavit.
840 1779 1093 1852 Quietus
1131 1794 1210 1839 eo
1259 1779 1360 1839 die
1390 1777 1658 1847 Sestius,
1702 1779 1758 1839 is
1795 1778 1901 1854 qui
1943 1788 2040 1838 est
2079 1779 2158 1838 de
2189 1777 2252 1838 vi

187 1878 365 1922 reuss
406 1869 577 1922 actor
606 1859 703 1921 hic
734 1861 1149 1934 defensorque
1178 1876 1407 1922 causae
1441 1876 1614 1921 meae
1655 1860 1801 1921 nihil
1845 1859 2248 1935 progreditur,

191 1942 448 2006 consilia
491 1951 809 2018 exspectat
854 1941 1233 2004 inimicorum
1275 1958 1568 2005 meorum.
1637 1944 1791 2018 Quid
1823 1942 1940 2016 illi,
1991 1959 2249 2017 quorum

191 2026 447 2088 consilio
470 2027 534 2088 Ρ.
561 2025 800 2088 Sestius
827 2025 888 2087 in
919 2024 1207 2087 iudicium
1231 2035 1511 2099 vocatur,
1547 2044 1671 2102 quo
1698 2043 1768 2088 se
1793 2035 1972 2102 pacto
1995 2034 2252 2101 gerunt?

190 2111 389 2184 Quum
419 2110 649 2183 forum,
684 2109 1026 2184 comitium,
1066 2109 1296 2171 curiam
1331 2111 1517 2172 multa
1549 2112 1628 2172 de
1659 2119 1837 2172 nocte
1865 2109 2109 2172 armatis
2140 2111 2247 2170 ho·

191 2192 455 2252 minibus
483 2209 557 2253 ac
590 2192 789 2254 servis
817 2192 1133 2269 plerisque
1166 2193 1670 2269 occupavissent,
1702 2195 1992 2270 impetum
2022 2193 2250 2257 faciunt

189 2275 253 2335 in
270 2275 628 2348 Fabricium,
656 2293 871 2338 manus
896 2278 1191 2350 adferunt,
1217 2277 1508 2340 occidunt
1538 2295 1658 2340 non
1683 2281 1902 2350 nulIOS,
1933 2278 2249 2339 vulnerant

188 2361 433 2420 multos.
484 2356 585 2422 76.
628 2359 987 2421 Venientem
1009 2360 1067 2420 in
1095 2362 1321 2435 forum,
1351 2361 1543 2423 virum
1569 2363 1858 2437 optimum
1881 2368 1941 2421 et
1965 2370 2245 2421 constan-

190 2441 521 2517 tissimum,
567 2443 647 2504 M.
685 2443 983 2518 Cispium,
1031 2443 1334 2506 tribunum
1367 2444 1594 2519 plebis,
1638 2445 1698 2504 vi
1728 2445 2066 2520 depellunt=
2111 2460 2246 2504 cae-

187 2525 332 2586 -dem
362 2525 423 2586 in
452 2527 587 2588 soro
618 2526 941 2588 maximam
972 2527 1227 2590 faciunt=
1259 2527 1660 2605 universique
1689 2526 1993 2589 destrictis
2027 2525 2248 2602 gladiis

188 2616 257 2668 et
298 2609 563 2670 cruentis
603 2608 666 2670 in
709 2609 989 2672 omnibus
1032 2611 1148 2672 fori
1188 2612 1463 2688 partibus
1491 2615 1738 2674 fratrem
1775 2627 2006 2684 meum,
2055 2612 2248 2670 virum

192 2693 512 2767 optimum,
547 2692 939 2754 fortissimum
964 2695 1205 2768 meique
1227 2695 1706 2757 amantissimum
1723 2738 1740 2766 ‚
1772 2693 1966 2757 oculis
1992 2709 2243 2769 quaere·

193 2775 368 2847 bant,
410 2790 567 2836 voce
608 2778 966 2850 poscebant.
1064 2779 1330 2852 Quorum
1369 2778 1469 2840 ille
1512 2778 1646 2839 telis
1691 2777 1942 2838 libenter
1979 2775 2040 2836 in
2082 2785 2245 2838 tanto

190 2857 359 2918 luctu
390 2873 464 2918 ac
492 2858 801 2920 desiderio
835 2859 953 2920 mei
981 2877 1102 2922 non
1139 2860 1548 2936 repugnandi,
1586 2861 1698 2922 sed
1729 2860 2026 2921 moriendi
2057 2877 2245 2921 causa

186 2956 417 3015 corpus
448 2940 771 3002 obtulisset
807 2959 1017 3016 suum,
1072 2941 1192 3004 nisi
1226 2959 1400 3004 suam
1429 2943 1612 3004 vitam
1647 2945 1728 3004 ad
1758 2959 1934 3018 spem
1964 2943 2082 3004 mei
2108 2945 2244 3004 red-

194 3021 315 3084 itus
347 3034 748 3086 reservasset.
804 3024 1000 3087 Subiit
1028 3034 1226 3087 tamen
1267 3025 1388 3085 vim
1417 3025 1577 3086 illam
1609 3026 1900 3088 nefariam
1931 3029 2244 3088 conscele-

188 3106 455 3168 r‘atorum
487 3109 785 3168 latronum
814 3115 902 3180 et,
950 3127 1134 3183 quum
1162 3110 1242 3169 ad
1273 3108 1474 3170 fratris
1509 3113 1764 3172 salutem
1791 3127 1830 3171 a
1862 3112 2093 3186 populo
2123 3110 2241 3168 Ro·

188 3203 373 3249 mano
405 3191 856 3266 deprecandam
890 3192 1193 3265 venisset,
1238 3194 1457 3267 pulsus
1484 3208 1519 3253 e
1545 3192 1762 3255 rostris
1792 3192 1853 3253 in
1885 3190 2126 3252 comitio
2157 3191 2241 3250 ia-

190 3271 315 3332 cuit
342 3288 537 3348 seque
568 3289 883 3334 servorum
913 3283 976 3336 et
1000 3276 1350 3336 libertorum
1377 3276 1740 3350 corporibus
1775 3273 2006 3336 obtexit
2032 3271 2241 3334 vitam-

187 3369 312 3429 que
340 3362 464 3418 tum
496 3373 668 3420 suam
697 3356 895 3419 noctis
936 3367 999 3418 et
1040 3359 1220 3432 fugae
1267 3357 1616 3432 praesidio..
1650 3373 1776 3419 non
1809 3354 1956 3416 iuris
1988 3353 2237 3419 iudicio·
