2459 3817
837 195 997 254 cAP.
1029 203 1115 256 40.
1144 205 1233 256 41.
1275 203 1323 259 s.
1361 202 1622 259 86-90.
1841 142 1854 166 ⁴
2128 193 2254 259 283

202 361 389 422 quem
427 361 586 404 nova
630 360 829 418 poena
862 344 1014 419 legis
1050 353 1111 404 et
1141 345 1324 404 domo
1360 351 1418 402 et
1450 351 1701 418 parente
1729 349 1789 402 et
1817 338 2082 402 omnium
2112 359 2252 402 suo-

200 445 337 488 rum
379 426 815 487 consuetudine
858 436 1320 502 conspectuque
1363 428 1598 500 privat?
1681 424 1794 484 Ibit
1835 422 2012 498 igitur
2057 425 2113 484 in
2150 441 2253 484 ex-

205 510 403 570 silium
448 509 675 568 miser?
729 510 902 583 Quo?
950 511 1047 569 Ad
1090 509 1422 570 Orientisne
1451 517 1682 584 partes,
1715 507 1774 566 in
1808 507 2029 581 quibus
2060 523 2254 566 annos

201 596 425 654 multos
477 597 713 668 legatus
762 595 900 661 suit,
949 593 1250 651 exercitus
1283 593 1480 662 duxit,
1527 609 1626 651 res
1672 592 1964 652 maximas
2023 587 2257 664 gessit?

202 679 284 751 At
324 675 510 734 habet
549 689 829 748 magnum
870 673 1171 745 dolorem,
1225 673 1390 750 unde
1437 688 1573 732 cum
1613 671 1842 731 honore
1889 673 2253 742 decesseris,

198 759 418 818 eodem
450 772 585 816 cum
626 753 955 830 ignominia
994 753 1231 814 reverti.
1303 758 1397 812 An
1435 770 1504 814 se
1544 755 1603 812 in
1633 752 1990 813 contrariam
2021 761 2254 829 partem

203 850 493 900 terrarum
520 840 730 908 abdet,
783 847 848 898 ut
878 837 1069 896 Gallia
1096 835 1524 910 Transalpina,
1568 852 1748 909 quem
1783 851 1979 908 nuper
2017 851 2253 896 summo

199 939 338 982 cum
360 918 613 996 imperio
640 920 1035 980 libentissime
1060 918 1294 991 viderit,
1325 920 1603 977 eumdem
1633 919 1952 992 lugentem,
1982 933 2252 977 maeren—

201 1016 353 1076 tem,
396 1006 671 1063 exsulem
712 1004 957 1061 videat?
1010 1002 1079 1060 In
1120 1018 1193 1060 ea
1239 1017 1417 1074 porro
1461 999 1773 1075 provincia
1803 1016 1924 1072 quo
1960 999 2159 1059 animo
2191 999 2252 1056 C.

200 1087 513 1144 Murenam
542 1087 784 1144 fratrem
816 1099 991 1143 suum
1023 1082 1321 1156 aspiciet?
1360 1081 1473 1155 Qui
1501 1081 1680 1140 huius
1710 1081 1916 1149 dolor,
1962 1081 2065 1155 qui
2094 1079 2254 1140 illius

203 1183 441 1226 maeror
470 1166 551 1225 er·
584 1193 591 1198 ·
669 1181 825 1238 quae
855 1164 1172 1239 utriusque
1202 1163 1566 1237 lamentatIO,
1627 1173 1849 1238 quanta
1880 1171 2079 1222 autem
2116 1178 2252 1236 per-

189 1248 466 1323 turbatio
498 1249 525 1306 f
592 1254 772 1306 tunae
802 1255 986 1320 atque
1016 1246 1333 1316 sermoniS,
1369 1263 1568 1320 quum,
1592 1245 1812 1320 quibus
1841 1244 1900 1304 in
1924 1244 2076 1305 locis
2107 1261 2253 1319 pau·

199 1332 293 1390 cis
337 1341 476 1390 ante
518 1327 735 1390 diebus
778 1330 999 1388 factum
1044 1346 1185 1390 esse
1228 1332 1539 1389 consulem
1568 1329 1879 1390 Murenam
1919 1327 2123 1388 nuncii
2163 1326 2253 1387 lit·

202 1424 503 1489 teraeque-
532 1413 944 1472 celebrassent
1016 1421 1078 1473 et
1116 1413 1278 1473 unde
1320 1411 1594 1486 hospites
1637 1419 1820 1486 atque
1847 1411 2024 1471 amici
2053 1419 2252 1484 gratu-

202 1497 383 1557 latum
411 1497 663 1556 Romam
695 1496 1125 1568 concurrerint,
1170 1504 1416 1570 repente
1466 1495 1763 1556 exstiterit
1815 1495 1952 1568 ipse
2005 1492 2252 1552 nuntius

202 1595 352 1638 suae
386 1578 783 1638 calamitatis?
835 1577 936 1642 90.
982 1580 1147 1652 Quae
1176 1577 1228 1638 si
1262 1579 1501 1650 acerba,
1535 1577 1588 1641 si
1617 1578 1856 1647 misera,
1892 1576 1945 1635 si
1974 1578 2254 1637 luctuosa

200 1671 369 1732 sunt,
420 1661 473 1720 si
506 1660 877 1721 alienissima
912 1678 948 1720 a
980 1663 1443 1720 mansuetudine
1485 1671 1545 1719 et
1580 1659 1996 1728 misericordia
2029 1667 2248 1723 vestra,

202 1743 468 1814 iudiceS,
514 1751 875 1803 conservate
914 1743 1126 1818 populi
1154 1742 1412 1802 Romani
1455 1741 1844 1800 beneficium=
1891 1739 2126 1799 reddite
2164 1737 2252 1796 rei

202 1825 483 1900 publicae
514 1826 855 1884 consulem:
910 1825 1047 1883 date
1075 1825 1195 1883 hoc
1224 1824 1420 1896 ipsius
1455 1822 1704 1896 pudori,
1740 1823 1877 1879 date
1909 1819 2060 1894 patri
2095 1835 2256 1878 mor-

201 1917 338 1980 tue,
378 1907 519 1966 date
547 1905 755 1980 generi
784 1914 845 1967 et
878 1905 1165 1975 familiae,
1208 1907 1345 1964 date
1376 1904 1550 1963 etiam
1580 1901 1892 1962 Lanuvino
1926 1900 2250 1976 municipio

200 1987 664 2058 nonestissimo,
709 1988 876 2060 quod
908 1989 965 2045 in
993 1989 1107 2046 hac
1140 1993 1262 2046 tota
1296 2003 1483 2047 causa
1517 1989 1802 2061 frequens
1831 1993 2252 2058 maestumque

176 2070 461 2150 ,vidistis
516 2068 711 2154 Nolite
740 2087 775 2128 a
807 2069 997 2129 sacris
1032 2069 1238 2144 patriis
1273 2069 1522 2131 Iunonis
1551 2067 1863 2142 Sospitae,
1909 2068 2006 2128 cui
2039 2083 2250 2128 omnes

200 2154 490 2215 consules
521 2153 723 2212 facere
752 2168 1009 2214 necesse
1040 2161 1163 2226 est,
1206 2152 1604 2213 domesticum
1638 2161 1698 2212 et
1731 2167 1906 2211 suum
1937 2151 2248 2212 consulem

200 2234 583 2312 potissimum
627 2236 911 2295 avellere.
1001 2236 1187 2309 Quem
1229 2253 1345 2311 ego
1391 2235 1598 2305 vobiS,
1657 2232 1710 2292 si
1749 2233 1894 2308 quid
1925 2234 2107 2293 habet
2147 2241 2249 2291 aut

200 2319 484 2381 momenti
513 2319 951 2378 commendatio
982 2326 1086 2378 aut
1115 2319 1489 2380 auctoritatis
1519 2315 1890 2377 confirmatio
1918 2333 2070 2385 mea,
2103 2331 2245 2374 eon-

200 2403 297 2461 sul
326 2403 667 2472 consulem,
702 2399 965 2471 iudiceS,
998 2401 1079 2460 ita
1110 2401 1497 2472 commendo,
1526 2407 1592 2461 ut
1620 2398 2076 2475 cupidissimum
2117 2395 2244 2470 otii,

200 2482 714 2545 studiosissimum
743 2483 1059 2555 bonorum,
1096 2483 1452 2545 acerrimum
1485 2491 1694 2543 contra
1723 2480 2098 2554 seditIonem,
2127 2482 2245 2540 sor-

198 2565 495 2626 tissimum
543 2565 605 2624 in
655 2566 844 2636 belle,
896 2563 1374 2627 inimicissimum
1424 2566 1560 2627 huic
1613 2563 2034 2635 coniurationi,
2087 2579 2246 2636 quae

200 2663 533 2790 nuncdrem
574 2645 876 2724 publicam
919 2649 1268 2720 labefactat,
1320 2651 1581 2710 futurum
1623 2663 1763 2712 esse
1807 2645 2145 2724 promittam
2187 2657 2242 2705 et

198 2747 356 2806 spon
403 2746 554 2790 eam.
