2459 3817
510 143 680 208 CAP-
710 151 960 207 63—65.
1004 149 1055 210 S·
1091 151 1189 205 163
1216 175 1288 182 -
1309 149 1432 206 168.
1885 133 2008 200 175

0 343 4 357 .
48 293 381 369 Lucceius,
424 293 531 372 qui
577 292 977 370 argentariam
1037 289 1207 356 Regii
1263 291 1588 352 maximam
1629 289 1810 353 feeit?
1854 291 1998 368 quid

0 379 205 442 reteri?
268 379 491 439 Adhuc
541 377 703 438 enim
746 385 938 438 testes
982 393 1061 436 ex
1104 393 1179 436 eo
1221 392 1448 450 genere
1482 393 1518 436 a
1551 391 1650 436 me
1681 382 1823 436 sunt
1859 375 1996 448 dati,

0 481 59 525 >n
102 461 207 538 qui
256 461 511 524 novisse
540 458 825 535 Gavium,
876 459 990 520 sed
1040 475 1109 518 se
1166 458 1402 520 vidisse
1452 459 1754 532 dicerent,
1816 477 2000 532 quum

6 593 21 618 ,
62 545 169 622 qui
196 561 268 605 se
297 547 492 606 civem
521 544 859 606 Romanum
890 559 1033 603 esse
1062 542 1375 613 clamaret,
1425 540 1485 601 in
1519 557 1762 602 erucem
1792 557 2002 616 agere-

1 647 48 688 r.
111 630 245 690 Hoc
271 636 367 702 tu,
399 631 647 700 VerreS,
680 625 841 686 idem
864 624 1051 687 dicis=
1095 625 1213 685 hoe
1251 633 1315 686 tu
1344 625 1654 686 confiteris
1685 624 1852 684 illum
1883 626 1998 684 cla-

0 712 217 784 itasse,
250 728 321 772 se
362 711 557 770 civem
587 726 731 770 esse
762 711 1132 771 Romanum:
1176 709 1346 782 apud
1380 715 1438 768 te
1469 724 1691 768 nomen
1723 706 1984 768 civitatis

0 800 13 843 ε
42 790 278 844 tantum
310 785 553 860 quidem
584 786 891 860 valuisse,
922 795 992 848 ut
1014 787 1458 848 dubitationem
1488 789 1754 862 aliquam
1785 791 2006 852 erucis,

0 867 422 930 ¹crudelissimi
434 871 889 946 taeterrimique
902 870 1189 947 supplicii
1210 871 1478 946 aliquam
1499 887 1755 947 parvam
1775 890 2008 934 moram

0 959 149 1018 litem
179 965 399 1032 posset
428 959 689 1019 adferre.
745 956 883 1020 166.
946 957 1079 1018 Hoc
1111 966 1310 1030 teneo,
1340 957 1439 1018 hie
1469 958 1716 1033 haereo,
1746 958 1996 1032 iudices,

0 1057 53 1100 ve
82 1057 217 1102 sum
246 1047 569 1101 contentus
601 1058 756 1101 uno=
794 1039 1001 1102 omitto
1037 1056 1110 1099 ac
1139 1041 1382 1116 negligo
1413 1049 1686 1102 eaeteraz
1717 1057 1831 1101 sua
1859 1057 2001 1103 con-

0 1121 210 1184 ssione
238 1121 521 1184 induatur
548 1139 623 1183 ae
660 1122 965 1198 iuguletur
999 1139 1259 1184 neeesse
1291 1130 1404 1184 est.
1466 1122 1581 1198 Qui
1620 1132 1790 1186 esset
1832 1122 2003 1199 igno-

0 1207 151 1265 basa
196 1207 645 1279 speculatorem
675 1222 819 1266 esse
858 1204 1286 1279 suspicabare=
1330 1221 1450 1266 non
1485 1222 1713 1281 quaero
1751 1223 1872 1282 qua
1902 1223 2004 1267 su·

0 1285 249 1362 »ieion-e,
280 1294 384 1348 tua
411 1296 471 1348 te
514 1304 742 1349 aeeuso
789 1287 1095 1348 oratione=
1142 1287 1338 1349 civem
1368 1289 1708 1350 Romanum
1750 1306 1818 1350 se
1861 1305 2004 1350 esse

0 1371 195 1432 eebat.
254 1371 319 1431 Si
352 1378 416 1432 tu
446 1371 612 1446 apud
640 1370 861 1432 Persas
890 1379 995 1431 aut
1032 1369 1093 1431 in
1136 1379 1406 1432 extrema
1450 1373 1622 1432 India
1665 1372 2003 1449 deprehen-

0 1471 74 1527 ιε,
106 1455 363 1527 Verres,
397 1456 473 1514 ad
507 1453 871 1530 supplicium
898 1455 1221 1527 ducerere,
1269 1454 1417 1529 quid
1446 1455 1612 1516 aliud
1639 1455 1993 1528 clamitares,

0 1537 53 1597 si
81 1544 142 1598 te
170 1537 366 1598 civem
388 1554 534 1599 esse
562 1540 945 1599 Romanum?
974 1545 1053 1612 et,
1086 1536 1141 1598 si
1170 1536 1277 1599 tibi
1305 1536 1512 1612 ignoto
1542 1540 1709 1616 apud
1738 1537 2006 1614 ignotos,

0 1621 103 1680 >ud
131 1622 446 1694 barbaros,
472 1622 639 1696 apud
656 1619 949 1681 ¹homiues
980 1619 1041 1679 in
1073 1619 1362 1682 extremis
1393 1629 1577 1696 atque
1604 1620 1830 1682 ultimis
1857 1637 2004 1696 gen·

0 1721 95 1764 >us
125 1703 397 1780 positOS,
438 1703 643 1764 nobile
672 1714 734 1764 et
765 1703 999 1764 illustre
1025 1703 1193 1778 apud
1222 1719 1436 1765 omnes
1478 1721 1700 1765 nomen
1742 1702 2002 1764 civitatis

0 1803 75 1846 ae
102 1785 466 1862 proruisset:
511 1786 641 1860 ille,
680 1785 963 1862 quisquis
995 1794 1153 1860 erat,
1195 1802 1379 1862 quem
1410 1795 1473 1848 ιιι
1512 1787 1572 1845 in
1620 1801 1863 1847 crucem
1907 1802 2004 1845 ra-

0 1870 168 1940 ebas,
200 1868 307 1944 qui
336 1868 439 1928 tibi
472 1878 640 1930 esset
666 1868 931 1943 ignotus,
964 1886 1149 1944 quum
1174 1867 1368 1929 civem
1393 1886 1463 1930 se
1489 1871 1830 1930 Romanum
1862 1885 2006 1928 esse

2 1959 195 2024 ceret,
238 1951 405 2026 apud
435 1960 493 2013 te
525 1958 883 2026 praetorem,
914 1948 969 2010 si
1000 1968 1121 2012 non
1158 1951 1470 2028 effugium,
1504 1968 1582 2012 ne
1610 1969 1839 2013 moram
1874 1950 2004 2027 qui-

0 2051 77 2094 :m
108 2034 317 2094 mortis
351 2033 655 2094 mentione
678 2043 861 2110 atque
890 2032 1292 2109 usurpatione
1316 2034 1861 2113 civitatis-adsequi
1891 2051 2005 2111 po·

0 2116 85 2178 it?
138 2116 319 2179 LXV.
387 2115 529 2180 167.
583 2116 877 2178 Homines
907 2126 1153 2192 tenues,
1182 2120 1450 2179 obscuro
1479 2117 1618 2181 loeo
1647 2117 1802 2192 nati,
1836 2117 2006 2178 navi·

0 2207 118 2273 int,
140 2201 367 2260 adeunt
392 2201 473 2261 ad
502 2217 577 2261 ea
606 2202 762 2273 loca,
792 2216 950 2277 quae
983 2218 1316 2276 numquam
1343 2209 1523 2262 antea
1555 2201 1867 2272 viderunt,
1899 2197 2005 2261 ubi

0 2299 139 2359 ique
180 2282 309 2345 noti
350 2299 493 2344 esse
535 2283 641 2357 iis,
698 2301 823 2359 quo
847 2292 1184 2358 venerunt,
1222 2301 1428 2360 neque
1458 2300 1703 2360 semper
1735 2299 1873 2346 eum
1902 2298 2004 2343 co·

0 2365 271 2428 litoribus
297 2383 441 2428 esse
467 2375 752 2443 possunt.
810 2367 941 2428 Hac
967 2385 1091 2429 una
1119 2376 1320 2428 tamen
1341 2365 1568 2429 fiducia
1589 2365 1852 2428 civitatis
1881 2382 2004 2426 non

0 2449 118 2510 odo
151 2449 319 2525 apud
348 2459 595 2512 nostros
624 2448 1035 2525 magistratus,
1066 2449 1172 2526 qui
1201 2459 1265 2512 et
1290 2453 1492 2526 legum
1521 2458 1582 2512 et
1610 2447 2004 2511 existimatio·

0 2549 31 2593 s
64 2533 333 2608 periculo
369 2534 771 2606 eontinentur,
812 2549 1015 2608 neque
1042 2535 1212 2608 apud
1242 2532 1413 2596 cives
1443 2534 1642 2596 solum
1670 2535 2007 2605 Romanos,

0 2615 43 2675 1i
91 2625 153 2677 et
202 2617 505 2677 sermonis
544 2624 605 2677 et
653 2615 803 2677 iuris
834 2625 895 2678 et
920 2619 1243 2678 multarum
1267 2633 1472 2677 rerum
1499 2617 1795 2679 societate
1821 2613 2010 2677 iuncti

0 2706 106 2772 int,
162 2701 293 2759 sore
332 2716 403 2760 se
443 2708 607 2761 tutos
646 2699 1038 2772 arbitrantur,
1090 2699 1235 2770 sed,
1278 2715 1670 2776 quocumque
1712 2697 2005 2768 venerint,

0 2797 95 2842 me
122 2781 241 2842 sibi
269 2799 397 2842 rem
432 2782 740 2858 praesidio
792 2791 1044 2857 sperant
1085 2785 1370 2844 suturam.
1441 2781 1581 2845 168.
1639 2784 1808 2844 Tolle
1848 2783 2008 2842 hane

0 2881 143 2937 vem,
175 2865 321 2925 tolle
342 2865 461 2926 hoe
486 2862 863 2940 praesidium
894 2864 1131 2925 civibus
1157 2863 1483 2926 Romanis=
1529 2864 1833 2926 constitue
1861 2863 2009 2925 nihil

0 2963 81 3008 zse
136 2945 277 3022 opis
306 2946 369 3007 in
416 2947 533 3008 hae
575 2963 761 3008 vocet
820 2949 972 3008 Civis
1009 2949 1315 3010 Romanus
1339 2964 1504 3010 sum.-
1541 2965 1730 3024 posse
1758 2947 2008 3024 impune

0 3039 283 3092 ’aetorem
310 3039 415 3092 aut
440 3031 623 3092 alium
648 3029 980 3105 quemlibet
1010 3030 1378 3106 supplicium
1411 3033 1578 3106 quod
1610 3031 1755 3093 velit
1775 3031 1835 3091 in
1868 3045 2009 3090 eum

0 3113 339 3185 ›nstituere,
386 3113 493 3189 qui
523 3130 593 3175 se
628 3111 824 3173 civem
853 3115 1195 3175 Romanum
1241 3131 1385 3176 esse
1427 3112 1617 3187 dieat,
1653 3115 1828 3188 quod
1868 3126 2006 3174 eum

0 3195 377 3272 1isign0ret=
422 3196 542 3258 iam
578 3211 793 3257 omnes
829 3194 1211 3272 provinciaS,
1241 3195 1361 3258 iam
1392 3195 1598 3258 omnia
1623 3211 1846 3270 regna,
1887 3194 2009 3254 iam

0 3295 153 3340 unes
200 3277 425 3339 liberas
466 3279 777 3351 eivitateS,
828 3277 947 3340 iam
990 3296 1233 3341 omnem
1275 3280 1486 3340 orbem
1527 3287 1850 3347 terrarum,
1905 3274 2008 3351 qui

0 3379 190 3438 anper
225 3362 453 3424 nostris
504 3360 851 3424 hominibus
901 3361 1165 3423 maxime
1193 3360 1414 3437 patuit,
1449 3358 1693 3419 civibus
1716 3357 2009 3418 Romanis
