2459 3817
693 116 856 177 CAP.
886 125 1114 177 8—10.
1158 120 1210 181 5.
1244 122 1500 177 19—26.
2036 114 2162 179 215

96 280 365 342 tuorum,
425 274 487 329 at
517 266 579 328 in
615 274 1027 342 posteritatem
1069 265 1433 341 impendeat.
1502 265 1628 327 Sed
1651 273 1744 325 est
1781 262 1958 339 tanti,
2011 267 2152 329 dum

98 354 281 414 modo
310 350 427 413 ista
456 350 535 411 sit
564 349 797 426 privata
826 348 1135 409 calamitas
1164 358 1225 411 et
1253 365 1292 409 a
1317 348 1406 408 rei
1434 349 1717 424 publicae
1746 346 2031 423 periculis
2057 365 2150 409 se-

98 437 395 511 iungatur.
442 434 566 496 Sed
593 441 659 494 tu
691 440 757 492 ut
788 431 950 493 vitiis
979 430 1099 493 tuis
1131 448 1574 505 commoveare,
1596 438 1661 492 ut
1689 432 1889 506 legum
1918 446 2154 506 poenas

98 516 530 595 pertimescaS,
564 524 629 576 ut
662 514 1037 591 temporibus
1067 512 1157 574 rei
1186 513 1465 588 publicae
1497 514 1717 587 cedas,
1757 530 1881 574 non
1912 521 2008 574 est
2041 531 2151 589 po-

100 600 465 663 stulandum.
502 598 715 672 Neque
743 597 901 660 enim
932 598 985 657 is
1019 613 1115 668 eS,
1156 596 1434 670 Catilina,
1481 605 1547 656 ut
1573 604 1634 657 te
1665 605 1769 657 aut
1796 598 1999 671 pudor
2026 614 2151 662 um-

101 700 283 759 quam
324 698 362 742 a
409 680 773 756 turpitudine
816 690 920 741 aut
948 688 1143 741 metus
1178 696 1215 739 a
1247 679 1517 755 periculo
1558 688 1661 739 aut
1687 680 1840 741 ratio
1880 695 1918 739 a
1949 680 2153 740 surore

98 763 497 826 revocaverit.
590 763 691 824 23.
745 763 935 836 Quam
969 764 1047 823 ob
1070 778 1217 835 rem,
1259 770 1326 822 ut
1353 777 1541 837 saepe
1570 763 1690 821 iam
1722 762 1876 835 dixi,
1911 761 2146 836 profici-

102 864 277 909 scere
298 863 391 919 ac,
426 845 480 907 si
507 845 652 907 mihi
682 844 947 919 inimico,
976 853 1041 905 ut
1067 844 1410 920 praedicas,
1444 851 1546 903 tuo
1581 843 1854 905 conflare
1875 843 1970 903 vis
2000 844 2148 904 invi-

99 933 280 1004 diam,
312 941 483 994 recta
505 932 605 993 via
626 946 819 1005 perge
840 930 897 988 in
927 928 1236 989 exsiliumz
1267 928 1372 989 vix
1407 930 1597 988 feram
1619 944 1938 989 sermones
1962 930 2144 991 homi·

100 1032 265 1092 num,
309 1016 365 1075 si
386 1014 456 1075 id·
487 1012 741 1075 feceris:
786 1011 891 1071 vix
912 1013 1137 1071 molem
1168 1010 1346 1071 istius
1379 1011 1662 1083 invidiae,
1698 1010 1753 1071 si
1784 1010 1846 1071 in
1870 1012 2145 1072 exsilium

97 1097 273 1158 iussu
298 1096 570 1160 consulis
594 1094 758 1171 ieriS,
784 1094 1122 1153 sustinebo.
1168 1093 1275 1153 Sin
1298 1100 1502 1153 autem
1525 1092 1762 1154 servire
1784 1109 1960 1153 meae
1986 1096 2144 1155 laudi

101 1186 165 1239 et
178 1178 413 1251 gloriae
432 1176 645 1247 maviS,
666 1177 965 1249 egredere
978 1191 1115 1234 cum
1130 1174 1478 1250 importuna
1491 1178 1930 1237 sceleratorum
1947 1192 2150 1250 manu,

100 1261 318 1321 confer
336 1266 402 1319 te
422 1260 502 1319 ad
518 1258 823 1330 Manlium,
850 1256 1091 1317 concita
1104 1257 1383 1331 perditos
1409 1257 1600 1337 cives,
1626 1274 1884 1319 secerne
1905 1266 1968 1319 te
1988 1276 2026 1319 a
2045 1260 2149 1319 bo·

100 1341 215 1413 nis,
239 1341 395 1403 infer
414 1340 653 1417 patriae
672 1341 917 1419 bellum,
945 1342 1187 1400 exsulta
1199 1340 1384 1416 impio
1410 1340 1747 1417 latrocinio,
1771 1349 1838 1403 ut
1861 1358 1898 1401 a
1915 1358 2149 1403 menon

100 1425 333 1485 eiectus
362 1426 441 1485 ad
470 1424 737 1501 alienos,
772 1425 886 1484 sed
917 1422 1205 1483 invitatus
1238 1425 1316 1483 ad
1346 1432 1484 1485 tuos
1522 1440 1664 1485 esse
1693 1424 1984 1487 videariS.
2044 1426 2148 1485 24.

100 1510 478 1584 Quamquam
510 1505 658 1582 quid
683 1522 798 1582 ego
832 1514 893 1565 te
916 1505 1183 1579 invitem,
1216 1522 1256 1566 a
1285 1523 1409 1581 quo
1437 1507 1558 1567 iam
1587 1506 1778 1567 sciam
1812 1524 1954 1569 esse
1971 1524 2146 1583 prae-

98 1592 325 1651 missos
356 1590 461 1665 qui
490 1590 596 1650 tibi
624 1592 704 1651 ad
734 1591 958 1651 Forum
987 1588 1304 1650 Aurelium
1335 1592 1860 1665 praestolarentur
1893 1590 2147 1651 armati?

100 1674 199 1733 cui
230 1673 419 1734 sciam
448 1679 691 1749 pactam
722 1680 784 1732 et
820 1671 1215 1733 constitutam
1258 1688 1398 1731 cum
1437 1673 1660 1733 Manlio
1704 1672 1904 1733 diem?
1956 1690 1991 1731 a
2023 1688 2147 1747 quo

98 1757 281 1819 etiam
308 1756 577 1831 aquilam
614 1753 775 1815 illam
814 1761 1167 1829 argenteam
1208 1770 1394 1829 quam
1435 1754 1542 1814 tibi
1580 1770 1655 1815 ac
1695 1755 1818 1815 tuis
1863 1755 2146 1815 omnibus

97 1838 510 1914 perniciosam
544 1853 689 1897 esse
723 1837 969 1897 confido
1012 1852 1085 1895 ac
1114 1837 1422 1897 funestam
1455 1836 1754 1913 futuram,
1803 1836 1903 1897 cui
1943 1836 2150 1897 domui

96 1918 243 1983 tuae
264 1920 601 1982 sacrarium
624 1922 925 1979 scelerum
950 1925 1195 1977 tuorum
1219 1918 1616 1979 constitutum
1637 1917 1766 1995 suit,
1791 1920 1981 1979 sciam
2007 1935 2151 1979 esse

95 2004 547 2081 praemissam?
586 2004 675 2061 Tu
701 2008 769 2061 ut
790 2001 889 2061 illa
914 2000 1137 2061 diutius
1171 2006 1384 2061 carere
1407 2000 1634 2076 possis,
1661 2018 1844 2075 quam
1866 2002 2152 2063 venerari

98 2087 179 2146 ad
205 2088 457 2147 caedem
470 2084 876 2162 proficiscens
900 2084 1172 2162 solebas,
1198 2101 1236 2145 a
1255 2084 1428 2145 cuius
1443 2084 1736 2145 altaribus
1757 2101 1950 2161 saepe
1971 2085 2146 2147 istam

102 2169 345 2244 impiam
381 2169 691 2230 dexteram
717 2170 799 2229 ad
830 2186 1039 2230 necem
1071 2169 1292 2229 civium
1321 2169 1716 2231 transtulisti?
1771 2171 1842 2231 Χ.
1884 2169 1983 2231 25.
2028 2170 2146 2229 lbis

100 2253 345 2312 tandem
366 2250 713 2325 aliquando,
746 2270 866 2327 quo
896 2261 955 2313 te
976 2252 1095 2313 iam
1119 2252 1356 2327 pridem
1378 2253 1497 2314 ista
1518 2262 1622 2313 tua
1643 2251 1946 2328 cupiditas
1970 2252 2149 2312 effre-

102 2343 243 2393 nata
282 2350 357 2395 ac
398 2332 629 2395 furiosa
678 2335 971 2409 rapiebat.
1058 2337 1268 2410 Neque
1301 2338 1459 2396 enim
1499 2335 1606 2397 tibi
1638 2336 1790 2395 haec
1824 2351 1926 2395 res
1955 2335 2152 2396 adfert

102 2416 405 2488 dolorem,
450 2418 560 2477 sed
592 2419 911 2493 quamdam
952 2418 1365 2479 incredibilem
1395 2419 1784 2494 voluptatem.
1865 2418 1966 2477 Ad
1992 2416 2150 2476 hanc

14 2534 17 2537 -
102 2507 161 2558 te
188 2497 507 2561 amentiam
542 2509 753 2561 natura
784 2501 1051 2577 peperit,
1097 2504 1377 2563 voluntas
1408 2500 1708 2573 exercuit,
1753 2502 1994 2561 fortuna
2022 2516 2148 2561 ser·

101 2580 285 2642 vavit.
341 2581 681 2657 Numquam
710 2592 775 2643 tu
807 2599 929 2644 non
958 2584 1141 2644 modo
1175 2584 1383 2659 otium,
1409 2586 1522 2645 sed
1552 2602 1632 2645 ne
1658 2585 1881 2643 bellum
1905 2582 2147 2657 quidem

100 2661 221 2723 nisi
259 2662 551 2725 nefarium
596 2664 956 2741 concupisti.
1006 2664 1269 2728 Nanctus
1313 2684 1382 2729 es
1430 2683 1508 2727 ex
1547 2664 1800 2741 perditis
1844 2673 2028 2741 atque
2071 2664 2148 2723 ab

102 2746 264 2806 omni
294 2762 419 2806 non
452 2748 634 2808 modo
665 2750 932 2821 fortuna,
981 2764 1192 2808 verum
1223 2749 1402 2809 etiam
1444 2766 1557 2824 spe
1588 2747 1891 2809 derelictis
1921 2744 2143 2808 confla-

94 2833 221 2887 tam
252 2827 661 2903 improborum
690 2848 950 2893 manum.
1010 2830 1112 2891 26.
1151 2830 1265 2891 Hic
1294 2839 1361 2892 tu
1389 2846 1510 2906 qua
1541 2830 1764 2890 laetitia
1792 2826 2146 2906 perfruere!

100 2910 323 2987 quibus
356 2911 593 2985 gaudiis
622 2911 987 2974 exsultabis!
1046 2922 1272 2987 quanta
1317 2912 1378 2973 in
1410 2915 1719 2987 voluptate
1751 2912 2148 2985 bacchabere,

99 3010 283 3067 quum
326 2992 388 3053 in
429 3003 592 3056 tanto
624 3012 873 3057 numero
904 3003 1145 3057 tuorum
1192 3011 1394 3070 neque
1435 2995 1648 3056 audies
1688 2994 1884 3057 virum
1921 2997 2148 3057 bonum

99 3091 465 3152 quemquam
496 3093 698 3152 neque
724 3076 989 3139 videbis!
1066 3079 1162 3138 Ad
1192 3078 1372 3139 huius
1403 3078 1562 3139 vitae
1591 3078 1857 3139 studium
1883 3074 2150 3137 meditati

94 3155 180 3217 illi
215 3168 356 3221 sunt
386 3158 489 3238 qui
525 3160 797 3221 feruntur
823 3161 1066 3221 labores
1096 3160 1209 3233 tui,
1243 3162 1443 3221 iacere
1476 3159 1643 3221 humi
1683 3178 1806 3223 non
1841 3161 2040 3221 solum
2068 3158 2149 3217 ad

97 3238 503 3301 obsidendum
546 3251 849 3318 stuprum,
909 3259 1121 3305 verum
1164 3244 1346 3323 etiam
1384 3245 1464 3304 ad
1500 3241 1736 3304 facinus
1783 3241 2149 3314 obeundum,

94 3320 346 3397 vigilare
385 3342 507 3385 non
548 3327 746 3386 solum
803 3324 1190 3389 insidiantem
1232 3343 1449 3388 somno
1497 3324 1873 3398 maritorum,
1935 3338 2148 3385 verum
