2459 3817
238 131 358 198 118
769 134 916 196 PRO
949 134 1062 194 CN.
1091 132 1418 194 PLANCIO
1452 130 1754 194 ORATIO.

236 285 532 350 libertatis
584 285 853 347 videtum
915 286 1085 346 multi
1141 285 1325 346 etiam
1378 299 1733 346 communes
1786 280 2012 343 inimici
2052 297 2305 342 reorum

237 370 532 441 omnium,
568 370 675 445 qui
695 369 778 431 ita
801 385 1046 443 semper
1065 367 1474 430 testimonium
1506 369 1585 428 de
1605 366 1832 428 ambitu
1860 366 2085 438 dicunt,
2118 364 2305 440 quasi

235 465 340 516 aut
367 461 655 515 moveant
679 453 918 513 animos
945 451 1211 512 iudicum
1236 451 1367 512 suis
1396 450 1758 513 testimoniis
1792 457 1897 510 aut
1922 459 2157 524 gratum
2188 465 2305 522 po-

235 539 382 614 pulo
413 538 690 596 Romano
735 535 814 596 sit
855 543 960 596 aut
985 536 1063 596 ab
1091 551 1168 596 eo
1203 533 1441 594 facilius
1488 535 1567 593 ob
1598 551 1733 594 eam
1768 548 2017 594 causam
2040 530 2305 605 dignita-

233 629 353 682 tem
389 635 570 694 quam
594 619 808 678 volunt
837 626 1309 692 consequantur.
1368 617 1470 677 56.
1501 615 1871 690 Quibuscum
1896 631 2011 685 me,
2042 613 2306 684 iudiceS,

235 711 608 778 pugnantem
651 719 822 762 more
863 719 1000 761 meo
1033 701 1287 776 pristino
1324 717 1446 762 non
1473 700 1785 760 videbitis=
1828 716 1948 759 non
1988 714 2111 772 quo
2152 697 2307 757 mihi

237 787 332 846 fas
363 783 442 844 sit
477 783 810 860 quidquam
854 785 1145 858 defugere
1187 784 1357 858 quod
1386 784 1555 843 salus
1582 781 1806 843 Plancii
1841 781 2127 856 postulet,
2184 781 2306 840 sed

239 871 385 944 quia
412 883 612 944 neque
633 883 891 929 necesse
919 876 1016 928 est
1043 883 1141 926 me
1159 868 1224 927 id
1250 867 1537 942 persequi
1562 882 1733 939 voce,
1766 865 1933 940 quod
1962 881 2073 924 vos
2096 871 2303 922 mente

235 952 525 1025 videatis,
557 959 619 1012 et
647 953 812 1026 quod
843 952 926 1011 ita
955 952 1032 1011 de
1061 965 1157 1010 me
1183 945 1378 1012 meriti
1410 958 1553 1009 sunt
1586 949 1669 1008 illi
1698 949 1849 1024 ipsi,
1888 963 2043 1022 quos
2066 961 2183 1020 ego
2210 954 2302 1006 te-

235 1045 361 1098 stes
407 1036 588 1095 video
633 1043 910 1110 paratoS,
951 1042 1016 1094 ut
1068 1050 1279 1094 eorum
1322 1031 1861 1108 reprehensionem
1906 1047 2015 1089 vos
2054 1035 2302 1088 vestrae

237 1121 596 1196 prudentiae
619 1120 962 1189 adsumere,
994 1133 1168 1178 meae
1189 1117 1527 1178 modestiae
1552 1116 1855 1175 remittere
1886 1111 2173 1174 debeatis.
2215 1112 2298 1170 Il-

235 1204 338 1263 lud
365 1219 550 1264 unum
573 1218 690 1262 vos
715 1218 933 1276 magno
957 1217 1145 1276 opere
1169 1216 1279 1261 oro
1310 1208 1495 1275 atque
1518 1199 1796 1268 obsecre,
1829 1195 2080 1268 iudiceS,
2110 1211 2303 1270 quum

234 1287 433 1358 huius,
476 1301 656 1360 quem
687 1286 970 1356 delendo,
1000 1293 1124 1345 tum
1144 1282 1482 1345 communis
1514 1281 1767 1356 periculi
1798 1296 2001 1352 causa,
2032 1294 2110 1338 ne
2140 1278 2301 1339 fictis

235 1368 680 1438 auditionibus,
730 1382 809 1426 ne
839 1367 1229 1427 disseminato
1268 1368 1679 1442 dispersoque
1716 1362 1983 1425 sermoni
2024 1365 2302 1422 fortunas

237 1450 648 1510 innocentium
685 1447 1096 1509 subiiciendas
1121 1451 1365 1524 putetis.
1441 1446 1541 1510 57.
1572 1445 1745 1508 Multi
1776 1447 1955 1507 amici
1982 1453 2301 1506 aecusato-

237 1535 357 1605 riS,
399 1548 520 1591 non
555 1531 702 1591 nulli
733 1530 912 1592 etiam
943 1532 1136 1592 nostri
1169 1531 1389 1606 iniqui,
1422 1532 1591 1594 multi
1620 1546 1972 1592 communes
2002 1529 2299 1589 obtrecta-

236 1624 404 1678 tores
434 1623 618 1689 atque
651 1612 915 1675 omnium
943 1614 1129 1674 invidi
1167 1616 1354 1676 multa
1381 1615 1706 1675 finxerunt.
1786 1613 1943 1674 Nihil
1974 1619 2069 1672 est
2096 1619 2301 1675 autem

237 1708 356 1759 tam
397 1701 644 1758 volucre
681 1714 863 1774 quam
903 1697 1316 1758 maledictum:
1362 1698 1505 1757 nihil
1546 1699 1783 1757 facilius
1812 1695 2111 1766 emittitur,
2152 1694 2301 1754 nihil

239 1782 415 1842 citius
447 1782 777 1856 excipitur,
811 1780 987 1841 latius
1017 1779 1371 1856 dissipatur.
1424 1783 1639 1856 Neque
1662 1795 1795 1854 ego,
1828 1779 1885 1840 si
1913 1780 2139 1839 sontem
2173 1793 2293 1837 ma-

239 1866 444 1926 ledicti
483 1866 830 1940 reperietiS,
873 1873 940 1924 ut
979 1863 1297 1939 negligatis
1329 1873 1433 1926 aut
1460 1863 1851 1924 dissimuletis
1880 1878 2167 1937 umquam
2191 1877 2301 1936 po-

240 1949 501 2009 stulabo.
589 1948 712 2008 Sed
740 1948 795 2008 si
833 1947 979 2022 quid
1021 1946 1156 2008 sine
1187 1948 1385 2022 capite
1414 1947 1679 2008 manabit
1717 1955 1821 2007 aut
1842 1945 1987 2022 quid
2026 1943 2143 2004 erit
2166 1943 2299 2003 eius

241 2030 408 2092 modi
436 2039 504 2091 ut
529 2047 650 2092 non
675 2037 874 2090 exstet
902 2037 1142 2104 auctor,
1175 2031 1281 2104 qui
1310 2031 1568 2092 audierit
1612 2036 1714 2090 aut
1744 2030 1825 2090 ita
1850 2027 2165 2103 negligens
2190 2041 2301 2086 voÎ‡

240 2115 336 2173 bis
368 2129 510 2173 esse
549 2112 878 2182 videbitur,
909 2119 976 2171 ut
1005 2113 1164 2171 unde
1193 2113 1453 2175 audierit
1480 2114 1698 2174 oblitus
1728 2111 1837 2184 sit,
1870 2120 1971 2172 aut
1996 2113 2077 2170 ita
2105 2110 2301 2170 levem

241 2195 488 2255 habebit
514 2203 842 2266 auctorem,
872 2202 936 2254 ut
959 2195 1253 2256 memoria
1274 2196 1517 2272 dignum
1552 2211 1673 2256 non
1706 2195 1957 2270 putarit,
1985 2193 2167 2254 huius
2196 2191 2302 2252 illa

241 2295 365 2341 vox
399 2277 664 2353 vulgaris
726 2293 936 2336 Auo1v1
1001 2295 1077 2339 ne
1107 2279 1256 2354 quid
1286 2279 1592 2340 innocenti
1620 2295 1727 2339 reo
1756 2285 1989 2349 noceat,
2034 2292 2299 2337 oramus.

349 2361 558 2420 XXIV.
583 2361 682 2423 58.
709 2360 834 2422 Sed
857 2361 1036 2422 venio
1060 2361 1177 2422 iam
1203 2363 1279 2422 ad
1302 2363 1369 2422 L.
1398 2363 1688 2435 Cassium,
1712 2360 2061 2422 familiarem
2081 2375 2299 2432 meum,

243 2444 417 2505 cuius
451 2461 529 2503 ex
558 2446 830 2506 oratione
857 2461 936 2505 ne
964 2446 1130 2506 illum
1155 2445 1401 2519 quidem
1422 2446 1759 2506 Iuventium
1788 2451 1987 2505 tecum
2005 2450 2299 2518 expostu-

241 2527 389 2600 lavi,
431 2543 612 2601 quem
641 2527 741 2587 ille
770 2527 932 2589 omni
971 2536 1032 2590 et
1059 2528 1429 2589 humanitate
1458 2536 1518 2588 et
1546 2529 1761 2589 virtute
1802 2537 2051 2588 ornatus
2094 2525 2299 2586 adole-

242 2625 424 2670 scens
466 2609 722 2684 primum
764 2613 841 2671 de
884 2613 1059 2686 plebe
1101 2610 1359 2672 aedilem
1402 2613 1669 2671 curulem
1704 2612 1925 2674 sactum
1956 2625 2099 2672 esse
2130 2607 2299 2668 dixit.

241 2693 307 2750 In
339 2709 494 2767 quo,
524 2693 726 2766 Cassi,
767 2694 820 2754 si
848 2695 954 2756 tibi
983 2695 1063 2756 ita
1095 2694 1541 2771 respondeam,
1582 2692 1862 2754 nescisse
1904 2695 1967 2753 id
2007 2692 2303 2768 populum

241 2775 606 2848 Romanum,
638 2791 842 2852 neque
872 2777 1064 2840 fuisse
1109 2778 1212 2854 qui
1254 2777 1319 2838 id
1358 2776 1539 2838 nobis
1597 2784 1898 2846 narraret,
1942 2775 2300 2851 praesertim

244 2865 480 2919 mortuo
517 2859 757 2934 Congo,
805 2877 957 2932 non,
1013 2869 1078 2921 ut
1121 2863 1369 2936 opinor,
1420 2858 1752 2933 admirere,
1796 2876 1979 2934 quum
2010 2875 2125 2932 ego
2166 2856 2304 2932 ipse

243 2956 364 3002 non
411 2941 819 3004 abhorrensa
849 2943 1051 3004 studio
1094 2943 1465 3018 antiquitatis
1506 2959 1605 3002 me
1630 2943 1729 3002 hic
1758 2943 1819 3002 id
1850 2959 1929 3002 ex
1959 2949 2015 3002 te
2045 2939 2302 3016 primum

241 3023 496 3086 audisse
535 3027 847 3086 confitear.
931 3027 1034 3100 Et,
1077 3027 1361 3100 quoniam
1400 3035 1506 3087 tua
1544 3025 1657 3088 fuit
1685 3027 2045 3101 perelegans
2074 3033 2135 3084 et
2163 3039 2301 3097 per-

244 3107 483 3170 subtilis
513 3109 736 3178 oratio,
787 3109 968 3182 digna
1015 3108 1239 3182 equitis
1268 3109 1529 3170 Romani
1556 3110 1654 3169 vel
1680 3109 1882 3170 studio
1913 3111 2013 3168 vel
2043 3107 2300 3182 pudore,

243 3193 650 3266 quoniamque
679 3191 769 3250 sic
805 3192 879 3251 ab
908 3190 1003 3250 his
1036 3206 1106 3250 es
1134 3191 1405 3265 audituS,
1436 3200 1503 3251 ut
1524 3207 1778 3266 magnus
1814 3191 2013 3251 bonos
2046 3198 2107 3250 et
2132 3189 2301 3263 inge-

243 3274 340 3332 nio
371 3283 430 3334 et
460 3273 805 3334 humanitati
837 3282 974 3333 tuae
1001 3272 1391 3348 tribueretur,
1431 3274 1825 3349 respondebo
1870 3273 1951 3332 ad
1985 3287 2108 3343 ea,â´
2142 3288 2305 3346 quae

247 3353 478 3428 dixisti,
521 3373 680 3430 quae
724 3356 1138 3432 pleraquede
1179 3355 1316 3430 ipso
1361 3372 1460 3417 me
1502 3356 1766 3416 fuerunt:
1810 3356 1870 3415 in
1926 3353 2147 3431 quibus
2180 3353 2303 3428 ipsi
