2459 3817
291 136 371 201 10
607 134 751 194 PRO
795 134 960 193 SEX..
986 132 1281 193 'Roscio
1324 132 1669 192 AMERINO
1718 130 2019 217 0RAT19..

292 283 428 342 dem
476 290 873 354 accusaturus
925 290 1090 342 esset
1139 298 1306 353 eum,
1361 298 1540 357 quem
1582 298 1692 355 pro
1737 278 2027 353 dignitate
2080 296 2157 339 ne
2210 281 2341 341 lau-

290 366 437 423 dare
481 363 724 437 quidem
774 362 1096 438 quisquam
1150 363 1300 423 satis
1353 364 1669 424 commode
1710 370 1955 439 posset,
2013 360 2180 423 aiunt
2228 362 2344 422 ho-

287 445 546 518 minem,
599 452 665 507 ut
715 454 844 505 erat
894 444 1190 517 furiosus,
1263 446 1691 521 respondisse,
1759 444 1930 518 quod
1975 460 2097 503 non
2148 451 2345 504 totum

289 527 472 588 telum
514 543 771 603 corpore
809 528 1162 602 recepisset.
1228 527 1358 602 Quo
1398 530 1665 603 populus
1704 530 2017 587 Romanus
2058 524 2205 584 nihil
2250 526 2345 585 vi-

291 608 377 667 dit
418 608 753 683 indigniu8‚
797 606 915 669 nisi
957 610 1235 669 eiusdem·
1275 609 1387 669 viri
1426 618 1709 681 mortem,
1757 626 1915 683 quae
1956 615 2185 668 tantum
2225 624 2344 682 po-

288 689 428 763 tuit,
497 698 563 751 ut
618 706 829 752 omnes
883 690 1049 751 cives
1102 692 1434 765 perdiderit
1490 702 1549 752 et
1598 690 1929 765 adflixerit,
1984 706 2143 765 quos
2192 690 2345 763 quia

290 788 538 833 servare
579 790 690 847 per
720 773 1221 847 compositionem
1253 774 1523 845 volebat,
1563 772 1699 847 ipse
1725 773 1802 832 ab
1832 772 1907 833 iis
1934 773 2341 846 interemptus

290 864 402 915 est.
477 854 579 915 34.
618 856 804 915 Estne
843 855 961 915 hoc
1000 856 1085 914 illi
1119 855 1280 916 dicto
1326 862 1509 930 atque
1540 856 1696 915 facto
1725 854 2063 914 Fimbriano
2104 851 2345 914 similli-

290 942 492 997 mum?
547 936 870 997 Accusatis
903 936 1044 996 Sex.
1072 937 1381 997 Roscium.
1438 936 1593 1009 Quid
1620 936 1745 997 ita?
1773 936 1915 1010 quia
1944 937 2023 995 de
2050 933 2341 996 manibus

288 1019 510 1098 vestris
549 1018 787 1094 effugit=
831 1018 972 1094 quia
1006 1036 1075 1079 se
1117 1018 1314 1080 occidi
1343 1034 1567 1093 passus
1595 1035 1717 1078 non
1746 1027 1858 1078 est.
1918 1018 2067 1078 Illud
2098 1017 2243 1093 quia
2271 1018 2339 1079 in

290 1100 590 1162 Scaevola
619 1100 841 1162 factum
873 1109 994 1173 est,
1036 1101 1228 1175 magis
1256 1100 1567 1174 indignum
1598 1099 1866 1161 videtum
1908 1100 2054 1171 hoc,
2086 1100 2233 1174 quia
2268 1103 2342 1162 fit

288 1200 327 1243 a
356 1183 784 1261 Chrysogono,
828 1200 969 1244 num
1007 1193 1103 1245 est
1145 1184 1501 1243 serendum?
1563 1182 1713 1241 Nam
1747 1198 1859 1256 per
1890 1182 2041 1242 deos
2088 1181 2345 1244 immor·

288 1266 471 1341 taleS,
510 1264 654 1339 quid
693 1264 868 1325 estin
897 1264 1013 1325 hac
1049 1280 1239 1325 causa
1270 1266 1437 1339 quod
1467 1262 1841 1325 defensionis
1876 1263 2180 1339 indigeat?
2228 1265 2337 1341 qui

289 1349 461 1408 locus
523 1348 827 1421 ingenium
880 1347 1118 1421 patroni
1169 1346 1423 1421 requirit
1469 1356 1573 1407 aut
1620 1348 1875 1407 oratoris
1923 1346 2337 1421 eloquentiam

289 1444 506 1503 magno
553 1445 739 1504 opere
780 1429 1129 1489 desiderat?
1183 1424 1394 1489 Totam
1434 1444 1680 1489 causam
1702 1475 1717 1502 ,
1757 1427 2019 1501 iudiceS,
2062 1429 2338 1505 explice-

288 1526 423 1570 mus
446 1518 630 1583 atque
651 1520 790 1571 ante
813 1512 1026 1571 oculos
1050 1509 1390 1583 expositam
1412 1510 1895 1571 consideremus=
1926 1510 2008 1570 ita
2030 1510 2333 1585 facillime,

291 1608 448 1667 quae
486 1608 586 1652 res
633 1600 821 1653 totum
861 1590 1146 1653 iudicium
1185 1592 1492 1653 contineat
1531 1601 1591 1652 et
1630 1592 1851 1667 quibus
1892 1592 1969 1651 de
1997 1593 2180 1653 rebus
2210 1610 2331 1654 nos

291 1674 494 1734 dicere
525 1683 804 1749 oporteat
835 1684 895 1736 et
920 1674 1066 1750 quid
1089 1688 1204 1733 vos
1229 1675 1407 1751 sequi
1436 1673 1758 1735 conveniat
1778 1674 2137 1748 intelligetis.
2171 1676 2330 1735 XIII.

287 1755 386 1818 35.
436 1758 583 1817 Tres
625 1766 766 1819 sunt
804 1774 935 1830 reS,
978 1764 1265 1831 quantum
1307 1772 1421 1832 ego
1451 1755 1794 1817 existimare
1835 1773 2118 1831 possum,
2168 1774 2331 1831 quae

289 1840 529 1900 obstent
569 1840 686 1899 hoc
729 1848 998 1915 tempore
1028 1839 1168 1899 Sex.
1197 1840 1453 1900 Roscio:
1494 1838 1719 1899 crimen
1751 1838 2241 1899 adversariorum
2272 1849 2332 1900 et

286 1922 543 1981 audacia
590 1930 649 1981 et
690 1924 977 1996 potentia.
1038 1922 1314 1983 Crimin1s
1361 1921 1785 1982 confictionem
1828 1929 2149 1982 accusator
2174 1922 2328 1983 Eru-

287 2003 417 2063 cius
435 2004 735 2078 suscepit=
755 2004 1046 2063 audaciae
1066 2012 1274 2079 partes
1296 2004 1503 2065 Roscii
1526 2003 1642 2063 sibi
1666 2012 2111 2079 poposcerunt:
2136 2004 2328 2080 Chry·

287 2101 558 2158 sogonus
600 2092 826 2156 autem,
879 2087 931 2144 is
976 2085 1078 2159 qui
1123 2087 1443 2160 plurimum
1486 2094 1717 2159 potest,
1767 2085 2037 2161 potentia
2073 2096 2325 2159 pugnat.

284 2168 375 2227 De
414 2166 584 2226 hisce
631 2168 908 2226 omnibus
949 2167 1132 2227 rebus
1173 2182 1270 2225 me
1312 2167 1516 2227 dicere
1558 2176 1839 2241 oportere
1880 2168 2163 2243 intelligo.
2221 2169 2324 2231 36.

285 2248 439 2322 Quid
478 2247 658 2323 igitur
705 2254 841 2308 est?
894 2246 1028 2308 Non
1071 2250 1286 2309 eodem
1318 2248 1501 2308 modo
1526 2248 1604 2308 de
1636 2249 1943 2309 omnibus=
1985 2249 2123 2310 ideo
2157 2253 2326 2324 quod

282 2331 476 2408 prima
511 2330 614 2390 illa
646 2346 746 2391 res
787 2332 864 2390 ad
908 2347 1106 2390 meum
1146 2330 1412 2391 officium
1452 2330 1735 2404 pertinet,
1776 2330 1931 2391 duas
1958 2339 2155 2392 autem
2182 2334 2324 2393 reli·
2411 2400 2412 2403 Ἴ

284 2430 437 2487 quas
481 2412 662 2472 vobis
706 2416 970 2488 populus
1000 2414 1312 2472 Romanus
1354 2412 1658 2486 imposuit.
1722 2414 1851 2487 Ego
1883 2413 2107 2474 crimen
2138 2431 2323 2488 opor·

284 2503 367 2555 tet
396 2494 647 2555 diluam=
689 2512 804 2555 vos
848 2504 907 2556 et
932 2494 1225 2555 audaciae
1253 2494 1540 2555 resistere
1569 2502 1629 2555 et
1654 2495 1962 2555 hominum
1990 2496 2123 2557 eius
2152 2497 2322 2557 modi

281 2576 687 2652 perniciosam
736 2586 918 2653 atque
968 2576 1406 2637 intolerandam
1455 2577 1785 2651 potentiam
1834 2577 2027 2653 primo
2073 2594 2322 2654 quoque

281 2668 553 2735 tempore
583 2660 970 2735 exstinguere
999 2667 1181 2736 atque
1212 2656 1553 2733 opprimere
1583 2660 1835 2721 debetis,

442 2740 544 2803 37.
589 2740 900 2803 Occidisse
923 2749 1154 2815 patrem
1184 2740 1327 2801 Sex.
1350 2742 1610 2802 Roscius
1639 2743 1919 2817 arguitur.
1962 2742 2318 2816 Scelestum,

280 2822 339 2883 di
383 2822 774 2896 immortaleS,
827 2839 898 2883 ac
954 2823 1247 2883 nefarium
1287 2825 1520 2883 facinus
1562 2832 1743 2898 atque
1782 2823 1914 2884 eius
1955 2825 2149 2897 modi,
2194 2840 2317 2898 quo

282 2921 402 2965 uno
445 2904 741 2966 maleficio
783 2907 1018 2965 scelera
1051 2905 1254 2966 omnia
1300 2908 1617 2980 complexa
1646 2924 1789 2967 esse
1814 2907 2148 2966 videantur.
2216 2906 2316 2967 Et-

278 2986 438 3046 enim
461 2987 545 3059 si,
573 2986 636 3047 id
667 2987 836 3061 quod
859 2989 1170 3062 praeclare
1197 3005 1235 3047 a
1264 2989 1639 3062 sapientibus
1664 2988 1906 3062 dicitur,
1934 2991 2105 3049 vultu
2126 3004 2317 3063 saepe

279 3068 534 3128 laeditur
558 3068 771 3143 pietas,
799 3069 967 3143 quod
992 3068 1359 3145 supplicium
1384 3070 1532 3131 satis
1558 3086 1698 3131 acre
1720 3070 2055 3145 reperietur
2075 3071 2135 3129 in
2158 3085 2318 3142 eum,

283 3149 388 3227 qui
416 3160 667 3211 mortem
709 3151 988 3212 obtulerit
1025 3151 1289 3226 parenti,
1328 3168 1441 3227 pro
1486 3168 1607 3227 quo
1650 3152 1801 3214 mori
1843 3154 2073 3227 ipsum,
2119 3151 2172 3213 si
2212 3168 2317 3212 res
2405 3156 2406 3194 i

278 3234 640 3307 postularet,
680 3234 810 3293 iura
836 3233 1042 3293 divina
1070 3242 1255 3310 atque
1281 3234 1542 3295 humana
1570 3236 1910 3309 cogebant?
1964 3232 2065 3295 38.
2099 3235 2167 3294 In
2196 3234 2313 3294 hoc

277 3322 470 3388 tant0,
507 3324 626 3375 tam
654 3316 873 3390 atroci,
906 3324 1026 3377 tam
1056 3313 1347 3391 singulari
1377 3317 1703 3388 maleficio,
1746 3318 1911 3392 quod
1937 3316 2019 3377 ita
2039 3332 2179 3378 raro
2206 3332 2313 3377 ex-
2402 3366 2404 3401 Ι
