2459 3817
510 167 675 229 cAP.
701 175 963 232 23--26-
994 173 1045 233 S.
1073 174 1336 230 59—65.
1865 170 1976 236 141

0 325 351 393 :mentoque
400 327 753 394 acceperat,
796 317 1169 378 lucrabatur.
1247 317 1337 378 lta
1397 327 1694 392 quaestus
1751 320 1982 395 duplex

0 401 109 462 dus
148 399 465 478 missionis
506 401 709 462 fiebat.
781 403 987 476 Atque
1029 399 1183 460 haec
1224 399 1408 461 homo
1442 399 1892 464 amentissimus
1922 400 1983 462 in

0 492 90 545 nto
133 484 515 560 praedonum
552 482 783 558 impetu
843 493 1139 561 tantoque
1190 481 1464 558 periculo
1503 483 1860 560 provinciae
1889 483 1983 544 sic

0 569 125 628 :am
147 565 455 640 iaciebat,
504 575 571 627 ut
599 565 811 642 stipsi
837 567 1187 642 praedones
1216 564 1445 628 scirent
1486 576 1550 628 et
1581 575 1708 628 tota
1735 565 1981 643 provin-

0 667 20 711 ι
46 651 223 712 testis
248 657 441 710 esset.

88 731 193 794 63.
230 731 423 806 Quum
452 739 706 808 propter
731 730 909 793 istius
944 729 1107 792 hanc
1126 731 1441 794 avaritiam
1479 731 1723 793 nomine
1761 732 1980 796 classis

0 824 93 877 set
122 817 183 876 in
207 814 433 889 Sicilia,
462 827 531 875 re
556 815 805 898 quidem
839 827 983 876 vera
1012 831 1203 876 naves
1231 813 1464 888 inanes,
1493 831 1652 891 quae
1685 817 1976 891 praedam

0 897 222 975 actori,
262 908 403 958 non
456 910 617 974 quae
671 897 1086 972 praedonibus
1126 906 1351 958 metum
1390 898 1728 970 adferrent,
1773 906 1978 960 tamen

0 997 113 1043 mm
149 981 215 1056 P.
250 979 575 1042 Caesetius·
604 990 669 1042 et
705 980 772 1040 P.
800 979 1027 1042 Tadius
1066 983 1282 1042 decem
1319 979 1584 1043 navibus
1623 980 1758 1042 suis
1796 981 1976 1042 semi-

0 1067 126 1126 enis
153 1064 540 1138 navigamnt,
572 1077 791 1144 nam
819 1065 1129 1138 quandam
1156 1061 1506 1139 piratarum,
1534 1063 1766 1138 praeda
1791 1065 1978 1124 rerer-

0 1161 79 1221 rn,
133 1161 255 1208 non
296 1155 623 1221 oeperunt,
670 1147 785 1206 sed
812 1147 1224 1218 abduxerunt,
1267 1161 1456 1207 onere
1499 1163 1614 1208 suo
1655 1146 1838 1221 plane
1879 1163 1968 1208 ca-

0 1241 94 1289 am
133 1235 317 1304 atque
360 1229 737 1304 depressam.
794 1229 937 1289 Erat
975 1245 1049 1290 ea
1077 1227 1254 1290 navis
1285 1231 1468 1304 plena
1493 1227 1826 1292 iuventutis
1856 1231 1976 1290 tor-

0 1309 345 1383 osissimae,
399 1313 581 1386 plena
624 1310 859 1386 argenti
905 1310 1047 1372 facti
1086 1319 1270 1386 atque
1309 1310 1558 1386 signati,
1609 1313 1798 1373 muita
1836 1329 1974 1374 cum

0 1395 197 1470 vagula
234 1399 424 1454 veste.
480 1393 655 1455 Hanc
694 1407 817 1454 una
856 1395 1031 1455 navis
1070 1409 1109 1454 a
1152 1391 1356 1456 classe
1391 1404 1606 1458 nostra
1639 1411 1762 1458 non
1797 1405 1975 1472 capta

0 1486 48 1552 t,
91 1477 207 1539 sed
251 1477 498 1539 inventa
528 1477 609 1538 ad
636 1477 1033 1552 Megaridem,
1090 1477 1197 1554 qui
1231 1477 1408 1540 locus
1452 1489 1548 1540 est
1573 1495 1696 1540 non
1727 1480 1914 1555 longe·
1938 1496 1975 1538 a

0 1561 275 1631 (racusis.
348 1559 524 1634 Quod
570 1559 675 1622 ubi
720 1559 821 1622 isti
864 1559 1201 1624 nuntiatum
1263 1570 1386 1634 est,
1430 1561 1672 1624 tametsi
1723 1561 1784 1622 in
1837 1571 1973 1624 acta

0 1656 66 1704 tm
103 1643 477 1704 mulierculis
516 1644 755 1704 iacebat
794 1644 997 1706 ebrius
1012 1689 1027 1717 ,
1084 1643 1280 1706 erexit
1319 1659 1390 1705 se
1427 1653 1630 1706 tamen
1673 1651 1734 1705 et
1773 1645 1973 1704 statim

0 1726 239 1788 taestori
267 1729 593 1801 teg-stoque
622 1741 749 1788 suo·
764 1728 1061 1788 custodes
1088 1726 1254 1787 misit
1281 1729 1650 1802 complures,
1680 1733 1746 1786 ut
1771 1725 1974 1786 omnia

0 1809 42 1868 Ji
103 1807 338 1884 integra
387 1822 571 1882 quam
617 1808 876 1884 primum
927 1809 1375 1870 exhiberentur.
1460 1807 1562 1870 64.
1629 1808 1974 1882 Apponitur

0 1890 101 1952 ,vis
132 1893 506 1969 Syracusas=
538 1898 927 1965 exspectatur
952 1891 1029 1951 ab
1056 1891 1344 1951 omnibus
1369 1887 1754 1965 supplicium.
1832 1891 1973 1964 Iste,

0 1974 103 2035 [asi
133 1975 365 2049 praeda
392 1973 509 2033 sibi
538 1973 824 2044 advecta,
870 1987 992 2033 non
1034 1969 1456 2048 praedonibus
1493 1973 1718 2048 captis,
1767 1971 1823 2034 si
1867 1973 1972 2049 qui

0 2073 110 2116 nes
140 2063 244 2117 aut
271 2051 579 2116 deformes
606 2063 797 2130 erant,
825 2069 937 2116 eos
968 2055 1029 2116 in
1059 2053 1326 2117 hostium
1353 2071 1604 2118 numero
1635 2057 1830 2118 ducitz
1865 2054 1972 2132 qui

0 2138 155 2215 ¹quid
192 2140 438 2212 formae,
467 2136 682 2200 aetatis
712 2137 1073 2214 artificiique
1100 2137 1430 2214 habebant,
1459 2139 1707 2202 abducit
1735 2157 1967 2213 omnes,
2066 2185 2074 2193 ,

0 2239 43 2282 »n
74 2223 276 2284 nullos
309 2219 549 2295 scribis,
581 2220 706 2282 fflio
738 2221 1097 2298 cohortique
1125 2221 1458 2284 distribuit:
1489 2223 1970 2299 symphoniacos

0 2304 201 2366 mines
232 2317 347 2365 sex
375 2303 613 2365 cuidam
654 2303 851 2366 amico
893 2317 1007 2366 suo
1036 2306 1292 2366 Romam
1320 2305 1552 2367 muneri
1591 2304 1772 2366 misit.
1833 2305 1970 2366 Nox

0 2404 26 2447 a
67 2396 189 2449 tota
244 2386 305 2446 in
352 2386 765 2450 exinaniunda
818 2404 975 2448 nave
1018 2389 1416 2449 consumitur.
1525 2387 1964 2463 Archipiratam

0 2487 123 2532 sum
150 2469 318 2532 videt
346 2475 545 2545 nemo,
574 2471 653 2531 de
697 2487 824 2546 quo
852 2470 1219 2546 supplicium
1253 2473 1408 2532 sumi
1443 2470 1727 2547 oportuit.
1771 2471 1968 2532 Hodie

0 2567 137 2614 ines
160 2552 251 2614 sic
278 2551 763 2628 habent—quid
788 2552 921 2614 eius
952 2553 1033 2616 sit
1052 2569 1171 2615 vos
1200 2554 1550 2616 coniectura
1577 2553 1836 2630 adsequi
1860 2555 1963 2615 de-

2 2635 77 2698 tis
90 2668 193 2710 -,
216 2635 403 2697 istum
426 2637 581 2696 clam
606 2653 644 2696 a
672 2635 880 2710 piratis
909 2638 991 2698 ob
1014 2637 1175 2698 hunc
1196 2636 1620 2713 archipIratam
1644 2636 1966 2712 pecuniam

0 2717 262 2795 cepisse.
328 2719 541 2781 XXVI.
594 2718 697 2781 65.
762 2718 1119 2782 Coniectura
1148 2728 1260 2781 est.
1343 2721 1539 2781 ludex
1581 2737 1726 2782 esse
1764 2721 1965 2781 bonus

2 2819 101 2864 mo
135 2809 365 2876 potest,
412 2800 517 2878 qui
546 2800 904 2878 suspicione
930 2811 1097 2866 certa
1130 2819 1254 2865 non
1295 2811 1590 2864 movetur.
1646 2803 1964 2866 Hominem

4 2883 147 2957 stis,
183 2884 688 2948 consuetudinem
718 2885 987 2946 omnium
1021 2884 1271 2960 tenetis,
1317 2885 1423 2961 qui
1455 2886 1676 2948 ducem
1705 2887 1955 2962 praedo-

0 2983 62 3027 m
94 2973 197 3028 aut
225 2967 489 3030 hostium
518 2967 765 3044 ceperit,
798 2985 979 3044 quam
1002 2969 1258 3030 libenter
1279 2985 1418 3031 eum
1436 2972 1636 3046 palam
1657 2980 1798 3033 ante
1821 2987 1961 3032 ocu-

0 3068 15 3110 ς
52 3050 318 3114 omnium
346 3064 491 3112 esse
518 3051 797 3127 patiatur.
854 3050 1173 3114 Hominem
1211 3051 1274 3112 in
1319 3061 1480 3114 tanto
1511 3063 1815 3116 conventu
1849 3054 1960 3130 Sy·

0 3131 158 3196 cusis
188 3131 311 3194 vidi
338 3134 657 3208 neminem,
688 3134 939 3209 iudiceS,
976 3135 1081 3212 qui
1110 3135 1532 3213 archipiratam
1557 3145 1796 3212 captum
1822 3150 1963 3194 sese

0 3215 152 3278 iisse
182 3215 437 3291 diceret,
472 3233 657 3292 quum
686 3233 930 3293 omnes„
961 3227 1027 3280 ut
1048 3232 1181 3280 mos
1202 3227 1328 3293 est,
1361 3229 1430 3280 ut
1449 3221 1607 3282 solet
1627 3217 1788 3287 fleri,
1819 3233 1960 3277 con-

0 3307 260 3374 rrerent,
313 3308 702 3376 quaererent,
761 3301 971 3362 videre
1018 3311 1328 3378 cuperent.
1399 3302 1554 3376 Quid
1593 3298 1816 3360 accidit
1855 3316 1963 3360 cur

0 3386 83 3442 tto
114 3396 301 3459 opere
332 3385 447 3444 iste
474 3383 657 3445 homo
699 3384 1130 3458 occultaretur,
1162 3392 1226 3445 ut
1259 3397 1397 3444 eum
1431 3399 1508 3442 ne
1539 3399 1686 3443 essu
1717 3381 1959 3456 quidem
