2459 3817
276 157 402 225 262
545 162 623 222 IN
644 164 728 223 Μ.
758 162 1159 225 ANTONIUM
1190 162 1472 224 ORATIO
1503 164 1927 241 PHILIPPICA
1953 164 2116 225 xlv.

272 315 506 389 Quanto
549 311 709 373 enim
748 312 1013 386 honore,
1060 311 1312 387 laetitia,
1357 312 1756 389 gratulatione
1795 312 1856 374 in
1889 316 2007 377 hoc
2047 316 2348 391 templum
2424 368 2425 377 ,

272 395 507 472 ingredi
534 397 759 456 debent
784 394 868 454 illi
898 397 1015 471 ipsi
1036 395 1221 457 huius
1246 396 1414 457 urbis
1444 397 1817 469 liberatores,
1841 416 2025 473 quum
2051 398 2350 459 hesterno
2424 388 2425 419 *

272 480 371 540 die
394 485 650 556 propter
673 494 883 539 eorum
907 493 1007 537 res
1023 487 1231 553 gestas
1249 495 1345 539 me
1369 486 1652 539 ovantem
1667 487 1726 539 et
1749 496 1944 555 prope
1969 480 2352 555 triumphan-

271 572 390 623 tem
433 561 703 637 populus
734 562 1047 621 Romanus
1088 560 1147 619 in
1180 560 1539 635 Capitolium
1584 562 1767 622 domo
1807 563 2039 635 tulerit,
2091 564 2354 623 domum

269 645 414 705 inde
463 642 847 703 reduxerim·
897 640 996 704 13.
1050 644 1112 702 ls
1161 643 1321 703 enim
1350 644 1593 705 demum
1623 652 1718 705 est
1761 659 1896 705 mea
1928 646 2179 720 quidem
2211 662 2353 706 sen-

271 724 455 787 tentia
504 724 701 785 iustus
740 725 1079 801 triumphus
1119 741 1204 803 a.
1222 741 1435 798 veruS,
1467 744 1652 801 quum
1692 727 1851 789 bene
1882 729 1961 787 de
1996 743 2067 787 re
2096 728 2354 801 publica

272 806 501 869 meritis
529 807 939 868 testimonium
968 824 1004 867 a
1031 824 1341 869 consensu
1372 808 1629 869 civitatis
1653 810 1848 869 datur.
1931 811 2085 869 Nam
2120 808 2264 870 sive
2293 811 2352 870 in

276 889 581 952 communi
610 890 834 965 gaudio
870 890 1084 967 populi
1107 890 1367 951 Romani
1397 891 1502 952 uni
1535 892 2021 967 gratulabantur,
2054 908 2352 968 magnum

273 973 581 1047 iudicium,
612 972 745 1033 sive
776 974 880 1033 uni
907 975 1130 1047 gratias
1161 974 1448 1049 agebant,
1477 990 1552 1035 eo
1581 972 1796 1050 maiuS,
1833 974 1968 1035 sive
1995 982 2350 1049 utrumque,

275 1057 422 1117 nihil
455 1054 941 1131 magnificentius
974 1055 1305 1131 excogitari
1339 1064 1560 1131 potest.
2424 1122 2425 1125 Ἴ

396 1140 485 1198 Τιι
512 1138 691 1213 igitur
722 1138 857 1213 ipse
890 1140 967 1198 de
996 1146 1095 1200 te?
1141 1136 1362 1199 dixerit
1392 1138 1712 1213 quispiam.
1765 1138 2065 1215 Equidem
2097 1138 2349 1216 invituS,
2424 1130 2425 1141 ¹

276 1222 389 1292 sed
418 1220 672 1283 iniuriae
696 1222 874 1281 dolor
902 1221 1045 1283 lacit
1066 1238 1163 1281 me
1194 1230 1434 1297 praeter
1454 1221 1956 1283 consuetudinem
1983 1225 2348 1299 gloriosum.

274 1302 489 1366 Nonne
520 1302 669 1365 satis
711 1312 806 1365 est
845 1305 921 1364 ab
964 1304 1310 1364 hominibus
1355 1304 1588 1365 virtutis
1631 1304 1860 1379 ignaris
1887 1308 2146 1381 gratiam
2187 1308 2347 1367 bene

275 1387 649 1448 merentibus
684 1403 805 1447 non
835 1387 1093 1447 referri?
1174 1388 1367 1447 Etiam
1396 1387 1457 1446 in
1489 1404 1630 1461 eoS,
1675 1389 1778 1463 qui
1810 1403 2026 1449 omnes
2060 1406 2214 1451 suas
2247 1407 2342 1450 eu·
2423 1440 2426 1477 λ

276 1472 470 1531 rasin
512 1472 603 1530 rei
632 1472 919 1547 publicae
959 1476 1157 1531 salute
1188 1472 1495 1547 defigunt,
1535 1470 1874 1544 impensius
1919 1470 2149 1529 crimen
2190 1470 2344 1528 invi·
2424 1490 2425 1497 ¹

285 1552 511 1629 diaque
540 1556 914 1628 quaeretur?
984 1558 1077 1615 14.
1124 1552 1306 1613 Scitis
1352 1552 1513 1613 enim
1548 1568 1664 1627 per
1704 1552 1822 1611 hos
1868 1552 2000 1611 dies
2047 1552 2344 1612 creberri-

278 1652 441 1696 mum
475 1636 668 1697 fuisse
690 1652 1057 1707 sermonem,
1080 1653 1179 1695 me
1210 1634 1531 1704 Parilibus,
1564 1634 1666 1707 qui
1691 1634 1823 1693 dies
1849 1634 2036 1693 hodie
2059 1644 2171 1705 est,
2206 1650 2346 1695 cum

278 1719 547 1781 fascibus
590 1720 1049 1779 descensurum.
1136 1719 1203 1776 In
1240 1718 1502 1793 aliquem
1548 1717 1733 1777 credo
1782 1716 1901 1776 boc
1941 1716 2340 1790 gladiatorem
2424 1770 2425 1795 ἦ

281 1811 382 1863 aut
409 1805 702 1863 latronem
734 1810 838 1861 aut
870 1800 1182 1861 Catilinam
1239 1815 1380 1859 esse
1425 1801 1740 1873 collatum,
1781 1814 1903 1857 non
1934 1800 1995 1857 in
2029 1802 2340 1871 eum,un
2424 1800 2425 1853 ζ

281 1901 355 1945 ne
386 1884 532 1959 quid
566 1886 684 1945 tale
720 1883 779 1942 in
810 1900 878 1943 re
907 1883 1155 1960 publica
1182 1881 1312 1942 fieri
1345 1890 1559 1958 posset
1583 1880 1871 1941 effecerit.
1957 1882 2053 1939 An
2095 1888 2162 1941 ut
2205 1898 2340 1955 ego,

282 1967 384 2045 qui
408 1966 716 2027 Catilinam
748 1966 899 2025 haec
925 1964 1272 2026 molientem
1301 1963 1678 2036 sustulerim,
1705 1962 2054 2035 everterint,
2086 1962 2342 2023 adflixe-

277 2050 422 2125 rim,
476 2050 613 2123 ipse
662 2048 1021 2109 exsisterem
1083 2056 1338 2123 repente
1387 2010 1678 2107 Catilinav’
1762 2045 1992 2119 Quibus
2042 2043 2343 2120 auspiciis

278 2134 432 2193 istos
466 2134 668 2193 fasces
699 2146 893 2206 augur
919 2131 1304 2207 acciperem?
1333 2136 1630 2205 quatenus
1659 2129 1988 2189 haberem?
2017 2128 2118 2189 cui
2143 2130 2344 2189 trade·

276 2218 451 2275 rein?
537 2214 991 2310 Quemquamne
1023 2214 1215 2275 fuisse
1247 2222 1368 2273 tam
1392 2215 1750 2273 sceleratum
1784 2211 1887 2286 qui
1916 2212 2036 2272 hoc
2061 2212 2342 2298 fingeret,

277 2306 400 2359 tam
442 2296 736 2356 furiosum
780 2296 884 2371 qui
930 2298 1246 2357 crederet?
1327 2294 1506 2355 Unde
1546 2294 1729 2369 igitur
1764 2294 1880 2355 ista
1922 2290 2188 2369 suspitio
2247 2293 2344 2356 vel

280 2380 485 2454 potius
512 2379 675 2437 unde
706 2380 821 2439 iste
849 2387 1093 2439 sermo?
1174 2380 1278 2437 VI.
1325 2374 1426 2441 15.
1471 2378 1696 2453 Quum,
1735 2384 1802 2438 ut
1836 2375 2035 2449 scitis,
2078 2376 2203 2436 hoe
2244 2376 2344 2436 tri

282 2464 405 2521 duo
439 2461 539 2519 vel
571 2460 912 2534 quadriduo
941 2461 1127 2522 tristis
1157 2478 1195 2521 a
1218 2460 1454 2521 Mutina
1489 2462 1648 2520 fama
1676 2469 1960 2532 manaret,
1995 2456 2190 2531 inflati
2221 2458 2342 2517 lae·

278 2544 408 2605 titia
438 2549 622 2617 atque
655 2541 979 2604 insolentia
1012 2543 1178 2618 impii
1210 2546 1381 2604 cives
1413 2561 1598 2604 unum
1629 2560 1699 2617 se
1727 2542 1785 2602 in
1823 2544 2041 2617 locum,
2072 2541 2151 2601 ad
2181 2540 2341 2601 illam
2424 2566 2425 2569 ¹

283 2628 513 2689 curiam
564 2624 839 2701 partibus
888 2626 1093 2700 potius
1143 2624 1275 2687 suis
1337 2642 1518 2699 quam
1565 2626 1655 2685 rei
1704 2626 1984 2700 publicae
2038 2623 2342 2683 infelicem

283 2710 753 2785 congregabant.
838 2709 926 2768 Ibi
995 2724 1182 2781 quum
1231 2708 1491 2768 consilia
1542 2708 1760 2768 inirent
1791 2708 1871 2766 de
1913 2707 2102 2767 caede
2133 2714 2342 2767 nostra

280 2792 767 2867 partirenturque
795 2790 951 2851 inter
979 2807 1049 2851 se
1078 2790 1182 2866 qui
1218 2790 1609 2867 Capitolium,
1643 2790 1747 2864 qui
1778 2796 2010 2862 rostra,
2043 2788 2147 2863 qui
2171 2785 2340 2849 urbis

280 2884 491 2950 portas
522 2882 920 2948 occuparent,
953 2874 1031 2934 ad
1060 2890 1158 2933 me
1190 2890 1557 2935 concursum
1587 2874 1848 2934 futurum
1881 2871 2140 2932 civitatis
2175 2879 2342 2946 puta-

282 2959 448 3017 bant.
534 2958 712 3031 Quod
755 2964 823 3017 ut
868 2972 1007 3016 cum
1047 2956 1279 3015 invidia
1316 2972 1454 3015 mea
1495 2957 1670 3017 fieret
1710 2964 1770 3016 et
1807 2970 1943 3015 cum
1972 2953 2134 3013 vitae
2164 2953 2341 3013 etiam
2424 2994 2425 3031 ;

284 3037 589 3115 periculo,
622 3040 842 3098 famam
865 3035 1043 3099 istam
1075 3038 1329 3099 fascium
1361 3038 1844 3113 dissipaveruntt
1877 3039 2082 3097 fasces
2114 3034 2238 3111 ipsi
2265 3034 2342 3093 ad
2424 3036 2425 3097 ἶ

282 3138 382 3182 me
414 3120 667 3181 delaturi
692 3122 951 3182 luerunt.
1038 3121 1214 3195 Quod
1247 3138 1432 3197 quum
1463 3129 1632 3181 esset
1663 3118 1842 3197 quasi
1868 3134 2003 3182 mea
2033 3120 2342 3179 voluntate
2424 3118 2425 3201 ᾗ

284 3204 539 3277 factum,
579 3211 703 3263 tum
731 3204 791 3263 in
828 3221 923 3263 me
954 3204 1215 3279 impetus
1254 3206 1691 3266 conductorum
1723 3201 2032 3265 hominum
2075 3202 2254 3278 quasi
2280 3199 2340 3259 in
2424 3202 2425 3279 J

286 3294 609 3361 tyrannum
637 3286 991 3361 parabatur:
1044 3302 1121 3345 ex
1159 3302 1281 3360 quo
1315 3286 1538 3346 caedes
1579 3294 1748 3347 esset
1778 3292 2047 3345 vestrum
2079 3283 2342 3344 omnium

290 3374 639 3429 consecuta.
727 3367 893 3440 Qua-e
933 3384 1038 3427 res
1075 3367 1388 3442 patefecit,
1428 3374 1631 3443 patres
1663 3364 2020 3443 conscripti,
2063 3370 2186 3427 sed
2231 3380 2341 3427 suo
2424 3384 2425 3387 ¹
