2459 3817
477 0 2450 51 fi·—

785 202 948 261 cAP.
987 210 1247 262 20—22.
1292 208 1345 267 s.
1375 209 1635 263 66-71,
2167 194 2247 257 61

201 352 552 412 defendere.
627 350 726 411 68.
765 351 897 409 Hoc
926 350 1133 410 timent
1165 349 1474 422 homineS,
1509 349 1627 409 hoc
1659 349 1963 419 laborant,
2007 350 2124 409 hoc
2154 350 2243 409 in-

200 433 372 495 stitui
411 442 597 507 atque
640 433 796 492 adeo
835 433 1168 492 institutum
1207 430 1422 491 referri
1460 446 1533 489 ac
1560 431 1840 491 renovari
1870 433 2124 491 moleste
2158 433 2237 491 fe—

197 525 368 576 runt=
410 523 626 589 putant
653 516 784 573 fore
809 523 904 586 ut,
950 515 1004 573 si
1046 512 1356 588 paullatim
1392 514 1545 573 haec
1582 515 1963 573 consuetudo
1993 530 2243 587 serpere

198 614 275 657 ac
321 597 570 671 prodire
613 596 910 669 coeperit,
969 613 1082 670 per
1123 595 1401 657 homines
1438 594 1909 655 honestissimos
1950 595 2241 669 virosque

199 679 598 750 fortissimoS,
655 694 776 737 non
828 678 1140 750 imperitos
1193 677 1685 738 adolescentulos
1725 686 1829 738 aut
1866 676 2028 737 illius
2078 676 2241 737 modi

199 762 712 837 quadruplatores
743 761 910 833 leges
941 759 1291 833 iudiciaque
1320 758 1828 820 administrentur.
1908 757 2011 819 69.
2056 759 2241 819 Cuius

197 841 661 903 consuetudinis
695 850 878 914 atque
910 840 1161 901 instituti
1191 850 1399 915 patres
1428 842 1814 916 maioresque
1846 850 2089 903 nostros
2118 858 2241 901 non

195 924 552 999 poenitebat
580 933 704 984 tum
722 968 737 995 ,
782 940 966 997 quum
1005 923 1067 982 P.
1093 923 1416 996 LentuluS,
1458 922 1512 983 is
1542 922 1646 997 qui
1674 923 1962 997 princeps
1992 932 2240 985 senatus

195 1008 336 1080 fuit,
389 1006 716 1065 accusabat
755 1006 852 1063 Μ’.
882 1004 1190 1079 Aquilium
1274 1004 1691 1078 subscriptore
1719 1006 1780 1065 C.
1813 1004 2035 1065 Rutilio
2062 1007 2240 1076 Rufo,

195 1098 304 1149 aut
337 1106 522 1165 quum
547 1088 610 1147 P.
641 1087 994 1160 Africanus,
1023 1088 1204 1147 homo
1238 1086 1480 1158 virtute,
1510 1089 1775 1158 fortuna,
1806 1087 2027 1161 gloria,
2057 1088 2242 1146 rebus

193 1171 390 1245 gestis
411 1169 820 1244 amplissimus
837 1215 852 1241 ‚
876 1180 1094 1244 postea
1117 1186 1299 1243 quam
1326 1170 1421 1228 bis
1456 1170 1673 1229 consul
1693 1178 1755 1229 et
1781 1184 2004 1229 censor
2030 1170 2243 1242 suerat,

193 1254 266 1312 L.
301 1253 524 1312 Cottam
559 1253 618 1310 in
655 1251 944 1311 iudicium
966 1252 1241 1310 vocabat.
1288 1252 1424 1309 lure
1452 1259 1576 1310 tum
1602 1251 1860 1312 florebat
1886 1252 2099 1325 populi
2120 1252 2237 1311 Ro·

193 1334 364 1394 mani
391 1350 638 1411 nomen:
686 1333 818 1392 iure
857 1332 1185 1393 auctoritas
1217 1332 1397 1391 huius
1426 1331 1664 1407 imperii
1698 1332 2083 1407 civitatisque
2117 1350 2239 1391 ma-

191 1418 384 1477 iestas
417 1415 620 1490 gravis
663 1416 1015 1475 habebatur.
1087 1414 1275 1475 Nemo
1316 1414 1641 1474 mirabatur
1684 1416 1747 1473 in
1786 1415 2079 1475 Africano
2117 1415 2241 1487 illo,

193 1501 362 1573 quod
386 1498 446 1557 in
469 1515 566 1557 me
588 1514 749 1557 nune
766 1542 781 1569 ,
814 1497 1055 1557 homine
1087 1495 1292 1570 parvis
1316 1496 1537 1570 opibus
1558 1512 1633 1557 ac
1656 1498 2039 1559 facultatibus
2066 1514 2241 1573 prae-

192 1583 352 1652 dit0,
389 1582 670 1641 simulant
699 1596 842 1640 sese
876 1580 1107 1649 mirari,
1154 1596 1337 1652 quum
1368 1582 1624 1639 moleste
1654 1581 1868 1640 ferunt.
1940 1577 2041 1641 70.
2085 1580 2241 1652 Quid

192 1662 314 1723 sibi
341 1662 456 1723 iste
487 1665 655 1739 vult?
681 1670 1180 1722 accusatoremne
1209 1678 1281 1721 se
1300 1661 1659 1734 existimari,
1693 1661 1797 1736 qui
1819 1672 1997 1721 antea
2030 1664 2239 1721 defen-

193 1747 342 1805 dere
371 1753 724 1813 consuerat,
755 1760 917 1804 nunc
947 1744 1331 1817 praesertim,
1362 1760 1438 1803 ea
1464 1743 1583 1802 iam
1604 1750 1832 1811 aetate,
1866 1760 2049 1817 quum
2074 1744 2240 1801 aedi·

188 1827 418 1887 litatem
445 1835 608 1901 petat
625 1834 654 1884 ‘e
689 1826 820 1901 Ego
843 1840 990 1887 vero
1013 1834 1073 1885 et
1099 1825 1313 1885 aetatis
1337 1842 1457 1885 non
1480 1825 1663 1885 modo
1686 1841 1884 1895 meae,
1915 1826 2029 1883 sed
2056 1827 2239 1885 multo

188 1909 375 1968 etiam
417 1908 749 1981 superioris
797 1917 858 1967 et
900 1906 1150 1967 honoris
1197 1906 1554 1980 amplissimi
1590 1914 1739 1979 puto
1783 1920 1923 1965 esse
1964 1916 2023 1965 et
2060 1922 2239 1965 accu-

188 2008 335 2051 sare
362 1988 676 2062 improbos
700 1998 760 2049 et
787 1990 1043 2049 miseros
1077 1988 1589 2061 calamitososque
1613 1988 1958 2047 defendere.
2005 1988 2079 2046 Et
2099 2005 2239 2062 pro-

191 2074 358 2132 fecto
389 2079 494 2129 aut
521 2070 638 2129 hoc
666 2071 996 2131 remedium
1041 2080 1136 2131 est
1163 2070 1500 2144 aegrotanti
1534 2086 1607 2130 ac
1638 2086 1833 2145 prope
1875 2071 2237 2145 desperatae

189 2153 285 2212 rei
320 2151 600 2225 publicae
641 2152 1002 2228 iudiciisque
1033 2153 1335 2227 corruptis
1368 2162 1427 2211 et
1456 2152 1874 2212 contaminatis
1902 2169 2238 2228 paucorum

192 2234 342 2294 vitio
374 2250 447 2293 ac
494 2234 890 2308 turpitudine,
941 2234 1218 2296 homines
1258 2235 1338 2293 ad
1383 2237 1583 2309 legum
1624 2235 2043 2296 defensionem
2082 2234 2235 2293 iudi-

187 2318 550 2390 ciorumque
576 2316 993 2377 auctoritatem
1026 2332 1207 2390 quam
1233 2315 1700 2376 honestissimos
1729 2325 1788 2376 et
1815 2316 2236 2389 integerrimos

187 2398 819 2473 diligentissimosque
837 2400 1162 2469 accedere,
1195 2408 1300 2457 aut
1330 2398 1383 2457 si
1408 2416 1483 2457 ne
1513 2399 1630 2458 hoc
1661 2398 1907 2472 quidem
1935 2397 2237 2472 prodesse

189 2480 445 2556 poterit,
497 2482 772 2554 profecto
806 2482 972 2540 nulla
1003 2498 1291 2554 umquam
1320 2481 1619 2540 medIcina
1647 2480 1744 2539 his
1788 2487 1874 2539 tot
1907 2479 2235 2539 incommo-

187 2563 288 2623 dis
318 2562 672 2636 reperietur.
731 2559 828 2623 71.
871 2562 1045 2622 Nulla
1076 2565 1243 2622 salus
1272 2562 1361 2621 rei
1391 2562 1671 2636 publicae
1704 2561 1897 2621 maior
1931 2571 2027 2622 est
2055 2578 2237 2635 quam

186 2661 334 2715 eOS‚
371 2644 474 2717 qui
507 2646 762 2704 alterum
795 2654 1116 2714 accusant,
1147 2660 1269 2703 non
1300 2644 1499 2704 minus
1535 2645 1613 2703 de
1642 2644 1847 2713 laude,
1880 2644 1958 2702 de
1986 2644 2237 2716 honore,

183 2728 268 2786 de
299 2728 460 2786 fama
490 2742 602 2785 sua
635 2742 816 2801 quam
853 2726 1020 2790 illos.
1052 2727 1156 2801 qui
1185 2735 1575 2796 accusantur,
1610 2726 1685 2784 de
1718 2726 1917 2799 capite
1947 2741 2018 2784 ac
2054 2731 2237 2785 sortu-

186 2808 288 2867 nis
323 2808 456 2868 suis
486 2808 935 2881 pertimescere.
990 2809 1202 2883 ltaque
1244 2825 1485 2882 semper
1513 2808 1554 2867 ii
1584 2806 2040 2881 diligentissime
2069 2808 2235 2867 labo-

184 2889 656 2964 riosissimeque
686 2900 1078 2961 accusarunt,
1135 2890 1240 2964 qui
1279 2908 1346 2950 se
1379 2890 1553 2963 ipsos
1584 2890 1644 2949 in
1676 2889 1999 2950 discrimen
2032 2889 2236 2949 existi·

185 2972 471 3032 mationis
501 2972 711 3031 venire
747 2971 1014 3031 arbitrati
1043 2982 1200 3033 sunt.

354 3054 533 3113 XXII.
565 3053 970 3126 Quamobrem
994 3053 1112 3113 hoc
1142 3062 1425 3125 statuere,
1451 3053 1702 3127 iudices,
1727 3054 1991 3127 debetiS‚
2007 3060 2073 3127 Q.
2092 3055 2237 3113 Cae-

183 3136 409 3209 cilium,
437 3136 513 3196 de
531 3153 651 3209 quo
670 3138 831 3196 nulla
847 3152 1130 3209 umquam
1146 3137 1351 3211 opinio
1368 3136 1547 3196 suerit
1571 3139 1855 3211 nullaque
1878 3136 1939 3195 in
1952 3137 2069 3195 hoc
2097 3135 2235 3209 ipso

182 3217 414 3277 iudicio
448 3217 825 3292 exspectatio
851 3221 1052 3278 futura
1076 3218 1170 3292 sit,
1197 3219 1301 3293 qui
1330 3234 1530 3293 neque
1555 3227 1621 3279 ut
1643 3228 1783 3278 ante
1809 3215 2124 3279 collectam
2150 3216 2236 3275 fa·

183 3317 345 3359 mam
362 3309 687 3359 conservet
703 3316 903 3374 neque
917 3298 1003 3359 uti
1015 3300 1232 3375 reliqui
1244 3301 1537 3374 temporis
1551 3317 1725 3374 spem
1740 3300 2052 3359 confirmet
2074 3299 2223 3358 labo-

183 3392 276 3442 rat
337 3397 460 3439 non
485 3383 660 3440 nimis
689 3382 844 3441 hanc
876 3398 1119 3451 causam
1159 3399 1404 3454 severe,
1435 3399 1557 3442 non
1587 3381 1764 3440 nimis
1789 3388 2088 3454 accurate,
2114 3397 2237 3440 non
