2459 3817
218 160 301 224 38
458 123 467 132 ’
708 157 858 220 rao
889 159 1181 220 Ancum
1209 160 1458 222 poma
1487 157 1788 222 omme.

220 312 494 374 deantur.
582 308 682 372 19.
726 309 817 372 Sit
846 307 1058 386 igitur,
1088 311 1353 386 iudices,
1383 321 1658 374 sanctum
1683 313 1850 387 apud
1879 329 2027 387 vos,
2065 311 2282 374 huma-

220 394 507 458 nissimos
538 393 845 468 homineS,
888 394 1007 456 hoc
1046 399 1543 473 poetaemomen,
1591 397 1756 472 quod
1799 396 1964 457 nulla
1994 412 2282 472 umquam

220 477 499 542 barbaria
524 477 793 538 violavit.
880 475 1045 538 Saxa
1072 487 1133 539 et
1160 477 1520 540 solitudines
1553 478 1691 540 voci
1717 480 2127 555 respondent,
2173 480 2282 542 be·

220 563 373 624 stiae
402 576 589 636 saepe
619 559 914 621 immanes
944 569 1125 622 cantu
1156 560 1482 623 flectuntur
1521 569 1706 638 atque
1739 561 2112 625 consistunt=
2161 581 2280 625 nos

219 643 470 706 instituti
510 644 696 705 rebus
728 643 971 719 optimis
1008 661 1129 706 non
1174 647 1492 719 poetarum
1527 661 1682 706 voce
1710 652 2104 707 moveamur?
2155 646 2280 708 Ho-

218 743 447 790 merum
478 725 838 801 Colophonii
866 726 1061 788 civem
1102 743 1246 790 esse
1275 727 1486 789 dicunt
1513 745 1720 802 suum,
1778 728 1908 789 Chii
1939 745 2115 790 suum
2148 728 2282 789 vin-

217 811 439 886 dicant,
474 809 781 871 Salaminii
808 819 1109 886 repetunt,
1143 809 1465 889 Smyrnaei
1497 827 1642 873 vero
1675 829 1852 873 suum
1882 829 2026 872 esse
2055 812 2280 873 confir-

218 902 405 968 mant,
457 893 663 970 itaque
702 893 883 954 etiam
926 895 1244 956 delubrum
1283 895 1416 956 cius
1450 894 1512 956 in
1545 894 1774 971 oppido
1806 895 2280 957 dedicaverunt:

219 977 498 1055 permulti
536 977 638 1038 alii
683 983 999 1054 praeterea
1040 984 1314 1054 pugnant
1355 978 1510 1039 inter
1553 995 1621 1040 se
1660 986 1843 1053 atque
1887 981 2280 1040 contendunt.

218 1064 313 1123 IX.
357 1062 517 1136 Ergo
558 1061 642 1120 illi
684 1062 977 1134 alienum,
1030 1061 1176 1137 quia
1213 1065 1398 1137 poeta
1439 1061 1578 1132 fuit,
1622 1070 1764 1137 post
1803 1069 2056 1122 mortem
2096 1061 2280 1122 etiam

218 1151 541 1222 expetunt:
578 1161 693 1206 nos
721 1144 883 1204 hunc
912 1144 1134 1218 vivum,
1168 1143 1272 1222 qui
1296 1152 1357 1206 et
1377 1147 1684 1206 voluntate
1712 1153 1773 1208 et
1801 1145 2036 1219 legibus
2067 1153 2280 1207 noster

215 1239 327 1302 est,
359 1228 798 1302 repudiamus?
831 1229 1187 1302 praesertim
1216 1246 1397 1303 quum
1429 1244 1610 1289 omne
1639 1227 1779 1289 olim
1805 1227 2068 1289 studium
2091 1237 2280 1302 atque

218 1327 395 1372 omne
425 1310 731 1384 ingenium
760 1311 1081 1371 contulerit
1104 1312 1364 1372 Archias
1393 1313 1473 1372 ad
1505 1311 1716 1387 populi
1738 1311 1993 1372 Romani
2021 1311 2280 1386 gloriam

217 1393 578 1466 laudemque
624 1393 1092 1454 celebrandam?
1128 1395 1278 1452 Nam
1320 1403 1380 1454 et
1408 1393 1738 1456 Cimbricas
1778 1411 1880 1455 res
1911 1391 2278 1455 adolescens

216 1475 407 1550 attigit
432 1483 492 1534 et
521 1474 641 1549 ipsi
672 1473 757 1534 illi
786 1475 849 1534 c.
880 1475 1095 1551 Mario,
1132 1476 1238 1550 qui
1268 1477 1478 1537 durior
1505 1478 1586 1538 ad
1614 1478 1766 1538 baec
1798 1477 2000 1539 studia
2029 1476 2278 1538 videba-

216 1569 327 1632 tur,
360 1557 661 1618 iucundus
684 1557 814 1618 fuit.
870 1557 969 1619 20.
998 1559 1209 1634 Neque
1230 1559 1392 1620 enim
1413 1561 1738 1636 quisquam
1761 1569 1856 1622 est
1878 1569 1997 1622 tam
2018 1576 2279 1621 aversus

216 1659 253 1702 a
278 1639 472 1703 Musis
505 1644 607 1718 qui
637 1658 759 1703 non
784 1642 1058 1703 mandari
1087 1642 1369 1704 versibus
1392 1652 1704 1705 aeternum
1728 1660 1976 1705 suorum
2000 1643 2280 1704 laborum

216 1726 390 1787 facile
428 1727 817 1802 praeconium
860 1725 1137 1802 patiatur.
1226 1726 1694 1789 Themistoclem
1727 1725 1924 1800 illum,
1975 1743 2276 1788 summum

212 1809 468 1872 Athenis
500 1809 723 1884 virum,
750 1809 981 1871 dixisse
1011 1809 1205 1883 aiunt,
1245 1828 1432 1884 quum
1461 1827 1541 1871 ex
1571 1827 1646 1872 eo
1680 1819 2090 1885 quaereretur,
2119 1811 2280 1885 quod

213 1909 491 1956 acroama
522 1902 629 1955 aut
651 1899 821 1956 cuius
847 1911 1041 1956 vocem
1067 1897 1435 1970 lubentissime
1464 1895 1730 1967 audiret,
1757 1897 1910 1964 eius,
1957 1910 1998 1953 a
2025 1909 2138 1969 quo
2165 1911 2278 1954 sua

214 1982 395 2038 virtus
434 1982 643 2052 optime
672 1980 1148 2052 praedicaretur.
1237 1978 1448 2052 Itaque
1487 1978 1587 2037 ille
1612 1976 1841 2037 Marius
1871 1975 2012 2036 item
2053 1976 2278 2036 eximie

213 2060 277 2119 L.
305 2059 557 2120 Plotium
588 2060 825 2133 dilexit,
870 2062 1043 2120 cuius
1074 2060 1316 2135 ingenio
1349 2060 1598 2136 putabat
1627 2075 1729 2132 ea,
1779 2075 1940 2135 quae
1977 2068 2276 2134 gesserat,

215 2158 403 2216 posse
445 2143 756 2205 celebrari.
842 2140 945 2201 21.
987 2141 1453 2204 Mithridaticum
1489 2157 1635 2203 vero
1682 2143 1940 2216 bellum,
1989 2159 2274 2216 magnum

212 2233 395 2300 atque
426 2224 675 2285 difficile
714 2232 775 2285 et
804 2224 864 2284 in
908 2227 1092 2285 multa
1122 2225 1412 2286 varietate
1445 2235 1608 2286 terra
1640 2224 1916 2301 marique
1945 2234 2274 2296 versatum,

214 2316 398 2370 totum
432 2309 510 2368 ab
546 2309 665 2368 hoc
706 2323 1067 2383 expressum
1110 2317 1233 2370 est=
1293 2309 1398 2384 qui
1425 2307 1562 2369 libri
1591 2326 1714 2370 non
1743 2309 1926 2370 modo
1957 2308 2023 2367 L.
2053 2308 2272 2369 Lucul-

213 2392 365 2463 lum,
397 2391 789 2451 l'ortissimum
820 2399 879 2451 et
908 2391 1309 2453 clarissimum
1337 2391 1563 2465 virum,
1606 2409 1816 2453 verum
1847 2391 2026 2452 etiam
2061 2390 2274 2466 populi

212 2473 469 2535 Romani
507 2489 725 2534 nomen
768 2473 1087 2535 illustrant.
1171 2475 1441 2550 Populus
1484 2473 1643 2535 enim
1677 2477 1992 2536 Romanus
2037 2473 2274 2548 aperuit

212 2556 461 2617 Lucullo
498 2556 836 2633 imperante
862 2557 1119 2617 Pontum
1154 2567 1213 2618 et
1241 2557 1424 2632 regiis
1456 2559 1763 2632 quondam
1796 2557 2018 2632 opibus
2047 2565 2107 2618 et
2135 2556 2274 2632 ipsa

214 2648 423 2701 natura
452 2647 513 2702 et
532 2641 785 2716 regione
809 2643 1125 2704 vallatum:
1158 2641 1368 2718 populi
1391 2640 1646 2701 Romani
1697 2639 2001 2701 exercitus
2053 2639 2274 2700 eodem

212 2721 368 2782 duce
411 2739 530 2783 non
564 2725 827 2784 maxima
870 2740 1053 2784 manu
1093 2721 1564 2784 innumerabiles
1593 2722 2014 2784 Armeniorum
2057 2722 2273 2796 copias

213 2805 391 2865 rudit=
444 2806 657 2882 populi
689 2808 946 2868 Romani
989 2809 1123 2868 laus
1166 2813 1262 2868 est
1301 2808 1514 2867 urbem
1556 2806 1987 2868 amicissimam
2021 2805 2271 2884 cyzize-

212 2905 425 2948 norum
467 2888 743 2950 eiusdem
784 2889 1041 2952 consilio
1078 2907 1157 2950 ex
1188 2889 1352 2950 omni
1393 2889 1623 2964 impetu
1660 2891 1829 2964 regio
1863 2898 2046 2966 atque
2085 2885 2274 2948 totius

210 2971 350 3033 belli
392 2989 497 3032 ore
536 2989 609 3032 ac
651 2975 927 3034 saucibus
962 2983 1233 3049 ereptam
1275 2990 1417 3034 esse
1457 2981 1643 3048 atque
1674 2981 2008 3037 servatamz
2058 2978 2275 3031 nostra

212 3071 456 3130 semper
507 3057 729 3116 feretur
778 3064 837 3116 et
887 3055 1336 3131 praedicabitur
1363 3055 1430 3115 L.
1469 3057 1722 3116 Lucullo
1766 3055 2091 3116 dimicante
2132 3069 2274 3113 cum

211 3137 541 3200 intersectis
572 3139 833 3200 ducibus
872 3140 1173 3213 depressa
1213 3137 1478 3199 hostium
1519 3138 1739 3199 classis
1787 3146 1850 3199 et
1898 3134 2274 3198 incredibilis

210 3224 377 3296 apud
396 3223 705 3284 Tenedum
728 3237 932 3296 pugna
956 3223 1054 3280 illa
1076 3219 1312 3281 navalis
1332 3243 1345 3274 =
1371 3227 1578 3280 nostra
1600 3229 1742 3282 sunt
1766 3229 2036 3296 tropaea,
2061 3227 2274 3280 nostra

212 3315 613 3373 monumenta,
645 3305 835 3366 nostri
866 3301 1167 3378 triumphi.
1236 3301 1401 3374 Quae
1433 3319 1687 3376 quorum
1719 3301 1978 3378 ingeniis
2010 3301 2269 3362 efferun-
