2459 3817
221 156 349 224 250
785 164 932 226 PRO
961 165 1030 224 L.
1059 163 1391 226 MURENA
1424 164 1727 226 ORATIO.

220 331 280 366 ae
310 326 582 380 peroravit,
631 315 749 366 vide
780 315 1100 376 Quinctilium
1127 318 1245 370 inst.
1284 331 1361 369 or.
1391 315 1481 375 XI,
1520 317 1572 370 1.
1608 315 1691 368 16.
1729 321 1778 365 et
1814 313 2079 366 Plutarchi
2119 315 2285 364 Vitam

219 385 425 436 Catonis
455 383 656 434 minoris
681 399 728 433 c.
759 381 844 433 21.
895 385 944 434 1..
979 383 1189 434 Murena
1221 383 1487 440 absolutus,
1520 392 1569 432 et
1600 399 1731 434 anno
1766 393 1883 448 post
1911 381 2087 434 consul
2118 383 2283 433 factus

219 463 316 506 est.
360 451 491 502 Vide
515 451 584 502 M.
615 449 868 502 Ciceronis
896 453 1172 504 orationem
1198 468 1329 517 quae
1354 463 1431 504 est
1445 467 1551 518 pro
1568 453 1636 504 L.
1659 453 1844 504 Flacco
1866 469 1909 504 c.
1930 450 2019 506 29.
2048 453 2099 516 S.
2122 447 2207 503 98.
2236 461 2285 501 et

215 519 380 572 eiusd.
416 527 539 570 orat.
575 535 620 568 c.
656 516 737 570 13.
779 519 828 582 S.
857 517 944 570 30.

395 676 441 735 1.
479 675 533 734 1.
580 644 754 751 Quae
787 684 1080 754 precatus
1125 693 1163 738 a
1197 676 1293 738 dis
1328 675 1769 739 immortalibus
1803 689 1971 744 sum,
2019 669 2276 741 iudices,

228 772 403 818 more
435 757 838 834 institutoque
869 761 1166 823 maiorum
1197 760 1302 824 illo
1338 761 1453 834 die,
1493 775 1617 836 quo
1652 755 1974 834 auspicato
2016 751 2274 814 comitiis

227 841 586 903 centuriatis
624 844 690 904 L.
713 843 1029 906 Murenam
1049 847 1368 906 consulem
1398 842 1761 916 renuntiavi,
1800 846 1867 902 ut
1900 855 1975 900 ea
2008 852 2109 898 res
2132 833 2278 896 mihi

229 923 376 984 fidei
397 926 899 1003 magistratuique
921 944 1077 1000 meo,
1101 929 1335 1006 populo
1362 927 1655 1004 plebique
1676 927 1993 986 Romanae
2008 921 2164 980 bene
2186 923 2275 978 at-

233 1023 354 1081 que
368 1009 622 1072 feliciter
633 1009 925 1084 eveniret,
941 1013 1156 1072 eadem
1169 1028 1395 1088 precor
1406 1011 1483 1072 ab
1496 1010 1713 1070 iisdem
1726 1008 1820 1069 dis
1834 1001 2274 1066 immortalibus

221 1096 306 1156 ob
339 1093 616 1156 eiusdem
640 1092 904 1156 hominis
941 1094 1327 1157 consulatum
1354 1107 1479 1152 una
1507 1107 1644 1152 cum
1673 1089 1866 1150 salute
1895 1085 2283 1148 obtinendum

219 1187 286 1240 et
323 1187 391 1240 ut
432 1185 674 1240 vestrae
713 1184 948 1239 mentes
989 1185 1173 1253 atque
1215 1172 1555 1236 sententiae
1596 1189 1733 1236 cum
1777 1168 1994 1248 populi
2029 1167 2286 1233 Romani

223 1259 641 1322 voluntatibus
681 1259 1116 1337 suffragiisque
1156 1256 1541 1321 consentiant
1582 1271 1782 1332 eaque
1818 1269 1919 1315 res
1959 1251 2137 1315 vobis
2177 1268 2285 1328 po-

225 1347 500 1421 puloque
527 1344 804 1405 Romano
835 1359 1071 1418 pacem,
1098 1341 1610 1419 tranquillitatem,
1654 1339 1842 1400 otium
1872 1334 2287 1399 concordiam·

224 1443 349 1504 que
377 1427 630 1488 adferat.
689 1425 867 1500 Quod
897 1425 951 1486 si
973 1426 1076 1486 illa
1098 1423 1419 1509 sollemnis⁸
1434 1420 1815 1485 comitiorum
1842 1417 2113 1498 precatio
2143 1434 2286 1480 con·

227 1506 533 1574 sularibus
567 1506 863 1586 auspiciis
897 1517 1258 1572 consecrata
1286 1513 1514 1578 tantam
1540 1505 1725 1567 habet
1748 1503 1811 1566 in
1854 1521 1924 1566 se
1955 1502 2079 1563 vim
2108 1509 2171 1564 et
2194 1517 2286 1562 re-

224 1594 544 1672 ligionem,
589 1600 877 1669 quantam
905 1593 994 1654 rei
1022 1592 1306 1670 publicae
1334 1589 1597 1666 dignitas
1628 1589 1925 1666 postulat,
1972 1585 2135 1648 idem
2171 1601 2287 1660 ego

225 1695 364 1740 sum
395 1684 715 1754 precatus,
765 1683 832 1736 ut
859 1674 952 1738 eis
983 1691 1231 1752 quoque
1259 1671 1639 1746 hominibus,
1684 1670 1907 1747 quibus
1935 1667 2035 1730 hic
2067 1685 2288 1730 cons-u-

225 1755 384 1823 iatus
411 1777 510 1822 me
537 1766 794 1836 rogante
823 1759 1004 1824 datus
1034 1767 1219 1832 esset,
1254 1773 1328 1819 ea
1354 1773 1458 1818 res
1492 1757 1711 1831 fauste,
1746 1752 2001 1815 feliciter
2030 1767 2289 1828 prospe-

224 1861 419 1921 reque
439 1843 732 1906 eveniret.
775 1842 836 1905 2.
858 1843 1025 1918 Quae
1049 1858 1236 1920 quum
1256 1841 1352 1909 ita·
1364 1841 1502 1916 sint,
1525 1839 1782 1913 iudices,
1806 1846 1867 1899 et
1890 1853 2075 1913 quum
2090 1834 2289 1897 omnis

231 1923 490 1985 deorum
503 1925 928 1992 immortalium
941 1933 1222 2003 potestas
1240 1933 1349 1988 aut
1359 1927 1654 1986 translata
1676 1921 1754 1983 sit
1768 1923 1847 1984 ad
1862 1937 1976 1982 vos
1990 1925 2096 1981 aut
2112 1923 2279 1979 certe

231 2009 681 2071 communicata
707 2009 1048 2081 vobiscum,
1076 2009 1239 2072 idem
1264 2011 1483 2071 consul
1514 2009 1832 2069 consulem
1859 2010 2106 2066 vestrae
2134 1997 2279 2062 fidei

227 2089 636 2163 commendat,
663 2090 770 2164 qui
788 2099 965 2152 antea
986 2089 1082 2150 dis
1099 2087 1540 2154 immortalibus
1560 2085 2024 2161 commendavit,
2045 2095 2112 2148 ut
2132 2085 2294 2147 eius-

225 2169 370 2230 dem
387 2169 656 2232 hominis
679 2186 836 2232 voce
859 2179 922 2234 et
943 2173 1286 2234 declaratus
1313 2171 1530 2235 consul
1545 2179 1605 2232 et
1619 2172 1912 2233 defensus
1927 2167 2293 2232 beneficium

230 2254 445 2330 populi
467 2251 726 2315 Romani
753 2268 890 2314 cum
913 2263 1118 2316 vestra
1147 2257 1335 2330 atque
1362 2253 1631 2318 omnium
1659 2253 1878 2316 civium
1902 2254 2099 2315 salute
2124 2260 2294 2314 tuea-

227 2342 347 2397 tur.
404 2337 480 2398 Et
513 2336 803 2412 quoniam
830 2335 890 2398 in
922 2337 1043 2398 hoc
1074 2339 1279 2400 officio
1312 2337 1579 2401 studium
1608 2354 1783 2400 meac
1811 2335 2189 2408 defensionis
2216 2336 2297 2396 ab

227 2419 692 2482 accusatoribus
724 2427 910 2494 atque
940 2419 1120 2481 etiam
1148 2421 1289 2497 ipsa
1318 2421 1631 2498 susceptio
1665 2436 1891 2483 causae
1918 2419 2296 2496 reprehensa

225 2511 354 2574 est,
398 2511 539 2563 ante
571 2518 753 2578 quam
783 2519 894 2578 pro
925 2502 994 2563 L.
1023 2503 1277 2566 Murena
1312 2504 1517 2566 dicere
1544 2504 1825 2578 instituo,
1864 2519 1977 2578 pro
2018 2519 2115 2564 me
2154 2501 2295 2576 ipso

227 2600 431 2660 pauca
459 2586 674 2658 dicam,
707 2601 830 2646 non
860 2602 984 2662 quo
1013 2586 1156 2647 mihi
1182 2585 1389 2664 potior
1408 2587 1529 2649 hoc
1559 2586 1807 2665 quidem
1827 2585 1889 2648 in
1910 2594 2189 2662 tempore
2217 2582 2301 2646 sit

228 2667 423 2729 officii
450 2666 571 2729 mei
603 2685 784 2744 quam
817 2668 1077 2730 huiusce
1103 2668 1321 2732 salutis
1352 2671 1631 2734 defensio
1650 2717 1667 2746 ,
1709 2671 1824 2733 sed
1863 2679 1930 2731 ut
1962 2685 2098 2730 meo
2131 2670 2299 2728 racto

229 2751 408 2812 vobis
438 2752 695 2828 probato
728 2751 958 2815 maiore
986 2755 1345 2840 auctoritate
1373 2755 1450 2815 ab
1476 2753 1657 2817 huius
1686 2755 1950 2828 honore,
1985 2755 2143 2814 sama
2171 2750 2298 2810 sor-

225 2835 518 2910 tunisque
546 2835 829 2898 omnibus
858 2835 1237 2900 inimicorum
1266 2841 1533 2914 impetus
1560 2839 1926 2915 propulsare
1956 2832 2210 2912 possim.

396 2968 470 3028 11.
513 2967 572 3030 3.
623 2969 699 3031 Et
743 2969 1001 3046 primum
1036 2971 1116 3032 Μ.
1158 2970 1374 3033 Catoni
1412 2971 1596 3033 vitam
1636 2971 1715 3030 ad
1769 2977 1993 3032 certam
2039 2964 2301 3030 rationis

227 3066 504 3112 normam
539 3051 819 3128 dirigenti
847 3062 909 3116 et
941 3053 1404 3130 diligentissime
1436 3053 1841 3130 perpendenti
1868 3060 2173 3116 momenta
2205 3051 2301 3114 of·

229 3132 508 3196 ficiorum
539 3135 806 3198 omnium
839 3138 918 3198 de
953 3137 1160 3199 officio
1191 3154 1331 3200 meo
1368 3137 1783 3213 respondebo.
1868 3135 2305 3213 Negatruisse

229 3226 462 3278 rectum
491 3219 637 3281 Cato
671 3233 768 3280 me
797 3228 858 3281 et
896 3221 1211 3282 consulem
1244 3228 1305 3282 et
1332 3220 1487 3296 legis
1515 3219 1778 3284 ambitus
1807 3222 2062 3282 latorem
2089 3226 2151 3281 et
2175 3227 2305 3280 tam

227 3315 449 3362 severe
460 3301 652 3376 *gesto
688 3303 1012 3388 consulatu
1045 3318 1294 3365 causam
1327 3303 1395 3364 L.
1424 3303 1717 3365 Murenae
1749 3303 2073 3380 attingere=
2120 3300 2305 3362 cuius

229 3384 627 3458 reprehensio
655 3402 755 3448 me
781 3385 1173 3449 vehementer
1201 3395 1436 3463 movet,
1477 3402 1603 3449 non
1636 3388 1837 3449 solum
1868 3395 1937 3449 ut
1962 3383 2174 3459 vobiS,
2207 3383 2307 3446 iu-
