2459 3817
261 120 346 186 32
591 122 738 184 PRO
783 122 947 184 SEX.
991 120 1269 184 Rosclo
1312 121 1661 183 AMERINO
1705 121 2007 183 ORATIO.

277 274 450 349 iuria,
481 280 809 349 propterea
843 273 1010 347 quod
1039 272 1331 333 auxilium
1364 270 1482 332 sibi
1510 288 1579 333 se
1610 279 1779 347 putat
1811 270 2193 346 adiunxisse,
2226 271 2329 348 qui
2419 308 2420 325 2

279 374 418 417 cum
455 358 646 416 attero
675 372 804 415 rem
835 356 1318 416 communicavit.
1400 355 1501 413 Ad
1540 355 1716 415 cuius
1756 352 1939 429 igitur
1970 354 2155 413 fidem
2184 370 2329 415 con·

279 440 484 514 rugiet,
518 455 704 513 quum
739 454 850 513 per
879 438 1012 497 eius
1041 437 1224 497 fidem
1254 437 1513 497 laeditur
1542 437 1641 497 cui
1673 454 1744 498 se
1778 435 2197 497 commiserit?
2224 440 2329 497 At-

279 522 385 598 qui
424 538 500 582 ea
543 528 684 581 sunt
717 520 1255 580 animadvertenda
1284 529 1538 594 peccata
1570 519 1863 593 maxime,
1899 534 2059 594 quae
2087 518 2325 578 diffici:

275 605 417 665 ‚ime
450 612 908 678 praecaventur.
965 602 1130 663 Tecti
1157 617 1302 663 esse
1328 603 1410 661 ad
1446 600 1681 665 alienos
1725 618 2092 678 possumus=
2136 600 2329 662 intimi

276 688 464 747 multa
495 685 799 760 apertiora
829 685 1073 746 videant
1101 700 1362 745 necesse
1392 692 1513 743 esta
1544 683 1779 745 socium
1798 700 2017 744 cavere
2048 686 2152 759 qui
2180 700 2327 759 pos·

279 784 490 831 sumus
503 774 532 826 τ
563 783 743 841 quem
765 767 946 827 etiarn
979 766 1032 828 si
1061 769 1403 839 metuimuS,
1436 767 1533 827 ius
1566 766 1755 828 officii
1782 766 2097 827 laedimus.
2142 768 2329 827 Recta

277 851 461 926 igitur
491 850 752 910 maiores
790 866 946 924 eum,
977 850 1079 924 qui
1114 849 1351 911 socium
1394 848 1727 924 refellisset,
1755 850 1817 909 in
1839 848 2108 909 virorum
2135 848 2329 909 bono-

278 951 412 994 rum
452 948 700 994 numero
743 949 866 993 non
907 940 1194 1006 putarunt
1236 929 1447 991 haberi
1489 940 1789 1006 oportere.
1874 928 2017 993 117.
2066 934 2149 991 At
2178 946 2327 991 vero

277 1018 343 1077 Τ.
371 1017 636 1077 Roscius
663 1032 786 1076 non
828 1030 1014 1074 unum
1053 1013 1145 1073 rei
1184 1010 1575 1088 pecuniariae
1604 1013 1839 1075 socium
1868 1012 2105 1085 fefellit,
2138 1014 2324 1088 quod,
2422 1042 2424 1073 3

2418 220 2420 303 Ι

278 1098 518 1159 tametsi
556 1113 743 1172 grave
773 1103 900 1169 est,
942 1105 1139 1157 tamen
1186 1096 1393 1170 aliquo
1432 1095 1617 1156 modo
1662 1111 1853 1170 posse
1900 1093 2041 1155 ferri
2072 1092 2329 1168 videtur,
2422 1124 2424 1129 ·

283 1197 493 1269 verugn
537 1196 760 1239 novem
798 1179 1076 1240 homines
1117 1176 1515 1249 fortissimoS,
1572 1176 1848 1239 eiusdem
1890 1175 2190 1249 muneris,
2242 1180 2325 1237 le-

280 1261 562 1337 gationis,
598 1261 785 1323 officii
818 1263 1365 1335 mandatorumque
1393 1259 1601 1321 socios
1642 1259 1895 1333 induxit,
1929 1259 2189 1333 decepit,
2223 1259 2327 1319 de·

281 1344 497 1415 stituit,
540 1344 909 1404 adversariis
936 1344 1216 1416 tradidit,
1262 1342 1425 1403 omni
1457 1342 1670 1403 fraude
1698 1350 1760 1403 et
1800 1339 2060 1417 perfidia
2086 1340 2325 1403 fefellit=

284 1425 389 1501 qui
419 1427 498 1484 de
527 1424 662 1484 eius
707 1426 939 1485 sceiere
977 1424 1279 1499 suspicari
1311 1424 1458 1484 nihil
1480 1433 1822 1498 potuerunt,
1874 1422 2110 1486 socium
2139 1422 2325 1485 officii
2424 1436 2426 1463 ³

281 1514 554 1568 metuere
583 1522 707 1566 non
736 1507 1091 1579 debuerunt,
1123 1506 1257 1567 eius
1280 1506 1563 1567 malitiam
1585 1522 1707 1569 non
1738 1506 2037 1580 viderunt,
2070 1504 2325 1566 orationi

284 1605 481 1649 vanae
523 1588 929 1649 crediderunt.
1001 1590 1213 1663 ltaque
1255 1606 1417 1649 nunc
1455 1588 1541 1649 illi
1586 1588 1867 1650 homines
1914 1586 2327 1649 honestissimi

280 1679 532 1747 propter
579 1670 758 1731 istius
816 1671 1072 1733 insidias
1125 1687 1343 1747 parum
1376 1680 1683 1749 ‚putantur
1748 1672 1908 1732 cauti
1963 1668 2327 1745 providique

282 1755 509 1826 fuisse3
564 1756 711 1828 iste,
757 1754 862 1830 qui
900 1754 1072 1817 initio
1115 1753 1393 1830 proditor
1440 1753 1580 1828 fuit,
1622 1752 1849 1815 deinde
1895 1755 2182 1828 perfuga,
2224 1751 2328 1827 qui

281 1839 479 1914 primo
511 1837 817 1900 sociorum
849 1838 1105 1899 consilia
1133 1835 1507 1898 adversariis
1550 1834 1905 1905 enuntiavit,
1972 1833 2197 1895 deinde
2226 1851 2325 1895 so·
2426 1830 2428 1837 '

283 1919 559 1980 cietatem
587 1936 726 1979 cum
752 1920 907 1994 ipsis
937 1918 1311 1981 adversariis
1341 1918 1503 1993 coiit,
1545 1926 1730 1979 terret
1768 1918 1948 1979 etiam
1974 1934 2089 1978 nos
2118 1932 2191 1976 ac
2218 1916 2325 1976 mi-

284 2010 476 2073 natur,
503 1999 696 2060 tribus
733 2002 1019 2075 praediis,
1050 2002 1169 2063 hoc
1209 2009 1306 2063 est
1344 2000 1633 2076 praemiis
1662 2000 1931 2073 sceleriS,
1962 2008 2231 2061 ornatus.
2259 2001 2324 2057 In
2428 2028 2430 2037 ·

284 2084 416 2142 eius
439 2080 608 2141 modi
634 2080 776 2155 vita,
806 2082 1060 2154 iudiceS,
1091 2083 1156 2142 in
1183 2084 1282 2143 his
1314 2092 1402 2143 tot
1420 2083 1726 2157 tantisque
1755 2080 2001 2157 flagitiis
2021 2082 2141 2142 hoc
2176 2098 2323 2154 quo·

285 2182 406 2239 que
441 2163 834 2237 maleficium,
881 2165 959 2223 de
1002 2182 1122 2239 quo
1166 2164 1455 2225 iudicium
1486 2174 1597 2239 est,
1624 2164 1961 2239 reperietis,
2044 2161 2203 2225 118.
2228 2164 2323 2223 Et—

284 2248 446 2307 enim
477 2261 771 2323 quaerere
800 2245 882 2307 ita
911 2245 1175 2307 debetis=
1215 2248 1321 2307 ubi
1350 2248 1533 2308 multa
1560 2264 1774 2321 avare,
1808 2247 1992 2307 multa
2020 2247 2323 2317 audacter,

289 2332 471 2391 multa
499 2328 805 2405 improbe,
849 2331 1036 2389 multa
1075 2329 1410 2403 perfidiose
1449 2331 1609 2391 facta
1638 2328 1954 2399 videbitiS,
1998 2328 2080 2388 ibi
2122 2329 2325 2389 scelus

293 2429 538 2487 quoque
575 2414 764 2472 latere
811 2410 968 2471 inter
1006 2412 1108 2470 illa
1144 2420 1235 2473 tot
1268 2411 1498 2486 flagitia
1537 2420 1827 2487 putatote.
1914 2410 2179 2471 Tametsi
2208 2411 2326 2471 hoc

289 2494 532 2569 quidem
561 2493 804 2553 minime
835 2495 993 2568 latet,
1025 2496 1190 2567 quod
1217 2494 1301 2555 ita
1331 2504 1677 2569 promptum
1718 2502 1777 2555 et
1806 2492 2189 2570 propositum
2218 2501 2327 2565 est,

282 2585 353 2637 ut
377 2592 498 2639 non
535 2592 614 2635 ex
641 2576 757 2635 illis
779 2576 1113 2650 maleficiis,
1145 2590 1303 2651 quae
1332 2575 1392 2635 in
1421 2576 1523 2637 illo
1550 2584 1791 2637 constat
1819 2592 1979 2649 esse,
2008 2576 2128 2635 hoc
2156 2575 2326 2635 intel-

284 2658 521 2734 ligatur,
554 2675 765 2719 verum
803 2674 878 2717 ex
908 2659 1026 2719 hoc
1061 2658 1260 2730 etiam,
1290 2656 1344 2717 si
1379 2660 1548 2733 quod
1578 2659 1815 2720 illorum
1844 2661 2000 2719 forte
2028 2657 2329 2718 dubitabi-

285 2752 397 2814 tur,
437 2741 848 2801 convincatur.
911 2741 1067 2814 Quid
1094 2742 1370 2813 tandem,
1417 2757 1684 2816 quaeso,
1718 2740 1998 2803 iudicesv
2050 2757 2197 2801 num
2228 2749 2331 2801 aut

284 2823 386 2883 ille
432 2822 652 2884 lanista
682 2823 926 2884 omnino
957 2824 1074 2882 iam
1103 2839 1140 2882 a
1169 2822 1371 2897 gladio
1416 2823 1756 2885 recessisse
1796 2823 2037 2883 videtur
2081 2831 2185 2883 aut
2237 2822 2335 2884 hic

287 2905 625 2980 discipulus
665 2906 952 2981 magistro
1007 2907 1301 2966 tantulum
1344 2907 1421 2966 de
1461 2913 1589 2967 arte
1632 2906 2014 2967 concedere?
2075 2904 2191 2964 Par
2238 2914 2332 2965 est

285 2987 554 3061 avaritia,
584 2987 798 3049 similis
827 2987 1199 3063 improbitas,
1225 2988 1441 3049 eadem
1462 2988 1853 3063 impudentia,
1877 2986 2119 3061 gemina
2140 2989 2332 3047 auda-

286 3071 400 3130 cia.
482 3072 628 3129 XLI.
671 3070 811 3131 119.
844 3069 1109 3145 Etenim,
1153 3070 1439 3146 quoniam
1467 3071 1653 3131 fidem
1680 3069 1951 3145 magistri
1992 3070 2331 3144 cognostis,

287 3152 640 3229 cognoscite
669 3169 830 3213 nunc
857 3152 1140 3228 discipuli
1168 3153 1554 3229 aequitatem.
1581 3152 1721 3214 Dixi
1760 3153 1879 3213 iam
1919 3160 2099 3213 antea
2140 3168 2335 3227 saepe

286 3251 536 3296 numero
567 3238 906 3310 postulatos
937 3252 1079 3297 esse
1106 3238 1182 3297 ab
1211 3236 1345 3297 istis
1370 3237 1527 3297 duos
1553 3252 1767 3297 servos
1795 3235 1858 3295 in
1888 3234 2336 3309 quaestionem.

287 3316 374 3377 Tu
405 3334 664 3394 semper,
694 3318 757 3377 T.
780 3318 985 3393 Rosci,
1014 3319 1333 3380 recusasti.
1406 3319 1641 3392 Quaero
1672 3320 1784 3379 abs
1814 3326 1874 3379 te
1930 3317 2056 3378 iine
2084 3318 2187 3393 qui
2220 3333 2339 3392 po·
