2459 3817
784 140 946 198 cAP.
977 150 1045 199 ιο
1058 174 1138 185 -
1151 146 1204 202 8.
1242 141 1301 217 5.
1326 147 1575 202 20—26.
2107 137 2230 203 149

149 302 306 363 -quo
338 285 574 348 facilius
601 290 974 363 argumentis
1005 290 1359 365 perspicere
1390 287 1671 365 possitis,
1710 302 1839 347 rem
1867 294 2103 361 gestam
2129 306 2235 350 vo-

177 368 280 429 bis
308 370 452 429 dum
479 368 746 429 breviter
778 385 1045 443 expono,
1075 384 1330 443 quaeso,
1364 368 1683 444 diligenter
1709 369 2018 431 attendite.

303 450 406 513 24.
443 451 506 513 P.
541 450 786 523 Clodius
817 468 1006 527 quum
1033 450 1348 512 statuisset
1389 451 1552 512 omni
1588 453 1821 513 scelere
1852 451 1913 512 in
1955 460 2238 527 praetura

179 548 410 593 vexare
431 548 556 593 rem
589 532 892 608 publicam
923 532 1279 608 videretque
1308 533 1394 594 ita
1418 542 1608 595 tracta
1636 549 1777 594 esse
1806 534 2047 595 comitia
2072 551 2235 595 anno

181 613 539 691 superiore,
584 623 799 677 utnon
829 618 1052 678 multos
1090 630 1333 675 menses
1375 625 1718 689 praeturam
1760 632 1971 691 gerere
2001 628 2235 692 posset,

181 696 290 773 qui
315 714 436 758 non
470 697 724 759 honoris
753 700 1007 773 gradum
1035 706 1357 772 spectaret,
1387 707 1454 760 ut
1509 698 1717 771 ceteri,
1746 700 1858 759 sed
1891 708 1951 760 et
1968 700 2034 759 L.
2063 699 2234 761 Paul-

180 782 310 841 lum
341 781 637 855 collegam
663 780 935 855 effugere
961 782 1178 853 vellet,
1213 780 1501 854 singulari
1533 780 1747 843 virtute
1782 781 2009 855 civem,
2043 788 2103 843 et
2130 798 2233 843 an-

180 880 330 924 num
389 861 687 937 integrum
733 864 814 923 ad
865 862 1313 924 dilacerandam
1359 877 1487 922 rem
1541 862 1847 938 publicam
1900 873 2235 938 quaereret,

179 944 382 1009 subito
397 946 640 1020 reliquit
653 962 874 1005 annum
889 961 1068 1006 suum
1083 959 1348 1018 seseque
1372 944 1433 1003 in
1444 960 1669 1005 annum
1690 947 2030 1019 proximum
2044 954 2237 1007 trans·

180 1026 340 1100 tulit,
372 1043 525 1101 non,
559 1036 626 1087 ιιι
654 1028 751 1101 fit,
780 1026 1072 1101 religione
1101 1025 1339 1100 aliqua,
1368 1026 1480 1087 sed
1512 1035 1582 1088 ut
1606 1027 1871 1101 haberet,
1903 1029 2071 1103 quod
2100 1027 2237 1103 ipse

183 1109 453 1182 dicebat,
495 1110 576 1167 ad
616 1118 962 1183 praeturam
1000 1108 1359 1183 gerendam,
1403 1108 1524 1169 hoc
1555 1118 1678 1181 est,
1724 1109 1804 1168 ad
1845 1110 2235 1171 evertendam

179 1207 308 1251 rem
343 1189 676 1265 publicam,
717 1192 964 1266 plenum
997 1207 1216 1251 annum
1259 1199 1442 1265 atque
1483 1190 1798 1265 integrum.
1884 1188 1984 1253 25.
2016 1192 2233 1254 occur-

180 1273 356 1333 rebat
397 1272 454 1333 ei
483 1288 758 1335 mancam
797 1288 871 1333 ac⁴
912 1272 1172 1333 debilem
1203 1282 1548 1347 praeturam
1574 1275 1835 1335 futuram
1878 1281 2055 1333 suain
2094 1290 2233 1334 con-

185 1355 319 1416 sule
359 1354 614 1416 Milone=
671 1371 808 1416 eum
859 1372 1043 1429 porro
1089 1371 1326 1415 summo
1370 1371 1678 1417 consensu
1724 1354 1938 1431 populi
1984 1355 2241 1417 Romani

186 1436 498 1497 consulem
542 1435 674 1497 fieri
729 1436 993 1498 videbat.
1081 1437 1341 1499 Contulit
1381 1454 1450 1499 se
1487 1438 1569 1497 ad
1608 1438 1741 1499 eius
1788 1438 2235 1513 competitores,

186 1515 300 1581 sed
325 1519 436 1594 ita,
481 1527 662 1581 totam
689 1527 756 1580 ut
785 1520 1136 1595 petitionem
1167 1519 1305 1594 ipse
1338 1522 1509 1581 solus
1540 1519 1719 1581 etiam
1750 1519 1955 1585 invitis
1984 1520 2103 1580 illis
2130 1536 2239 1595 gu-

185 1602 494 1674 bernaret,
525 1609 651 1663 tota
679 1610 746 1663 ut
774 1602 1015 1664 comitia
1043 1602 1205 1674 suiS,
1227 1611 1298 1664 ut
1322 1602 1649 1673 dictitabat,
1683 1601 1949 1662 humeris
1981 1602 2239 1662 sustinc-

188 1692 297 1746 ret.
384 1683 774 1744 Convocabat
814 1685 1033 1757 tribus,
1076 1700 1146 1743 se
1192 1683 1645 1757 interponebat,
1688 1684 1980 1743 Collinam
2020 1700 2239 1743 novam

187 1764 413 1824 dilectu
459 1764 1001 1837 perditissimorum
1050 1764 1268 1824 civium
1317 1763 1759 1825 conscribebat.
1858 1764 2091 1838 Quanto
2140 1764 2243 1823 ilie

188 1847 364 1921 plura
395 1843 718 1917 miscebat,
760 1852 927 1906 tanto
956 1845 1055 1905 hic
1079 1846 1271 1918 mag-is
1300 1844 1360 1904 in
1392 1844 1525 1905 dies
1554 1846 2041 1906 convalescebat.
2122 1844 2243 1907 Ubi

179 1926 338 1989 *vidit
360 1927 544 1988 homo
565 1927 642 1986 ad
672 1942 852 1987 omne
884 1928 1118 1987 facinus
1147 1926 1568 2001 paratissimus
1606 1926 1999 1987 fortissimum
2029 1928 2239 1994 virum,

187 2008 678 2071 inimicissimum·
696 2024 902 2083 suum,
939 2007 1340 2069 certissimum
1368 2010 1703 2079 consulem,
1736 2007 1924 2083 idque
1949 2008 2243 2069 intellexit

189 2106 310 2149 non
337 2092 536 2151 solum
565 2090 980 2163 sermonibuS,
1021 2092 1136 2151 sed
1175 2090 1353 2151 etiam
1390 2089 1698 2165 suffragiis
1740 2091 1951 2165 populi
1984 2090 2242 2151 Romani

191 2188 381 2247 saepe
407 2188 549 2234 esse
579 2173 977 2246 declaratum,
1014 2173 1211 2247 palam
1251 2188 1434 2247 agere
1474 2172 1677 2247 coepit
1708 2182 1768 2233 et
1794 2181 2003 2247 aperte
2034 2172 2239 2233 dicere

191 2254 588 2315 occidendum
615 2254 918 2315 Milonem.
973 2254 1074 2316 26.
1107 2254 1334 2315 Servos
1368 2262 1641 2329 agrestes
1671 2263 1731 2315 et
1758 2256 2071 2329 barbaroS,
2108 2254 2241 2329 qui·-

190 2338 307 2397 bus
349 2335 538 2397 silvas
583 2337 855 2411 publicas
898 2339 1306 2411 depopulatus
1349 2344 1477 2398 erat
1502 2338 1921 2412 Etruriamque
1968 2345 2240 2410 vexarat,

193 2434 271 2478 ex
295 2418 621 2494 Apennino
672 2420 1032 2493 deduxerat,
1075 2436 1235 2493 quos
1274 2418 1593 2479 videbatis.
1678 2420 1803 2481 Res
1838 2427 1969 2481 erat
1996 2418 2240 2479 minime

159 2499 468 2562 ohscura.
553 2502 788 2563 Etenim
823 2503 1026 2577 palam
1071 2501 1384 2561 dictitabat
1424 2503 1802 2562 consulatum
1832 2501 2045 2562 Miloni
2087 2497 2240 2572 eripi

191 2598 311 2642 non
343 2600 562 2658 posse,
609 2583 791 2645 vitam
821 2599 1028 2659 posse.
1117 2582 1493 2658 Significavit
1534 2583 1652 2644 hoc
1688 2598 1877 2659 saepe
1910 2584 1971 2643 in
2008 2589 2239 2652 senatu,

191 2663 341 2726 dixit
388 2663 448 2724 in
491 2665 809 2729 contiones
861 2664 1004 2741 quin
1046 2666 1224 2730 etiam
1252 2666 1331 2725 M.
1371 2664 1674 2738 Favonio,
1718 2664 2047 2725 fortissimo
2091 2661 2244 2735 viro,

196 2747 508 2821 quaerenti
543 2764 622 2809 ex
649 2764 726 2809 eo
757 2765 879 2824 qua
906 2765 1020 2823 spe
1050 2750 1275 2809 fureret
1299 2747 1526 2807 Milone
1555 2746 1735 2820 vivo,
1777 2746 2097 2821 respondit
2135 2744 2238 2805 tri-

192 2829 314 2889 duo
345 2828 510 2889 illum
533 2839 637 2890 aut
663 2847 958 2890 summum
985 2830 1326 2903 quadriduo
1356 2845 1497 2889 esse
1528 2827 1889 2903 periturum=
1925 2844 2106 2903 quam
2136 2842 2241 2887 vo·

191 2926 323 2971 cem
369 2911 501 2972 eius
543 2913 624 2971 ad
654 2911 812 2971 hunc
840 2912 918 2971 M.
951 2910 1236 2971 Catonem
1277 2909 1477 2970 statim
1502 2908 1809 2969 Favonius
1858 2909 2084 2971 detulit.
2168 2908 2243 2967 X.

192 2991 566 3056 27..lnterim
591 3011 786 3068 -quum
815 2994 996 3053 sciret
1027 2992 1274 3053 Clodius
1306 3024 1391 3037 --
1419 3008 1621 3067 neque
1650 2990 1808 3051 enim
1838 2998 1966 3053 erat
1998 2990 2247 3051 difficile

195 3076 350 3136 scire
378 3110 448 3121 -—
475 3075 587 3135 iter
607 3076 882 3135 sollenne
895 3122 912 3149 ‚
954 3074 1299 3149 legitimum,
1327 3072 1743 3137 necessarium
1764 3083 1905 3134 ante
1924 3072 2086 3133 diem
2106 3088 2243 3130 xm.

193 3156 502 3218 Kalendas
531 3156 892 3218 Februarias
913 3152 1126 3216 Miloni
1146 3172 1291 3217 esse
1316 3154 1653 3217 Lanuvium
1677 3156 1756 3215 ad
1776 3154 2082 3215 flaminem
2104 3169 2245 3227 pro·

195 3239 488 3311 dendum,
539 3241 705 3315 quod
736 3248 864 3299 erat
894 3240 1149 3300 dictator
1173 3236 1430 3299 Lanuvii
1470 3237 1637 3311 Milo,
1670 3239 1865 3297 Roma
1888 3234 2087 3297 subito
2111 3234 2248 3309 ipse

197 3322 502 3395 profectus
542 3320 736 3396 pridie
777 3330 898 3395 est,
940 3328 1007 3381 ut
1046 3328 1182 3380 ante
1210 3336 1385 3380 suum
1415 3320 1694 3391 fundum,
1726 3317 1893 3393 quod
1919 3332 1987 3377 re
2021 3315 2247 3377 intelle·
