2459 3817
640 195 808 259 cAP.
836 202 1031 258 3-5.
1071 200 1124 263 ς.
1152 201 1382 257 σ-ιι,
1927 192 2058 261 253

0 348 132 412 mihi
171 348 313 411 licet
358 363 563 424 neque
603 354 701 409 est
730 344 1064 422 integrum,
1112 352 1178 406 ut
1206 360 1412 407 meum
1441 344 1714 407 laborem
1745 343 2058 411 hominum

0 432 277 510 periculis
319 430 715 493 sublevandis
756 446 882 491 non
925 428 1285 504 impertiam.
1356 428 1506 493 Nam
1553 444 1742 504 quum
1785 430 2062 505 praemia

0 516 134 577 milii
160 524 327 579 tanta
355 531 469 592 pro
500 514 618 576 hac
646 511 949 579 industria
976 510 1099 575 sint
1126 512 1300 585 data,
1345 519 1572 587 quanta
1599 520 1784 575 antea
1812 513 2062 591 nemini,

0 604 28 676 Ι-
65 599 160 661 sie
190 606 253 658 et
290 596 347 659 si
386 596 657 673 ceperis,
700 613 846 670 eoS,
890 612 1076 691 quum
1104 595 1368 670 adeptus
1404 594 1523 670 sis,
1571 595 1914 671 deponere,
1962 613 2062 657 es-

0 692 85 745 set
122 680 389 753 hominis
428 688 490 743 et
527 678 712 743 astuti
746 690 807 743 et
834 677 1071 754 ingrati.
1142 677 1204 739 9.
1249 677 1426 752 Quod
1466 676 1524 740 si
1571 676 1716 742 lieet
1756 679 2061 755 desinere,

0 764 43 827 ti
72 773 133 827 te
164 772 415 829 auctore
444 779 736 839 possum,
768 762 823 823 si
852 764 1017 823 nulla
1044 762 1330 833 inertiae,
1375 762 1541 821 nulla
1571 761 1902 843 superbiae
1938 772 2062 825 tur-

0 848 219 924 pitudo,
236 849 409 909 nulla
428 844 881 909 inhumanitatis
906 846 1088 919 culpa
1110 841 1462 919 suscipitur,
1487 858 1605 921 ego
1633 860 1779 905 vero
1797 832 2062 909 libenter

0 930 225 993 lesino.
314 930 423 995 Sin
464 939 668 993 autem
709 931 853 1005 fuga
896 927 1125 989 laboris
1158 925 1489 999 desidi-am,
1532 926 1879 1001 repudiatio
1913 946 2061 1005 sup·

0 1014 214 1089 {ilicum
236 1012 603 1089 superbiam,
626 1012 961 1073 amicorum
975 1009 1276 1085 neglectio
1299 1008 1750 1085 improbitatem
1765 1012 2058 1088 coarguit,

0 1095 269 1157 nimirum
294 1096 449 1157 haee
486 1112 677 1158 causa
706 1103 805 1157 est
832 1096 965 1158 eius
991 1092 1180 1166 modi,
1213 1108 1398 1167 quam
1427 1109 1542 1155 nec
1571 1091 1910 1159 industrius
1945 1111 2062 1160 nec

0 1179 335 1241 misericors
368 1194 485 1239 nec
515 1177 837 1241 officiosus
861 1178 1149 1241 deserere
1175 1175 1394 1251 possit.
1455 1177 1660 1252 Atque
1683 1173 1940 1241 huiusce
1967 1177 2062 1239 rei

0 1260 401 1325 :onieeturam
438 1262 517 1323 de
549 1269 654 1325 tuo
695 1259 902 1335 ipsius
933 1258 1169 1333 studio,
1215 1258 1422 1333 Servi,
1470 1258 1756 1321 facillime
1795 1261 2060 1337 ceperis.

0 1345 135 1407 Nam
168 1344 225 1406 si
256 1344 363 1405 tibi
406 1359 668 1407 necesse
708 1351 892 1419 putas
920 1341 1103 1405 etiam
1142 1340 1516 1406 adversariis
1555 1342 1893 1405 amicorum
1925 1354 2059 1409 tuo·

0 1444 121 1489 rum
150 1428 231 1493 de
260 1426 393 1493 iure
419 1426 881 1495 consulentibus
916 1426 1316 1501 respondere,
1358 1434 1419 1488 et
1449 1424 1505 1487 si
1537 1435 1715 1503 turpe
1741 1426 2058 1491 existimas

0 1527 45 1572 ’,ε
70 1510 373 1575 advocato
395 1510 565 1574 illum
588 1509 813 1586 ipsum,
843 1526 1026 1587 quem
1056 1516 1273 1573 contra
1297 1508 1565 1585 veneris,
1595 1526 1786 1574 causa
1815 1513 2058 1588 cadere,

0 1593 109 1657 ioli
138 1602 261 1661 tam
289 1611 433 1658 esse
458 1591 753 1667 iniustuS,
792 1602 887 1667 ut,
926 1610 1125 1689 ‚quum
1159 1592 1247 1657 tui
1277 1594 1478 1655 fontes
1515 1592 1660 1654 vel
1643 1592 1904 1658 mimicis
1937 1597 2056 1659 tuis

0 1685 263 1752 meant,
306 1685 555 1741 nostros
597 1679 777 1741 etiam
823 1676 1037 1738 amicis
1072 1685 1252 1752 putes
1287 1680 1534 1740 clausos
1573 1692 1715 1741 esse
1744 1686 2056 1751 oportere.

0 1760 86 1822 l0.
128 1758 365 1825 Etenim
406 1760 461 1821 si
500 1776 597 1821 me
634 1770 737 1821 tua
771 1758 1147 1819 familiaritas
1180 1760 1258 1821 ab
1299 1760 1416 1821 hac
1452 1775 1652 1821 causa
1690 1761 2058 1823 removisset

0 1853 45 1906 it
78 1843 133 1905 si
168 1844 291 1903 hoe
317 1843 480 1904 idem
510 1842 578 1917 Ω.
608 1841 935 1903 Hortensio
964 1842 1045 1901 Μ.
1081 1842 1338 1915 Crasso,
1375 1839 1741 1904 clarissimis
1772 1840 1952 1915 viriS,
2001 1843 2056 1905 si

0 1934 125 1987 tem
200 1924 453 1998 ceteriS,
502 1943 541 1985 a
581 1925 803 2001 quihus
832 1924 1099 1999 intelligo
1130 1932 1296 1985 tuam
1333 1924 1586 2000 gratiam
1628 1924 1831 2000 magni
1871 1925 2055 1989 aesti-

0 2008 156 2083 nari,
186 2009 535 2083 accidisset,
564 2007 627 2068 in
658 2024 735 2068 ea
764 2006 1007 2068 civitate
1028 2010 1244 2069 consul
1278 2006 1635 2083 designatus
1664 2008 2053 2071 defensorem

0 2110 108 2155 ion
140 2092 422 2165 haberet,
462 2091 527 2152 in
570 2108 695 2167 qua
726 2089 951 2152 nemini
984 2108 1275 2166 umquam
1315 2090 1524 2153 infimo
1557 2090 1823 2153 maiores
1850 2093 2056 2154 nostri

0 2184 305 2237 ›atronum
347 2176 571 2236 deesse
612 2176 952 2237 voluerunt.
1036 2176 1167 2251 Ego
1224 2191 1403 2249 vero,
1456 2174 1726 2249 iudices,
1777 2176 1914 2251 ipse
1955 2192 2055 2237 me

0 2258 394 2321 ixistimarem
422 2257 739 2333 nefarium,
773 2257 828 2321 si
853 2258 1069 2325 amico,
1107 2260 1436 2333 crudelem,
1481 2258 1534 2319 si
1563 2256 1806 2333 misero,
1839 2276 2053 2335 super·

0 2360 159 2415 ium,
190 2341 245 2402 si
274 2342 513 2404 consuli
544 2342 900 2405 defuissem.
963 2342 1093 2417 Qua
1124 2359 1192 2402 re
1224 2344 1392 2417 quod
1423 2342 1692 2403 dandum
1723 2351 1819 2404 est
1846 2342 2053 2403 amici·

0 2426 122 2497 iae,
149 2426 318 2501 large
349 2426 589 2487 dabitur
615 2443 655 2487 a
679 2442 795 2499 me,
826 2436 895 2488 ut
919 2432 1121 2487 tecum
1150 2442 1346 2523 agam,
1381 2425 1575 2500 Servi,
1609 2442 1730 2487 non
1761 2442 1946 2488 secus
1979 2442 2054 2487 ac

0 2510 38 2569 εἰ
66 2524 243 2571 meus
279 2518 449 2571 esset
474 2510 689 2583 frater,
742 2509 847 2584 qui
880 2508 1025 2570 mihi
1054 2518 1150 2573 est
1189 2509 1577 2604 carissimus,
1623 2509 1744 2570 isto
1775 2508 1839 2569 in
1881 2511 2050 2571 locos

0 2593 154 2666 luod
179 2590 564 2654 tribuendum
584 2601 680 2654 est
708 2592 931 2666 officio,
956 2594 1119 2690 fidei,
1148 2592 1447 2668 religioni,
1475 2592 1539 2652 id
1561 2590 1644 2653 ita
1663 2592 2050 2689 moderabor,

0 2684 46 2737 it
87 2674 461 2739 meminerim
500 2693 597 2738 me
639 2686 852 2740 contra
891 2677 1067 2737 amici
1112 2677 1379 2739 studium
1413 2692 1527 2751 pro
1562 2672 1740 2737 amici
1773 2675 2050 2751 periculo

0 2758 214 2819 licere.

150 2844 228 2902 V.
264 2842 364 2905 ll.
408 2844 701 2919 Intelligo,
732 2843 987 2918 iudices,
1029 2843 1157 2913 tris„
1186 2844 1370 2904 totius
1400 2841 1810 2905 accusationis
1843 2851 2050 2919 partes

0 2924 179 2986 'uisse
210 2934 272 2987 et
300 2943 508 2987 earum
535 2944 719 2989 unam
746 2927 807 2987 in
836 2927 1317 3004 reprehensione
1337 2923 1520 3000 vitae,
1547 2930 1798 2987 alteram
1817 2926 1880 2987 in
1904 2943 2050 2987 con·

0 3008 252 3071 entione
294 3010 630 3085 dignitatiS,
676 3012 913 3071 tertiam
952 3010 1015 3069 in
1056 3008 1408 3071 criminibus
1443 3011 1704 3071 ambitus
1738 3026 1881 3073 esse
1916 3026 2048 3070 ver·

0 3100 197 3152 iatam.
254 3094 459 3165 Atque
486 3094 699 3155 harum
733 3096 908 3155 trium
939 3093 1197 3169 partium
1229 3091 1428 3169 prima
1456 3092 1589 3167 illa,
1625 3110 1784 3169 quae
1816 3092 2050 3169 gravis-

0 3174 141 3236 sima
160 3177 425 3239 debebat
452 3192 628 3251 esse,
650 3176 733 3238 ita
764 3178 872 3241 fuit
900 3178 1140 3241 infirma
1167 3185 1228 3239 et
1257 3176 1432 3250 leviS,
1463 3183 1530 3239 ut
1555 3176 1696 3239 illos
1724 3179 1826 3237 lex
1855 3175 2050 3251 magis

0 3260 287 3332 maedam
332 3260 714 3324 accusatoria
760 3279 940 3337 quam
986 3278 1131 3323 vera
1170 3263 1326 3323 male
1367 3260 1612 3323 dicendi
1663 3260 1920 3321 facultas
1972 3261 2052 3321 de

0 3339 110 3402 rita
149 3343 215 3403 L.
245 3342 537 3407 Murenae
576 3346 782 3408 dicere
826 3344 1058 3422 aliquid
1098 3344 1386 3420 coegerit.
1474 3343 1722 3406 Obiecta
1761 3351 1858 3405 est
1891 3344 2050 3404 enim

0 3422 165 3485 &sim
218 3443 379 3503 quae
416 3429 495 3491 ab
533 3429 653 3491 hoc
694 3446 817 3493 non
847 3432 927 3491 ad
957 3431 1332 3505 voluptatem
1362 3435 1424 3489 et
1453 3425 1755 3488 luxuriam
1783 3426 2050 3502 expetita
