<?xml version="1.0" encoding="UTF-8"?>
<!DOCTYPE html PUBLIC "-//W3C//DTD XHTML 1.0 Transitional//EN"
    "http://www.w3.org/TR/xhtml1/DTD/xhtml1-transitional.dtd">
<html xmlns="http://www.w3.org/1999/xhtml" xml:lang="en" lang="en">
 <head>
  <title>
</title>
<meta http-equiv="Content-Type" content="text/html;charset=utf-8" />
  <meta name='ocr-system' content='tesseract 3.04.00' />
  <meta name='ocr-capabilities' content='ocr_page ocr_carea ocr_par ocr_line ocrx_word'/>
</head>
<body>
  <div class='ocr_page' id='page_1' title='image "./mtulliiciceroni00klotgoog_0279.png"; bbox 0 0 2459 3817; ppageno 0'>
   <div class='ocr_carea' id='block_1_1' title="bbox 248 80 1746 149">
    <p class='ocr_par' dir='ltr' id='par_1_1' title="bbox 248 80 1746 149">
     <span class='ocr_line' id='line_1_1' title="bbox 248 80 1746 149; baseline 0.001 -4"><span class='ocrx_word' id='word_1_1' title='bbox 248 80 375 145; x_wconf 79' lang='lat'><strong>272</strong></span> <span class='ocrx_word' id='word_1_2' title='bbox 809 86 961 149; x_wconf 69' lang='lat' dir='ltr'><strong>PRO</strong></span> <span class='ocrx_word' id='word_1_3' title='bbox 988 88 1055 147; x_wconf 92' lang='lat' dir='ltr'><strong>L.</strong></span> <span class='ocrx_word' id='word_1_4' title='bbox 1084 86 1412 149; x_wconf 76' lang='lat' dir='ltr'><strong>MUREnA</strong></span> <span class='ocrx_word' id='word_1_5' title='bbox 1441 84 1746 148; x_wconf 81' lang='lat' dir='ltr'>ORATIO.</span> 
     </span>
    </p>
   </div>
   <div class='ocr_carea' id='block_1_2' title="bbox 223 235 2305 3406">
    <p class='ocr_par' dir='ltr' id='par_1_2' title="bbox 230 235 2305 1564">
     <span class='ocr_line' id='line_1_2' title="bbox 239 235 2298 313; baseline -0.003 -9"><span class='ocrx_word' id='word_1_6' title='bbox 239 235 405 303; x_wconf 82' lang='lat' dir='ltr'><strong>dicio</strong></span> <span class='ocrx_word' id='word_1_7' title='bbox 418 284 437 313; x_wconf 90' lang='lat'><strong>,</strong></span> <span class='ocrx_word' id='word_1_8' title='bbox 488 245 557 303; x_wconf 88' lang='lat' dir='ltr'><strong>ut</strong></span> <span class='ocrx_word' id='word_1_9' title='bbox 596 236 797 300; x_wconf 85' lang='lat' dir='ltr'><strong>nimiis</strong></span> <span class='ocrx_word' id='word_1_10' title='bbox 834 237 1170 299; x_wconf 82' lang='lat' dir='ltr'><strong>adversarii</strong></span> <span class='ocrx_word' id='word_1_11' title='bbox 1212 236 1448 301; x_wconf 80' lang='lat' dir='ltr'><strong>viribus</strong></span> <span class='ocrx_word' id='word_1_12' title='bbox 1488 238 1765 301; x_wconf 85' lang='lat' dir='ltr'><strong>abiectus</strong></span> <span class='ocrx_word' id='word_1_13' title='bbox 1807 237 2132 306; x_wconf 84' lang='lat' dir='ltr'><strong>videretur.</strong></span> <span class='ocrx_word' id='word_1_14' title='bbox 2197 236 2298 303; x_wconf 71' lang='lat'><strong>5⁹.</strong></span> 
     </span>
     <span class='ocr_line' id='line_1_3' title="bbox 238 320 2304 401; baseline 0 -16"><span class='ocrx_word' id='word_1_15' title='bbox 238 321 429 401; x_wconf 78' lang='lat' dir='ltr'><strong>Quid,</strong></span> <span class='ocrx_word' id='word_1_16' title='bbox 472 322 603 385; x_wconf 86' lang='lat' dir='ltr'><strong>Ser.</strong></span> <span class='ocrx_word' id='word_1_17' title='bbox 632 322 883 383; x_wconf 84' lang='lat' dir='ltr'><strong>Galbam</strong></span> <span class='ocrx_word' id='word_1_18' title='bbox 910 352 997 365; x_wconf 90' lang='lat'><strong>-—-</strong></span> <span class='ocrx_word' id='word_1_19' title='bbox 1021 336 1161 381; x_wconf 89' lang='lat' dir='ltr'><strong>nam</strong></span> <span class='ocrx_word' id='word_1_20' title='bbox 1190 320 1474 383; x_wconf 75' lang='lat' dir='ltr'><strong>traditum</strong></span> <span class='ocrx_word' id='word_1_21' title='bbox 1503 320 1832 384; x_wconf 77' lang='lat' dir='ltr'><strong>memoriae</strong></span> <span class='ocrx_word' id='word_1_22' title='bbox 1863 331 1962 385; x_wconf 84' lang='lat' dir='ltr'><strong>est</strong></span> <span class='ocrx_word' id='word_1_23' title='bbox 1985 356 2072 369; x_wconf 94' lang='lat'><em>-</em></span> <span class='ocrx_word' id='word_1_24' title='bbox 2097 338 2304 385; x_wconf 87' lang='lat' dir='ltr'><strong>nonne</strong></span> 
     </span>
     <span class='ocr_line' id='line_1_4' title="bbox 238 402 2301 485; baseline 0 -17"><span class='ocrx_word' id='word_1_25' title='bbox 238 422 475 485; x_wconf 87' lang='lat' dir='ltr'><strong>proavo</strong></span> <span class='ocrx_word' id='word_1_26' title='bbox 514 414 649 478; x_wconf 90' lang='lat' dir='ltr'><strong>tuo,</strong></span> <span class='ocrx_word' id='word_1_27' title='bbox 699 402 1031 465; x_wconf 80' lang='lat' dir='ltr'><strong>fortissimo</strong></span> <span class='ocrx_word' id='word_1_28' title='bbox 1064 413 1251 480; x_wconf 86' lang='lat' dir='ltr'><strong>atque</strong></span> <span class='ocrx_word' id='word_1_29' title='bbox 1291 404 1726 468; x_wconf 84' lang='lat' dir='ltr'><strong>florentissimo</strong></span> <span class='ocrx_word' id='word_1_30' title='bbox 1769 404 1930 478; x_wconf 89' lang='lat' dir='ltr'><strong>viro,</strong></span> <span class='ocrx_word' id='word_1_31' title='bbox 1974 405 2053 466; x_wconf 87' lang='grc' dir='ltr'><strong>Μ.</strong></span> <span class='ocrx_word' id='word_1_32' title='bbox 2091 405 2301 468; x_wconf 87' lang='lat' dir='ltr'><strong>Catoni</strong></span> 
     </span>
     <span class='ocr_line' id='line_1_5' title="bbox 238 486 2304 565; baseline -0.001 -14"><span class='ocrx_word' id='word_1_33' title='bbox 238 487 609 551; x_wconf 78' lang='lat' dir='ltr'><strong>incumbenti</strong></span> <span class='ocrx_word' id='word_1_34' title='bbox 661 487 742 548; x_wconf 91' lang='lat' dir='ltr'><strong>ad</strong></span> <span class='ocrx_word' id='word_1_35' title='bbox 792 486 927 548; x_wconf 88' lang='lat' dir='ltr'><strong>eius</strong></span> <span class='ocrx_word' id='word_1_36' title='bbox 979 487 1308 563; x_wconf 87' lang='lat' dir='ltr'><strong>perniciem</strong></span> <span class='ocrx_word' id='word_1_37' title='bbox 1362 489 1630 565; x_wconf 84' lang='lat' dir='ltr'><strong>populus</strong></span> <span class='ocrx_word' id='word_1_38' title='bbox 1677 490 1990 550; x_wconf 87' lang='lat' dir='ltr'><strong>Romanus</strong></span> <span class='ocrx_word' id='word_1_39' title='bbox 2043 487 2304 565; x_wconf 69' lang='lat' dir='ltr'><strong>eripuitt</strong></span> 
     </span>
     <span class='ocr_line' id='line_1_6' title="bbox 240 569 2303 649; baseline 0 -16"><span class='ocrx_word' id='word_1_40' title='bbox 240 572 499 649; x_wconf 86' lang='lat' dir='ltr'><strong>Semper</strong></span> <span class='ocrx_word' id='word_1_41' title='bbox 530 570 591 632; x_wconf 91' lang='lat' dir='ltr'><strong>in</strong></span> <span class='ocrx_word' id='word_1_42' title='bbox 621 572 737 631; x_wconf 89' lang='lat' dir='ltr'><strong>hac</strong></span> <span class='ocrx_word' id='word_1_43' title='bbox 768 569 1009 633; x_wconf 79' lang='lat' dir='ltr'><strong>civitate</strong></span> <span class='ocrx_word' id='word_1_44' title='bbox 1044 570 1223 632; x_wconf 87' lang='lat' dir='ltr'><strong>nimis</strong></span> <span class='ocrx_word' id='word_1_45' title='bbox 1265 572 1502 648; x_wconf 79' lang='lat' dir='ltr'><strong>magnis</strong></span> <span class='ocrx_word' id='word_1_46' title='bbox 1535 579 1958 633; x_wconf 77' lang='lat' dir='ltr'><strong>accusatorum</strong></span> <span class='ocrx_word' id='word_1_47' title='bbox 1989 571 2212 648; x_wconf 88' lang='lat' dir='ltr'><strong>opibus</strong></span> <span class='ocrx_word' id='word_1_48' title='bbox 2241 580 2303 634; x_wconf 88' lang='lat' dir='ltr'><strong>ct</strong></span> 
     </span>
     <span class='ocr_line' id='line_1_7' title="bbox 236 653 2300 733; baseline 0 -17"><span class='ocrx_word' id='word_1_49' title='bbox 236 657 505 733; x_wconf 81' lang='lat' dir='ltr'><strong>populus</strong></span> <span class='ocrx_word' id='word_1_50' title='bbox 534 654 861 715; x_wconf 87' lang='lat' dir='ltr'><strong>universus</strong></span> <span class='ocrx_word' id='word_1_51' title='bbox 887 662 951 715; x_wconf 90' lang='lat' dir='ltr'><strong>et</strong></span> <span class='ocrx_word' id='word_1_52' title='bbox 986 653 1298 730; x_wconf 87' lang='lat' dir='ltr'><strong>sapientes</strong></span> <span class='ocrx_word' id='word_1_53' title='bbox 1325 670 1401 715; x_wconf 89' lang='lat' dir='ltr'><strong>ac</strong></span> <span class='ocrx_word' id='word_1_54' title='bbox 1439 657 1690 718; x_wconf 90' lang='lat' dir='ltr'><strong>multum</strong></span> <span class='ocrx_word' id='word_1_55' title='bbox 1721 654 1782 716; x_wconf 91' lang='lat' dir='ltr'><strong>in</strong></span> <span class='ocrx_word' id='word_1_56' title='bbox 1815 664 2130 731; x_wconf 87' lang='lat' dir='ltr'><strong>posterum</strong></span> <span class='ocrx_word' id='word_1_57' title='bbox 2160 672 2300 732; x_wconf 85' lang='lat' dir='ltr'><strong>pro-</strong></span> 
     </span>
     <span class='ocr_line' id='line_1_8' title="bbox 236 736 2300 816; baseline 0.001 -17"><span class='ocrx_word' id='word_1_58' title='bbox 236 736 568 816; x_wconf 84' lang='lat' dir='ltr'><strong>spicientes</strong></span> <span class='ocrx_word' id='word_1_59' title='bbox 608 737 843 800; x_wconf 86' lang='lat' dir='ltr'><strong>iudices</strong></span> <span class='ocrx_word' id='word_1_60' title='bbox 886 737 1254 801; x_wconf 86' lang='lat' dir='ltr'><strong>restiterunt.</strong></span> <span class='ocrx_word' id='word_1_61' title='bbox 1335 738 1488 800; x_wconf 85' lang='lat' dir='ltr'><strong>Nolo</strong></span> <span class='ocrx_word' id='word_1_62' title='bbox 1528 746 1854 801; x_wconf 86' lang='lat' dir='ltr'><strong>accusator</strong></span> <span class='ocrx_word' id='word_1_63' title='bbox 1901 738 1962 800; x_wconf 90' lang='lat' dir='ltr'><strong>in</strong></span> <span class='ocrx_word' id='word_1_64' title='bbox 2011 738 2300 801; x_wconf 88' lang='lat' dir='ltr'><strong>iudicium</strong></span> 
     </span>
     <span class='ocr_line' id='line_1_9' title="bbox 234 819 2297 901; baseline 0 -17"><span class='ocrx_word' id='word_1_65' title='bbox 234 821 566 901; x_wconf 87' lang='lat' dir='ltr'><strong>potentiam</strong></span> <span class='ocrx_word' id='word_1_66' title='bbox 595 823 847 895; x_wconf 79' lang='lat' dir='ltr'><strong>adferat,</strong></span> <span class='ocrx_word' id='word_1_67' title='bbox 880 837 1003 881; x_wconf 90' lang='lat' dir='ltr'><strong>non</strong></span> <span class='ocrx_word' id='word_1_68' title='bbox 1032 820 1159 882; x_wconf 86' lang='lat' dir='ltr'><strong>vim</strong></span> <span class='ocrx_word' id='word_1_69' title='bbox 1186 819 1478 882; x_wconf 84' lang='lat' dir='ltr'><strong>maiorem</strong></span> <span class='ocrx_word' id='word_1_70' title='bbox 1506 821 1791 899; x_wconf 86' lang='lat' dir='ltr'><strong>aliquam,</strong></span> <span class='ocrx_word' id='word_1_71' title='bbox 1825 838 1948 884; x_wconf 90' lang='lat' dir='ltr'><strong>non</strong></span> <span class='ocrx_word' id='word_1_72' title='bbox 1977 822 2297 885; x_wconf 83' lang='lat' dir='ltr'><strong>auctorita·</strong></span> 
     </span>
     <span class='ocr_line' id='line_1_10' title="bbox 233 903 2302 980; baseline -0 -12"><span class='ocrx_word' id='word_1_73' title='bbox 233 914 355 969; x_wconf 90' lang='lat' dir='ltr'><strong>tem</strong></span> <span class='ocrx_word' id='word_1_74' title='bbox 390 908 817 980; x_wconf 79' lang='lat' dir='ltr'><strong>excellentem,</strong></span> <span class='ocrx_word' id='word_1_75' title='bbox 852 920 977 965; x_wconf 85' lang='lat' dir='ltr'><strong>nou</strong></span> <span class='ocrx_word' id='word_1_76' title='bbox 1010 903 1254 965; x_wconf 82' lang='lat' dir='ltr'><strong>nimiam</strong></span> <span class='ocrx_word' id='word_1_77' title='bbox 1289 905 1559 979; x_wconf 81' lang='lat' dir='ltr'><strong>gratiam.</strong></span> <span class='ocrx_word' id='word_1_78' title='bbox 1619 906 1879 969; x_wconf 85' lang='lat' dir='ltr'><strong>Valeant</strong></span> <span class='ocrx_word' id='word_1_79' title='bbox 1913 906 2067 967; x_wconf 88' lang='lat' dir='ltr'><strong>haec</strong></span> <span class='ocrx_word' id='word_1_80' title='bbox 2097 905 2302 967; x_wconf 87' lang='lat' dir='ltr'><strong>omnia</strong></span> 
     </span>
     <span class='ocr_line' id='line_1_11' title="bbox 234 987 2300 1067; baseline -0 -16"><span class='ocrx_word' id='word_1_81' title='bbox 234 991 314 1051; x_wconf 88' lang='lat' dir='ltr'><strong>ad</strong></span> <span class='ocrx_word' id='word_1_82' title='bbox 343 992 600 1052; x_wconf 86' lang='lat' dir='ltr'><strong>salutem</strong></span> <span class='ocrx_word' id='word_1_83' title='bbox 628 987 1071 1062; x_wconf 88' lang='lat' dir='ltr'><strong>innocentium,</strong></span> <span class='ocrx_word' id='word_1_84' title='bbox 1109 988 1191 1048; x_wconf 89' lang='lat' dir='ltr'><strong>ad</strong></span> <span class='ocrx_word' id='word_1_85' title='bbox 1219 1004 1402 1065; x_wconf 88' lang='lat' dir='ltr'><strong>opem</strong></span> <span class='ocrx_word' id='word_1_86' title='bbox 1431 988 1868 1067; x_wconf 81' lang='lat' dir='ltr'><strong>impotentium,</strong></span> <span class='ocrx_word' id='word_1_87' title='bbox 1897 990 1978 1050; x_wconf 85' lang='lat' dir='ltr'><strong>ad</strong></span> <span class='ocrx_word' id='word_1_88' title='bbox 2009 990 2300 1051; x_wconf 84' lang='lat' dir='ltr'><strong>auxilium</strong></span> 
     </span>
     <span class='ocr_line' id='line_1_12' title="bbox 236 1070 2298 1149; baseline -0.001 -14"><span class='ocrx_word' id='word_1_89' title='bbox 236 1074 760 1145; x_wconf 82' lang='lat' dir='ltr'><strong>calamitosorum,</strong></span> <span class='ocrx_word' id='word_1_90' title='bbox 806 1072 866 1131; x_wconf 90' lang='lat' dir='ltr'><strong>in</strong></span> <span class='ocrx_word' id='word_1_91' title='bbox 898 1070 1173 1149; x_wconf 88' lang='lat' dir='ltr'><strong>periculo</strong></span> <span class='ocrx_word' id='word_1_92' title='bbox 1206 1088 1352 1133; x_wconf 85' lang='lat' dir='ltr'><strong>vero</strong></span> <span class='ocrx_word' id='word_1_93' title='bbox 1385 1071 1534 1134; x_wconf 87' lang='lat' dir='ltr'><strong>etin</strong></span> <span class='ocrx_word' id='word_1_94' title='bbox 1562 1073 1836 1149; x_wconf 84' lang='lat' dir='ltr'><strong>pernicie</strong></span> <span class='ocrx_word' id='word_1_95' title='bbox 1863 1072 2090 1135; x_wconf 86' lang='lat' dir='ltr'><strong>civium</strong></span> <span class='ocrx_word' id='word_1_96' title='bbox 2117 1090 2298 1149; x_wconf 86' lang='lat' dir='ltr'><strong>repu-</strong></span> 
     </span>
     <span class='ocr_line' id='line_1_13' title="bbox 237 1154 2296 1231; baseline -0.001 -13"><span class='ocrx_word' id='word_1_97' title='bbox 237 1156 494 1219; x_wconf 86' lang='lat' dir='ltr'><strong>dientur.</strong></span> <span class='ocrx_word' id='word_1_98' title='bbox 572 1157 672 1219; x_wconf 87' lang='grc'><strong>60.</strong></span> <span class='ocrx_word' id='word_1_99' title='bbox 716 1157 865 1217; x_wconf 87' lang='lat' dir='ltr'><strong>Nam</strong></span> <span class='ocrx_word' id='word_1_100' title='bbox 898 1156 951 1215; x_wconf 85' lang='lat' dir='ltr'><strong>si</strong></span> <span class='ocrx_word' id='word_1_101' title='bbox 986 1154 1125 1231; x_wconf 89' lang='lat' dir='ltr'><strong>quis</strong></span> <span class='ocrx_word' id='word_1_102' title='bbox 1157 1156 1279 1216; x_wconf 88' lang='lat' dir='ltr'><strong>hoc</strong></span> <span class='ocrx_word' id='word_1_103' title='bbox 1307 1158 1462 1219; x_wconf 78' lang='lat' dir='ltr'><strong>forte</strong></span> <span class='ocrx_word' id='word_1_104' title='bbox 1495 1156 1686 1231; x_wconf 89' lang='lat' dir='ltr'><strong>dicet,</strong></span> <span class='ocrx_word' id='word_1_105' title='bbox 1723 1157 2013 1219; x_wconf 85' lang='lat' dir='ltr'><strong>Catonem</strong></span> <span class='ocrx_word' id='word_1_106' title='bbox 2041 1157 2296 1217; x_wconf 87' lang='lat' dir='ltr'><strong>descen—</strong></span> 
     </span>
     <span class='ocr_line' id='line_1_14' title="bbox 236 1238 2298 1315; baseline -0.001 -13"><span class='ocrx_word' id='word_1_107' title='bbox 236 1258 445 1302; x_wconf 86' lang='lat' dir='ltr'><strong>surum</strong></span> <span class='ocrx_word' id='word_1_108' title='bbox 474 1242 553 1301; x_wconf 84' lang='lat' dir='ltr'><strong>ad</strong></span> <span class='ocrx_word' id='word_1_109' title='bbox 584 1240 1002 1301; x_wconf 84' lang='lat' dir='ltr'><strong>accusandum</strong></span> <span class='ocrx_word' id='word_1_110' title='bbox 1032 1254 1153 1299; x_wconf 90' lang='lat' dir='ltr'><strong>non</strong></span> <span class='ocrx_word' id='word_1_111' title='bbox 1184 1240 1410 1313; x_wconf 78' lang='lat' dir='ltr'><strong>fuisse,</strong></span> <span class='ocrx_word' id='word_1_112' title='bbox 1453 1239 1572 1301; x_wconf 88' lang='lat' dir='ltr'><strong>nisi</strong></span> <span class='ocrx_word' id='word_1_113' title='bbox 1613 1239 1786 1315; x_wconf 87' lang='lat' dir='ltr'><strong>prius</strong></span> <span class='ocrx_word' id='word_1_114' title='bbox 1819 1240 1900 1301; x_wconf 90' lang='lat' dir='ltr'><strong>de</strong></span> <span class='ocrx_word' id='word_1_115' title='bbox 1928 1255 2116 1301; x_wconf 87' lang='lat' dir='ltr'><strong>causa</strong></span> <span class='ocrx_word' id='word_1_116' title='bbox 2144 1238 2298 1300; x_wconf 88' lang='lat' dir='ltr'><strong>iudi-</strong></span> 
     </span>
     <span class='ocr_line' id='line_1_15' title="bbox 234 1316 2305 1397; baseline -0 -14"><span class='ocrx_word' id='word_1_117' title='bbox 234 1332 467 1397; x_wconf 88' lang='lat' dir='ltr'><strong>casset,</strong></span> <span class='ocrx_word' id='word_1_118' title='bbox 500 1321 769 1397; x_wconf 87' lang='lat' dir='ltr'><strong>iniquam</strong></span> <span class='ocrx_word' id='word_1_119' title='bbox 799 1316 1025 1395; x_wconf 78' lang='lat' dir='ltr'><strong>segem,</strong></span> <span class='ocrx_word' id='word_1_120' title='bbox 1055 1320 1324 1397; x_wconf 89' lang='lat' dir='ltr'><strong>iudices,</strong></span> <span class='ocrx_word' id='word_1_121' title='bbox 1358 1332 1418 1383; x_wconf 92' lang='lat' dir='ltr'><strong>et</strong></span> <span class='ocrx_word' id='word_1_122' title='bbox 1443 1321 1726 1384; x_wconf 82' lang='lat' dir='ltr'><strong>miseram</strong></span> <span class='ocrx_word' id='word_1_123' title='bbox 1757 1322 2182 1385; x_wconf 87' lang='lat' dir='ltr'><strong>condicionem</strong></span> <span class='ocrx_word' id='word_1_124' title='bbox 2205 1320 2305 1383; x_wconf 89' lang='lat' dir='ltr'><strong>in-</strong></span> 
     </span>
     <span class='ocr_line' id='line_1_16' title="bbox 234 1401 2298 1480; baseline 0 -13"><span class='ocrx_word' id='word_1_125' title='bbox 234 1406 439 1467; x_wconf 84' lang='lat' dir='ltr'><strong>stituet</strong></span> <span class='ocrx_word' id='word_1_126' title='bbox 466 1404 752 1480; x_wconf 87' lang='lat' dir='ltr'><strong>periculis</strong></span> <span class='ocrx_word' id='word_1_127' title='bbox 775 1401 978 1463; x_wconf 89' lang='lat' dir='ltr'><strong>homin</strong></span> <span class='ocrx_word' id='word_1_128' title='bbox 988 1420 1105 1478; x_wconf 88' lang='lat' dir='ltr'><strong>um,</strong></span> <span class='ocrx_word' id='word_1_129' title='bbox 1136 1404 1189 1464; x_wconf 92' lang='lat' dir='ltr'><strong>si</strong></span> <span class='ocrx_word' id='word_1_130' title='bbox 1206 1404 1580 1467; x_wconf 72' lang='lat' dir='ltr'><strong>existimabit</strong></span> <span class='ocrx_word' id='word_1_131' title='bbox 1604 1405 1894 1469; x_wconf 86' lang='lat' dir='ltr'><strong>iudicium</strong></span> <span class='ocrx_word' id='word_1_132' title='bbox 1919 1404 2298 1471; x_wconf 80' lang='lat' dir='ltr'><strong>accusatoris</strong></span> 
     </span>
     <span class='ocr_line' id='line_1_17' title="bbox 230 1485 1856 1564; baseline -0.001 -13"><span class='ocrx_word' id='word_1_133' title='bbox 230 1488 293 1551; x_wconf 92' lang='lat' dir='ltr'><strong>in</strong></span> <span class='ocrx_word' id='word_1_134' title='bbox 322 1504 491 1548; x_wconf 89' lang='lat' dir='ltr'><strong>rcum</strong></span> <span class='ocrx_word' id='word_1_135' title='bbox 526 1504 638 1564; x_wconf 91' lang='lat' dir='ltr'><strong>pro</strong></span> <span class='ocrx_word' id='word_1_136' title='bbox 670 1485 876 1563; x_wconf 86' lang='lat' dir='ltr'><strong>aliquo</strong></span> <span class='ocrx_word' id='word_1_137' title='bbox 904 1486 1283 1561; x_wconf 87' lang='lat' dir='ltr'><strong>praeiudicio</strong></span> <span class='ocrx_word' id='word_1_138' title='bbox 1317 1490 1525 1550; x_wconf 85' lang='lat' dir='ltr'><strong>valere</strong></span> <span class='ocrx_word' id='word_1_139' title='bbox 1555 1497 1856 1564; x_wconf 84' lang='lat' dir='ltr'><strong>oportere.</strong></span> 
     </span>
    </p>

    <p class='ocr_par' dir='ltr' id='par_1_3' title="bbox 223 1569 2300 3406">
     <span class='ocr_line' id='line_1_18' title="bbox 398 1569 2300 1650; baseline 0.001 -17"><span class='ocrx_word' id='word_1_140' title='bbox 398 1572 607 1635; x_wconf 89' lang='lat' dir='ltr'>XXIX.</span> <span class='ocrx_word' id='word_1_141' title='bbox 662 1572 793 1647; x_wconf 83' lang='lat' dir='ltr'><strong>Ego</strong></span> <span class='ocrx_word' id='word_1_142' title='bbox 846 1579 1013 1632; x_wconf 90' lang='lat' dir='ltr'><strong>tuum</strong></span> <span class='ocrx_word' id='word_1_143' title='bbox 1067 1569 1418 1647; x_wconf 88' lang='lat' dir='ltr'><strong>consilium,</strong></span> <span class='ocrx_word' id='word_1_144' title='bbox 1469 1572 1645 1647; x_wconf 87' lang='lat' dir='ltr'><strong>Cato,</strong></span> <span class='ocrx_word' id='word_1_145' title='bbox 1698 1580 1951 1650; x_wconf 89' lang='lat' dir='ltr'><strong>propter</strong></span> <span class='ocrx_word' id='word_1_146' title='bbox 1991 1571 2300 1648; x_wconf 82' lang='lat' dir='ltr'><strong>singulare</strong></span> 
     </span>
     <span class='ocr_line' id='line_1_19' title="bbox 230 1653 2298 1751; baseline -0 -34"><span class='ocrx_word' id='word_1_147' title='bbox 230 1654 415 1717; x_wconf 84' lang='lat' dir='ltr'><strong>animi</strong></span> <span class='ocrx_word' id='word_1_148' title='bbox 445 1655 565 1717; x_wconf 89' lang='lat' dir='ltr'><strong>mei</strong></span> <span class='ocrx_word' id='word_1_149' title='bbox 595 1656 672 1718; x_wconf 92' lang='lat' dir='ltr'><strong>de</strong></span> <span class='ocrx_word' id='word_1_150' title='bbox 702 1663 804 1717; x_wconf 88' lang='lat' dir='ltr'><strong>tua</strong></span> <span class='ocrx_word' id='word_1_151' title='bbox 834 1654 1051 1717; x_wconf 85' lang='lat' dir='ltr'><strong>virtute</strong></span> <span class='ocrx_word' id='word_1_152' title='bbox 1081 1653 1387 1730; x_wconf 89' lang='lat' dir='ltr'><strong>iudicium,</strong></span> <span class='ocrx_word' id='word_1_153' title='bbox 1425 1656 1770 1733; x_wconf 87' lang='lat' dir='ltr'><strong>vituperare</strong></span> <span class='ocrx_word' id='word_1_154' title='bbox 1804 1658 1950 1735; x_wconf 88' lang='lat' dir='ltr'><strong>[non</strong></span> <span class='ocrx_word' id='word_1_155' title='bbox 1985 1662 2298 1751; x_wconf 79' lang='lat' dir='ltr'><strong>possumJ=</strong></span> 
     </span>
     <span class='ocr_line' id='line_1_20' title="bbox 236 1737 2284 1813; baseline -0.002 -11"><span class='ocrx_word' id='word_1_156' title='bbox 236 1759 361 1803; x_wconf 90' lang='lat' dir='ltr'><strong>non</strong></span> <span class='ocrx_word' id='word_1_157' title='bbox 397 1745 560 1803; x_wconf 87' lang='lat' dir='ltr'><strong>nulla</strong></span> <span class='ocrx_word' id='word_1_158' title='bbox 599 1743 852 1804; x_wconf 79' lang='lat' dir='ltr'><strong>forsitan</strong></span> <span class='ocrx_word' id='word_1_159' title='bbox 898 1743 1287 1803; x_wconf 77' lang='lat' dir='ltr'><strong>conformare</strong></span> <span class='ocrx_word' id='word_1_160' title='bbox 1327 1745 1388 1801; x_wconf 92' lang='lat' dir='ltr'><strong>et</strong></span> <span class='ocrx_word' id='word_1_161' title='bbox 1419 1737 1630 1801; x_wconf 88' lang='lat' dir='ltr'><strong>leviter</strong></span> <span class='ocrx_word' id='word_1_162' title='bbox 1671 1739 2002 1801; x_wconf 86' lang='lat' dir='ltr'><strong>emendare</strong></span> <span class='ocrx_word' id='word_1_163' title='bbox 2027 1738 2284 1813; x_wconf 86' lang='lat' dir='ltr'><strong>possim.</strong></span> 
     </span>
     <span class='ocr_line' id='line_1_21' title="bbox 234 1821 2284 1905; baseline -0.003 -18"><span class='ocrx_word' id='word_1_164' title='bbox 234 1828 367 1889; x_wconf 82' lang='lat' dir='ltr'><strong>Non</strong></span> <span class='ocrx_word' id='word_1_165' title='bbox 394 1830 583 1889; x_wconf 76' lang='lat' dir='ltr'><strong>multa</strong></span> <span class='ocrx_word' id='word_1_166' title='bbox 605 1844 850 1905; x_wconf 80' lang='lat' dir='ltr'><strong>peccas,</strong></span> <span class='ocrx_word' id='word_1_167' title='bbox 880 1827 1079 1903; x_wconf 88' lang='lat' dir='ltr'><strong>inquit</strong></span> <span class='ocrx_word' id='word_1_168' title='bbox 1106 1827 1208 1886; x_wconf 87' lang='lat' dir='ltr'><strong>ille</strong></span> <span class='ocrx_word' id='word_1_169' title='bbox 1230 1822 1562 1887; x_wconf 85' lang='lat' dir='ltr'><strong>fortissimo</strong></span> <span class='ocrx_word' id='word_1_170' title='bbox 1587 1821 1718 1884; x_wconf 87' lang='lat' dir='ltr'><strong>viro</strong></span> <span class='ocrx_word' id='word_1_171' title='bbox 1747 1821 1960 1884; x_wconf 86' lang='lat' dir='ltr'><strong>senior</strong></span> <span class='ocrx_word' id='word_1_172' title='bbox 1979 1821 2284 1897; x_wconf 86' lang='lat' dir='ltr'><strong>magister,</strong></span> 
     </span>
     <span class='ocr_line' id='line_1_22' title="bbox 233 1904 2286 1989; baseline -0.003 -18"><span class='ocrx_word' id='word_1_173' title='bbox 233 1913 356 1977; x_wconf 74' lang='lat' dir='ltr'><strong>sed,</strong></span> <span class='ocrx_word' id='word_1_174' title='bbox 386 1914 439 1969; x_wconf 81' lang='lat' dir='ltr'><strong>si</strong></span> <span class='ocrx_word' id='word_1_175' title='bbox 444 1928 689 1989; x_wconf 81' lang='lat' dir='ltr'><strong>peccas,</strong></span> <span class='ocrx_word' id='word_1_176' title='bbox 720 1918 779 1972; x_wconf 77' lang='lat' dir='ltr'><strong>te</strong></span> <span class='ocrx_word' id='word_1_177' title='bbox 810 1928 1023 1985; x_wconf 61' lang='lat' dir='ltr'><strong>repere</strong></span> <span class='ocrx_word' id='word_1_178' title='bbox 1040 1926 1294 1986; x_wconf 81' lang='lat' dir='ltr'><strong>possum.</strong></span> <span class='ocrx_word' id='word_1_179' title='bbox 1365 1910 1451 1969; x_wconf 87' lang='lat' dir='ltr'><strong>At</strong></span> <span class='ocrx_word' id='word_1_180' title='bbox 1471 1922 1589 1983; x_wconf 81' lang='lat' dir='ltr'><strong>ego</strong></span> <span class='ocrx_word' id='word_1_181' title='bbox 1619 1922 1826 1969; x_wconf 87' lang='lat' dir='ltr'><strong>nonne</strong></span> <span class='ocrx_word' id='word_1_182' title='bbox 1857 1905 2180 1967; x_wconf 86' lang='lat' dir='ltr'><strong>verissime</strong></span> <span class='ocrx_word' id='word_1_183' title='bbox 2199 1904 2286 1966; x_wconf 89' lang='lat' dir='ltr'><strong>di</strong></span> 
     </span>
     <span class='ocr_line' id='line_1_23' title="bbox 234 1989 2289 2067; baseline -0 -16"><span class='ocrx_word' id='word_1_184' title='bbox 234 1992 430 2052; x_wconf 87' lang='lat' dir='ltr'><strong>xerim</strong></span> <span class='ocrx_word' id='word_1_185' title='bbox 454 2007 719 2067; x_wconf 88' lang='lat' dir='ltr'><strong>peccare</strong></span> <span class='ocrx_word' id='word_1_186' title='bbox 740 2000 803 2053; x_wconf 83' lang='lat' dir='ltr'><strong>te</strong></span> <span class='ocrx_word' id='word_1_187' title='bbox 826 1992 971 2053; x_wconf 86' lang='lat' dir='ltr'><strong>nihil</strong></span> <span class='ocrx_word' id='word_1_188' title='bbox 996 2008 1199 2066; x_wconf 89' lang='lat' dir='ltr'><strong>neque</strong></span> <span class='ocrx_word' id='word_1_189' title='bbox 1218 1991 1423 2053; x_wconf 86' lang='lat' dir='ltr'><strong>ullam</strong></span> <span class='ocrx_word' id='word_1_190' title='bbox 1452 1999 1606 2052; x_wconf 84' lang='lat' dir='ltr'><strong>rete</strong></span> <span class='ocrx_word' id='word_1_191' title='bbox 1635 2006 1779 2052; x_wconf 88' lang='lat' dir='ltr'><strong>esse</strong></span> <span class='ocrx_word' id='word_1_192' title='bbox 1801 1989 1981 2051; x_wconf 86' lang='lat' dir='ltr'><strong>huius</strong></span> <span class='ocrx_word' id='word_1_193' title='bbox 2005 1989 2191 2061; x_wconf 90' lang='lat' dir='ltr'><strong>modi,</strong></span> <span class='ocrx_word' id='word_1_194' title='bbox 2221 1995 2289 2050; x_wconf 70' lang='lat' dir='ltr'><strong>ut</strong></span> 
     </span>
     <span class='ocr_line' id='line_1_24' title="bbox 236 2073 2288 2151; baseline -0.001 -17"><span class='ocrx_word' id='word_1_195' title='bbox 236 2075 641 2150; x_wconf 84' lang='lat' dir='ltr'><strong>corrigendus</strong></span> <span class='ocrx_word' id='word_1_196' title='bbox 673 2076 879 2151; x_wconf 87' lang='lat' dir='ltr'><strong>potius</strong></span> <span class='ocrx_word' id='word_1_197' title='bbox 912 2092 1095 2151; x_wconf 90' lang='lat' dir='ltr'><strong>quam</strong></span> <span class='ocrx_word' id='word_1_198' title='bbox 1129 2076 1346 2135; x_wconf 86' lang='lat' dir='ltr'><strong>leviter</strong></span> <span class='ocrx_word' id='word_1_199' title='bbox 1375 2074 1784 2134; x_wconf 84' lang='lat' dir='ltr'><strong>inflectendus</strong></span> <span class='ocrx_word' id='word_1_200' title='bbox 1817 2090 1962 2134; x_wconf 88' lang='lat' dir='ltr'><strong>esse</strong></span> <span class='ocrx_word' id='word_1_201' title='bbox 1995 2073 2288 2135; x_wconf 75' lang='lat' dir='ltr'><strong>videare?</strong></span> 
     </span>
     <span class='ocr_line' id='line_1_25' title="bbox 233 2157 2286 2235; baseline -0.001 -16"><span class='ocrx_word' id='word_1_202' title='bbox 233 2157 435 2219; x_wconf 87' lang='lat' dir='ltr'><strong>Finxit</strong></span> <span class='ocrx_word' id='word_1_203' title='bbox 458 2158 617 2219; x_wconf 89' lang='lat' dir='ltr'><strong>enim</strong></span> <span class='ocrx_word' id='word_1_204' title='bbox 640 2168 701 2220; x_wconf 89' lang='lat' dir='ltr'><strong>te</strong></span> <span class='ocrx_word' id='word_1_205' title='bbox 724 2159 861 2235; x_wconf 85' lang='lat' dir='ltr'><strong>ipsa</strong></span> <span class='ocrx_word' id='word_1_206' title='bbox 886 2166 1103 2219; x_wconf 88' lang='lat' dir='ltr'><strong>natura</strong></span> <span class='ocrx_word' id='word_1_207' title='bbox 1124 2160 1204 2217; x_wconf 89' lang='lat' dir='ltr'><strong>ad</strong></span> <span class='ocrx_word' id='word_1_208' title='bbox 1225 2159 1632 2231; x_wconf 85' lang='lat' dir='ltr'><strong>honestatem,</strong></span> <span class='ocrx_word' id='word_1_209' title='bbox 1655 2157 2034 2235; x_wconf 78' lang='lat' dir='ltr'><strong>gravitatem,</strong></span> <span class='ocrx_word' id='word_1_210' title='bbox 2057 2165 2286 2234; x_wconf 88' lang='lat' dir='ltr'><strong>tempe-</strong></span> 
     </span>
     <span class='ocr_line' id='line_1_26' title="bbox 236 2239 2288 2318; baseline 0 -17"><span class='ocrx_word' id='word_1_211' title='bbox 236 2244 523 2315; x_wconf 87' lang='lat' dir='ltr'><strong>rantiam,</strong></span> <span class='ocrx_word' id='word_1_212' title='bbox 554 2242 1032 2318; x_wconf 78' lang='lat' dir='ltr'><strong>magnitudinem</strong></span> <span class='ocrx_word' id='word_1_213' title='bbox 1059 2240 1272 2315; x_wconf 89' lang='lat' dir='ltr'><strong>animi,</strong></span> <span class='ocrx_word' id='word_1_214' title='bbox 1297 2239 1620 2315; x_wconf 87' lang='lat' dir='ltr'><strong>iustitiam,</strong></span> <span class='ocrx_word' id='word_1_215' title='bbox 1661 2242 1742 2302; x_wconf 89' lang='lat' dir='ltr'><strong>ad</strong></span> <span class='ocrx_word' id='word_1_216' title='bbox 1774 2257 1990 2302; x_wconf 87' lang='lat' dir='ltr'><strong>omnes</strong></span> <span class='ocrx_word' id='word_1_217' title='bbox 2019 2241 2288 2317; x_wconf 86' lang='lat' dir='ltr'><strong>denique</strong></span> 
     </span>
     <span class='ocr_line' id='line_1_27' title="bbox 233 2324 2286 2401; baseline -0 -15"><span class='ocrx_word' id='word_1_218' title='bbox 233 2326 494 2388; x_wconf 82' lang='lat' dir='ltr'><strong>virtutes</strong></span> <span class='ocrx_word' id='word_1_219' title='bbox 525 2342 811 2401; x_wconf 85' lang='lat' dir='ltr'><strong>magnum</strong></span> <span class='ocrx_word' id='word_1_220' title='bbox 843 2324 1151 2387; x_wconf 88' lang='lat' dir='ltr'><strong>hominem</strong></span> <span class='ocrx_word' id='word_1_221' title='bbox 1180 2333 1244 2386; x_wconf 92' lang='lat' dir='ltr'><strong>et</strong></span> <span class='ocrx_word' id='word_1_222' title='bbox 1273 2324 1606 2387; x_wconf 85' lang='lat' dir='ltr'><strong>excelsum.</strong></span> <span class='ocrx_word' id='word_1_223' title='bbox 1666 2326 1954 2387; x_wconf 82' lang='lat' dir='ltr'><strong>Accessit</strong></span> <span class='ocrx_word' id='word_1_224' title='bbox 1992 2326 2149 2387; x_wconf 85' lang='lat' dir='ltr'><strong>istuc</strong></span> <span class='ocrx_word' id='word_1_225' title='bbox 2180 2326 2286 2386; x_wconf 89' lang='lat' dir='ltr'><strong>d-o·</strong></span> 
     </span>
     <span class='ocr_line' id='line_1_28' title="bbox 237 2408 2286 2487; baseline -0.001 -17"><span class='ocrx_word' id='word_1_226' title='bbox 237 2410 431 2470; x_wconf 88' lang='lat' dir='ltr'><strong>ctrina</strong></span> <span class='ocrx_word' id='word_1_227' title='bbox 461 2426 585 2471; x_wconf 88' lang='lat' dir='ltr'><strong>non</strong></span> <span class='ocrx_word' id='word_1_228' title='bbox 619 2411 936 2471; x_wconf 84' lang='lat' dir='ltr'><strong>moderata</strong></span> <span class='ocrx_word' id='word_1_229' title='bbox 966 2424 1083 2470; x_wconf 85' lang='lat' dir='ltr'><strong>nec</strong></span> <span class='ocrx_word' id='word_1_230' title='bbox 1113 2408 1293 2481; x_wconf 81' lang='lat' dir='ltr'><strong>mitis,</strong></span> <span class='ocrx_word' id='word_1_231' title='bbox 1331 2410 1472 2480; x_wconf 89' lang='lat' dir='ltr'><strong>sed,</strong></span> <span class='ocrx_word' id='word_1_232' title='bbox 1504 2416 1573 2469; x_wconf 83' lang='lat' dir='ltr'><strong>ut</strong></span> <span class='ocrx_word' id='word_1_233' title='bbox 1601 2409 1744 2471; x_wconf 88' lang='lat' dir='ltr'><strong>mihi</strong></span> <span class='ocrx_word' id='word_1_234' title='bbox 1779 2409 2045 2483; x_wconf 88' lang='lat' dir='ltr'><strong>videtur,</strong></span> <span class='ocrx_word' id='word_1_235' title='bbox 2076 2412 2286 2487; x_wconf 91' lang='lat' dir='ltr'><strong>paullo</strong></span> 
     </span>
     <span class='ocr_line' id='line_1_29' title="bbox 236 2492 2289 2571; baseline -0 -18"><span class='ocrx_word' id='word_1_236' title='bbox 236 2492 517 2569; x_wconf 82' lang='lat' dir='ltr'><strong>asperior</strong></span> <span class='ocrx_word' id='word_1_237' title='bbox 547 2501 609 2555; x_wconf 90' lang='lat' dir='ltr'><strong>et</strong></span> <span class='ocrx_word' id='word_1_238' title='bbox 639 2492 850 2555; x_wconf 89' lang='lat' dir='ltr'><strong>durior</strong></span> <span class='ocrx_word' id='word_1_239' title='bbox 890 2510 1075 2569; x_wconf 87' lang='lat' dir='ltr'><strong>quam</strong></span> <span class='ocrx_word' id='word_1_240' title='bbox 1107 2493 1338 2553; x_wconf 88' lang='lat' dir='ltr'><strong>veritas</strong></span> <span class='ocrx_word' id='word_1_241' title='bbox 1379 2500 1485 2555; x_wconf 88' lang='lat' dir='ltr'><strong>aut</strong></span> <span class='ocrx_word' id='word_1_242' title='bbox 1513 2501 1732 2556; x_wconf 89' lang='lat' dir='ltr'><strong>natura</strong></span> <span class='ocrx_word' id='word_1_243' title='bbox 1759 2493 2009 2571; x_wconf 81' lang='lat' dir='ltr'><strong>patitur.</strong></span> <span class='ocrx_word' id='word_1_244' title='bbox 2067 2493 2168 2556; x_wconf 88' lang='grc'><strong>61.</strong></span> <span class='ocrx_word' id='word_1_245' title='bbox 2211 2494 2289 2553; x_wconf 90' lang='lat' dir='ltr'><strong>Et</strong></span> 
     </span>
     <span class='ocr_line' id='line_1_30' title="bbox 236 2576 2287 2654; baseline 0 -17"><span class='ocrx_word' id='word_1_246' title='bbox 236 2576 525 2652; x_wconf 81' lang='lat' dir='ltr'><strong>quoniam</strong></span> <span class='ocrx_word' id='word_1_247' title='bbox 565 2594 688 2638; x_wconf 90' lang='lat' dir='ltr'><strong>non</strong></span> <span class='ocrx_word' id='word_1_248' title='bbox 732 2584 831 2639; x_wconf 89' lang='lat' dir='ltr'><strong>est</strong></span> <span class='ocrx_word' id='word_1_249' title='bbox 868 2577 1047 2639; x_wconf 90' lang='lat' dir='ltr'><strong>nobis</strong></span> <span class='ocrx_word' id='word_1_250' title='bbox 1090 2579 1244 2640; x_wconf 86' lang='lat' dir='ltr'><strong>haee</strong></span> <span class='ocrx_word' id='word_1_251' title='bbox 1283 2577 1480 2639; x_wconf 86' lang='lat' dir='ltr'><strong>oratio</strong></span> <span class='ocrx_word' id='word_1_252' title='bbox 1524 2579 1808 2641; x_wconf 85' lang='lat' dir='ltr'><strong>habenda</strong></span> <span class='ocrx_word' id='word_1_253' title='bbox 1837 2580 1916 2639; x_wconf 89' lang='lat' dir='ltr'><strong>ad</strong></span> <span class='ocrx_word' id='word_1_254' title='bbox 1945 2577 2287 2654; x_wconf 87' lang='lat' dir='ltr'><strong>imperitam</strong></span> 
     </span>
     <span class='ocr_line' id='line_1_31' title="bbox 235 2661 2288 2740; baseline 0.001 -20"><span class='ocrx_word' id='word_1_255' title='bbox 235 2661 682 2722; x_wconf 87' lang='lat' dir='ltr'><strong>multitudinem</strong></span> <span class='ocrx_word' id='word_1_256' title='bbox 725 2669 831 2723; x_wconf 88' lang='lat' dir='ltr'><strong>aut</strong></span> <span class='ocrx_word' id='word_1_257' title='bbox 873 2662 933 2723; x_wconf 90' lang='lat' dir='ltr'><strong>in</strong></span> <span class='ocrx_word' id='word_1_258' title='bbox 979 2662 1187 2738; x_wconf 89' lang='lat' dir='ltr'><strong>aliquo</strong></span> <span class='ocrx_word' id='word_1_259' title='bbox 1224 2669 1540 2725; x_wconf 88' lang='lat' dir='ltr'><strong>conventu</strong></span> <span class='ocrx_word' id='word_1_260' title='bbox 1582 2662 1941 2740; x_wconf 84' lang='lat' dir='ltr'><strong>agrestium,</strong></span> <span class='ocrx_word' id='word_1_261' title='bbox 1989 2662 2288 2725; x_wconf 84' lang='lat' dir='ltr'><strong>audacius</strong></span> 
     </span>
     <span class='ocr_line' id='line_1_32' title="bbox 225 2744 2293 2822; baseline -0.001 -17"><span class='ocrx_word' id='word_1_262' title='bbox 225 2746 431 2822; x_wconf 85' lang='lat' dir='ltr'><strong>paullo</strong></span> <span class='ocrx_word' id='word_1_263' title='bbox 462 2746 540 2806; x_wconf 89' lang='lat' dir='ltr'><strong>de</strong></span> <span class='ocrx_word' id='word_1_264' title='bbox 570 2744 789 2807; x_wconf 88' lang='lat' dir='ltr'><strong>studiis</strong></span> <span class='ocrx_word' id='word_1_265' title='bbox 818 2745 1237 2819; x_wconf 80' lang='lat' dir='ltr'><strong>humanitatiS,</strong></span> <span class='ocrx_word' id='word_1_266' title='bbox 1285 2764 1444 2821; x_wconf 87' lang='lat' dir='ltr'><strong>quae</strong></span> <span class='ocrx_word' id='word_1_267' title='bbox 1481 2756 1543 2809; x_wconf 87' lang='lat' dir='ltr'><strong>et</strong></span> <span class='ocrx_word' id='word_1_268' title='bbox 1581 2748 1725 2808; x_wconf 87' lang='lat' dir='ltr'><strong>mihi</strong></span> <span class='ocrx_word' id='word_1_269' title='bbox 1749 2756 1828 2809; x_wconf 88' lang='lat' dir='ltr'><strong>et</strong></span> <span class='ocrx_word' id='word_1_270' title='bbox 1852 2747 2032 2809; x_wconf 86' lang='lat' dir='ltr'><strong>vobis</strong></span> <span class='ocrx_word' id='word_1_271' title='bbox 2063 2752 2204 2804; x_wconf 86' lang='lat' dir='ltr'><strong>nota</strong></span> <span class='ocrx_word' id='word_1_272' title='bbox 2233 2752 2293 2804; x_wconf 93' lang='lat' dir='ltr'><strong>et</strong></span> 
     </span>
     <span class='ocr_line' id='line_1_33' title="bbox 223 2824 2293 2906; baseline -0.002 -17"><span class='ocrx_word' id='word_1_273' title='bbox 223 2828 493 2890; x_wconf 72' lang='lat' dir='ltr'><strong>iucunda</strong></span> <span class='ocrx_word' id='word_1_274' title='bbox 522 2838 692 2904; x_wconf 88' lang='lat' dir='ltr'><strong>sunt,</strong></span> <span class='ocrx_word' id='word_1_275' title='bbox 724 2828 1071 2906; x_wconf 83' lang='lat' dir='ltr'><strong>disputabo.</strong></span> <span class='ocrx_word' id='word_1_276' title='bbox 1128 2830 1194 2889; x_wconf 88' lang='lat' dir='ltr'><strong>In</strong></span> <span class='ocrx_word' id='word_1_277' title='bbox 1222 2830 1304 2890; x_wconf 94' lang='grc' dir='ltr'><strong>Μ.</strong></span> <span class='ocrx_word' id='word_1_278' title='bbox 1339 2832 1596 2906; x_wconf 87' lang='lat' dir='ltr'><strong>Catone,</strong></span> <span class='ocrx_word' id='word_1_279' title='bbox 1638 2830 1906 2901; x_wconf 86' lang='lat' dir='ltr'><strong>iudices,</strong></span> <span class='ocrx_word' id='word_1_280' title='bbox 1943 2829 2097 2887; x_wconf 82' lang='lat' dir='ltr'><strong>haec</strong></span> <span class='ocrx_word' id='word_1_281' title='bbox 2127 2824 2293 2885; x_wconf 85' lang='lat' dir='ltr'><strong>bona</strong></span> 
     </span>
     <span class='ocr_line' id='line_1_34' title="bbox 229 2903 2288 2991; baseline -0.004 -17"><span class='ocrx_word' id='word_1_282' title='bbox 229 2927 387 2989; x_wconf 90' lang='lat' dir='ltr'><strong>quae</strong></span> <span class='ocrx_word' id='word_1_283' title='bbox 416 2909 697 2973; x_wconf 89' lang='lat' dir='ltr'><strong>videmus</strong></span> <span class='ocrx_word' id='word_1_284' title='bbox 739 2912 945 2974; x_wconf 88' lang='lat' dir='ltr'><strong>divina</strong></span> <span class='ocrx_word' id='word_1_285' title='bbox 985 2923 1045 2975; x_wconf 91' lang='lat' dir='ltr'><strong>et</strong></span> <span class='ocrx_word' id='word_1_286' title='bbox 1076 2914 1322 2990; x_wconf 80' lang='lat' dir='ltr'><strong>egregia</strong></span> <span class='ocrx_word' id='word_1_287' title='bbox 1355 2914 1553 2991; x_wconf 89' lang='lat' dir='ltr'><strong>ipsius</strong></span> <span class='ocrx_word' id='word_1_288' title='bbox 1588 2913 1806 2974; x_wconf 84' lang='lat' dir='ltr'><strong>scitote</strong></span> <span class='ocrx_word' id='word_1_289' title='bbox 1839 2925 1982 2970; x_wconf 87' lang='lat' dir='ltr'><strong>esse</strong></span> <span class='ocrx_word' id='word_1_290' title='bbox 2007 2903 2288 2982; x_wconf 88' lang='lat' dir='ltr'><strong>propria.</strong></span> 
     </span>
     <span class='ocr_line' id='line_1_35' title="bbox 227 2992 2291 3095; baseline -0.003 -39"><span class='ocrx_word' id='word_1_291' title='bbox 227 3012 385 3072; x_wconf 87' lang='lat' dir='ltr'><strong>quae</strong></span> <span class='ocrx_word' id='word_1_292' title='bbox 415 3013 537 3057; x_wconf 89' lang='lat' dir='ltr'><strong>non</strong></span> <span class='ocrx_word' id='word_1_293' title='bbox 562 3013 889 3072; x_wconf 86' lang='lat' dir='ltr'><strong>numquam</strong></span> <span class='ocrx_word' id='word_1_294' title='bbox 919 2999 1305 3095; x_wconf 81' lang='lat' dir='ltr'><strong>requirimus,</strong></span> <span class='ocrx_word' id='word_1_295' title='bbox 1335 3014 1412 3058; x_wconf 87' lang='lat' dir='ltr'><strong>ea</strong></span> <span class='ocrx_word' id='word_1_296' title='bbox 1441 3004 1584 3059; x_wconf 89' lang='lat' dir='ltr'><strong>sunt</strong></span> <span class='ocrx_word' id='word_1_297' title='bbox 1610 2992 1811 3055; x_wconf 87' lang='lat' dir='ltr'><strong>omnia</strong></span> <span class='ocrx_word' id='word_1_298' title='bbox 1836 3008 1960 3053; x_wconf 86' lang='lat' dir='ltr'><strong>non</strong></span> <span class='ocrx_word' id='word_1_299' title='bbox 1989 3008 2029 3052; x_wconf 88' lang='lat' dir='ltr'><strong>a</strong></span> <span class='ocrx_word' id='word_1_300' title='bbox 2054 2996 2291 3067; x_wconf 79' lang='lat' dir='ltr'><strong>namra,</strong></span> 
     </span>
     <span class='ocr_line' id='line_1_36' title="bbox 227 3072 2290 3157; baseline -0 -20"><span class='ocrx_word' id='word_1_301' title='bbox 227 3097 436 3141; x_wconf 87' lang='lat' dir='ltr'><strong>verum</strong></span> <span class='ocrx_word' id='word_1_302' title='bbox 480 3096 517 3141; x_wconf 89' lang='lat' dir='ltr'><strong>a</strong></span> <span class='ocrx_word' id='word_1_303' title='bbox 556 3080 862 3157; x_wconf 85' lang='lat' dir='ltr'><strong>magistro.</strong></span> <span class='ocrx_word' id='word_1_304' title='bbox 930 3080 1067 3143; x_wconf 89' lang='lat' dir='ltr'><strong>Fuit</strong></span> <span class='ocrx_word' id='word_1_305' title='bbox 1106 3082 1262 3141; x_wconf 88' lang='lat' dir='ltr'><strong>enim</strong></span> <span class='ocrx_word' id='word_1_306' title='bbox 1307 3078 1556 3156; x_wconf 89' lang='lat' dir='ltr'><strong>quidam</strong></span> <span class='ocrx_word' id='word_1_307' title='bbox 1603 3092 1841 3138; x_wconf 85' lang='lat' dir='ltr'><strong>summo</strong></span> <span class='ocrx_word' id='word_1_308' title='bbox 1880 3072 2126 3150; x_wconf 76' lang='lat' dir='ltr'><strong>ingenio</strong></span> <span class='ocrx_word' id='word_1_309' title='bbox 2177 3072 2290 3149; x_wconf 84' lang='lat' dir='ltr'><strong>vir,</strong></span> 
     </span>
     <span class='ocr_line' id='line_1_37' title="bbox 226 3158 2294 3239; baseline -0.002 -13"><span class='ocrx_word' id='word_1_310' title='bbox 226 3165 423 3239; x_wconf 89' lang='lat' dir='ltr'><strong>Zeno,</strong></span> <span class='ocrx_word' id='word_1_311' title='bbox 474 3165 647 3225; x_wconf 90' lang='lat' dir='ltr'><strong>cuius</strong></span> <span class='ocrx_word' id='word_1_312' title='bbox 691 3163 796 3225; x_wconf 83' lang='lat' dir='ltr'><strong>inv</strong></span> <span class='ocrx_word' id='word_1_313' title='bbox 800 3173 1074 3226; x_wconf 77' lang='lat' dir='ltr'><strong>catorum</strong></span> <span class='ocrx_word' id='word_1_314' title='bbox 1116 3163 1338 3222; x_wconf 84' lang='lat' dir='ltr'><strong>aemuli</strong></span> <span class='ocrx_word' id='word_1_315' title='bbox 1377 3160 1568 3222; x_wconf 83' lang='lat' dir='ltr'><strong>Stoici</strong></span> <span class='ocrx_word' id='word_1_316' title='bbox 1610 3158 2013 3223; x_wconf 84' lang='lat' dir='ltr'><strong>nominantur.</strong></span> <span class='ocrx_word' id='word_1_317' title='bbox 2094 3159 2294 3222; x_wconf 87' lang='lat' dir='ltr'><strong>Huius</strong></span> 
     </span>
     <span class='ocr_line' id='line_1_38' title="bbox 228 3240 2293 3322; baseline 0.002 -17"><span class='ocrx_word' id='word_1_318' title='bbox 228 3246 562 3309; x_wconf 85' lang='lat' dir='ltr'><strong>sententiae</strong></span> <span class='ocrx_word' id='word_1_319' title='bbox 606 3256 748 3309; x_wconf 85' lang='lat' dir='ltr'><strong>sunt</strong></span> <span class='ocrx_word' id='word_1_320' title='bbox 790 3257 850 3308; x_wconf 90' lang='lat' dir='ltr'><strong>et</strong></span> <span class='ocrx_word' id='word_1_321' title='bbox 897 3252 1225 3322; x_wconf 83' lang='lat' dir='ltr'><strong>praecepta</strong></span> <span class='ocrx_word' id='word_1_322' title='bbox 1276 3242 1410 3303; x_wconf 88' lang='lat' dir='ltr'><strong>eius</strong></span> <span class='ocrx_word' id='word_1_323' title='bbox 1457 3240 1648 3314; x_wconf 83' lang='lat' dir='ltr'><strong>modi,</strong></span> <span class='ocrx_word' id='word_1_324' title='bbox 1709 3244 2056 3322; x_wconf 82' lang='lat' dir='ltr'><strong>sapientem</strong></span> <span class='ocrx_word' id='word_1_325' title='bbox 2093 3246 2293 3322; x_wconf 78' lang='lat' dir='ltr'><strong>gratia</strong></span> 
     </span>
     <span class='ocr_line' id='line_1_39' title="bbox 224 3325 2292 3406; baseline -0 -18"><span class='ocrx_word' id='word_1_326' title='bbox 224 3342 555 3406; x_wconf 84' lang='lat' dir='ltr'><strong>numquam</strong></span> <span class='ocrx_word' id='word_1_327' title='bbox 594 3328 857 3403; x_wconf 84' lang='lat' dir='ltr'><strong>moveri,</strong></span> <span class='ocrx_word' id='word_1_328' title='bbox 903 3342 1233 3401; x_wconf 84' lang='lat' dir='ltr'><strong>numquam</strong></span> <span class='ocrx_word' id='word_1_329' title='bbox 1274 3326 1634 3401; x_wconf 85' lang='lat' dir='ltr'><strong>cuiusquam</strong></span> <span class='ocrx_word' id='word_1_330' title='bbox 1667 3325 1890 3392; x_wconf 83' lang='lat' dir='ltr'><strong>delicto</strong></span> <span class='ocrx_word' id='word_1_331' title='bbox 1930 3326 2292 3405; x_wconf 69' lang='lat' dir='ltr'><strong>ignoscerez</strong></span> 
     </span>
    </p>
   </div>
   <div class='ocr_carea' id='block_1_3' title="bbox 58 3625 319 3693">
    <p class='ocr_par' dir='ltr' id='par_1_4' title="bbox 58 3625 319 3693">
     <span class='ocr_line' id='line_1_40' title="bbox 58 3625 319 3693; baseline 0 0"><span class='ocrx_word' id='word_1_332' title='bbox 58 3625 319 3693; x_wconf 54' lang='grc' dir='ltr'><strong>Α.</strong></span> 
     </span>
    </p>
   </div>
  </div>
 </body>
</html>
