2459 3817
237 125 360 190 150
688 126 836 187 PRO
867 127 932 184 T.
967 126 1200 187 ANNIO
1228 127 1518 188 MILONE
1552 128 1857 190 ORATIO.

229 283 391 336 ctum
438 282 564 349 est,
599 274 812 336 Miloni
866 275 1121 337 insidias
1162 278 1510 338 collocaret.
1609 278 1815 353 Atque
1858 279 1941 340 ita
1986 281 2315 354 profectus-

228 367 341 432 est‚
377 364 444 418 ut
478 357 825 419 contionem
856 359 1277 430 turbulentam,
1308 359 1370 422 in
1400 377 1524 435 qua
1555 359 1688 419 eius
1720 363 1891 422 furor
1913 361 2301 424 desideratus

228 448 339 514 est,
371 455 530 516 quae
553 440 655 500 illo
679 440 818 515 ipso
844 440 944 501 die
965 441 1169 502 habita
1191 451 1306 513 est,
1336 443 1741 518 relinqueret,
1772 459 1955 518 quam
1983 443 2103 504 nisi
2132 447 2303 508 obire

228 522 518 585 facinoris
561 524 762 583 locum
805 531 1170 598 tempusque
1197 523 1531 598 voluisset,
1575 541 1903 600 numquam
1930 527 2301 602 reliquisset.

225 607 327 668 28.
355 606 499 664 Milo
523 613 724 665 autern
750 621 936 680 quum
959 605 1019 666 in
1051 613 1271 666 senatu
1304 607 1525 668 ruisset
1556 623 1633 667 eo
1663 607 1781 681 die,
1812 610 2020 684 quoad
2048 618 2302 674 senatus

231 694 331 748 est
371 686 695 758 dimissuS,
725 688 971 750 domum
1021 689 1202 762 venit,
1251 692 1497 750 calceos
1527 697 1588 750 et
1633 692 1995 752 vestimenta
2033 694 2302 768 mutavit,

226 770 592 846 paullisper,
641 771 784 830 dum
815 787 884 832 se
911 786 1098 845 uxor,
1139 779 1209 831 ut
1238 771 1332 842 fit,
1376 781 1717 846 comparat,
1750 782 2158 836 commoratus
2188 785 2301 849 est,

227 851 452 913 deinde
480 854 798 927 profectus
825 853 886 913 id
917 853 1244 928 temporis,
1288 870 1473 928 quum
1502 855 1616 914 iam
1650 855 1935 930 clodius,
1964 857 2019 916 si
2054 857 2300 931 quidem

225 951 300 995 eo
331 935 432 996 die
457 937 712 998 Romam
753 943 1046 997 venturus
1085 944 1230 1008 erat,
1272 935 1475 996 redire
1506 937 1828 1012 potuisset.
1922 939 2013 999 oh
2042 941 2204 1000 viam
2234 943 2301 1002 fit

225 1017 282 1078 ei
311 1019 588 1091 Clodius,
633 1017 987 1094 expeditus,
1031 1020 1090 1078 in
1133 1035 1327 1093 equo,
1373 1021 1537 1080 nulla
1562 1020 1789 1091 raeda,
1833 1019 2015 1082 nullis
2044 1021 2296 1097 impedi—

225 1102 462 1176 mentis,
491 1102 672 1162 nullis
695 1101 945 1164 Graecis
969 1100 1310 1172 comitibus,
1343 1110 1410 1162 ut
1436 1102 1691 1174 solebat,
1720 1102 1861 1164 sine
1890 1119 2100 1177 uxore,
2130 1107 2298 1180 quod

226 1199 557 1260 numquam
593 1185 748 1244 lere=
781 1201 968 1260 quum
1008 1185 1106 1244 hic
1137 1184 1472 1258 insidiator,
1506 1186 1609 1258 qui
1638 1183 1751 1245 iter
1775 1184 1921 1245 illud
1944 1186 2025 1245 ad
2048 1188 2298 1247 caedem

225 1267 568 1328 faciendam
601 1275 990 1342 apparasset,
1033 1283 1172 1328 cnm
1213 1283 1410 1328 uxore
1450 1265 1769 1327 veheretur
1797 1268 1857 1326 in
1884 1271 2108 1340 raeda,
2150 1287 2297 1344 pae-

228 1352 501 1424 nulatus,
547 1366 766 1424 magno
805 1359 866 1412 et
909 1349 1206 1423 impedito
1249 1359 1311 1410 et
1346 1348 1621 1410 muliebri
1649 1365 1723 1410 ac
1752 1350 2013 1410 delicato
2045 1350 2298 1428 ¹ancilla·

225 1449 358 1491 rum
389 1447 835 1506 puerorumque
865 1433 1166 1492 comitatu.
1198 1430 1299 1491 ⁶29.
1328 1430 1423 1493 Fit
1450 1433 1531 1492 ob
1556 1433 1712 1492 viam
1750 1431 1961 1493 Clodio
1992 1441 2133 1494 ante
2164 1435 2293 1494 mn-

229 1515 373 1574 dum
404 1513 536 1572 eius
563 1513 715 1574 hora
746 1515 874 1573 fere
899 1514 1220 1574 undecima
1262 1523 1367 1575 aut
1395 1531 1518 1575 non
1558 1517 1747 1576 multo
1788 1531 1994 1576 secus.
2084 1514 2297 1577 Statim

227 1597 572 1672 complures
613 1611 749 1656 cum
801 1596 939 1656 telis
986 1593 1046 1656 in
1091 1597 1253 1657 hunc
1304 1597 1531 1658 faciunt
1558 1598 1805 1658 deloco
1840 1597 2161 1672 superiore
2190 1599 2293 1660 im-

227 1687 464 1756 petum=
521 1680 766 1740 adversi
806 1679 1154 1740 raedarium
1197 1680 1503 1740 occidunt.
1606 1680 1799 1753 Quum
1840 1690 2039 1740 autem
2076 1679 2179 1740 hic
2220 1683 2298 1743 de

225 1764 418 1824 raeda
445 1762 670 1824 reiecta
702 1766 964 1840 paenula
993 1762 1345 1825 desiluisset
1390 1779 1585 1839 seque
1616 1765 1741 1822 acri
1767 1763 1969 1824 >animo
2000 1763 2287 1824 defende·

225 1855 348 1920 ret,
377 1846 490 1919 illi,
525 1847 630 1922 qui
662 1857 834 1908 erant
859 1863 996 1907 cum
1027 1846 1257 1920 Clodio,
1286 1844 1505 1922 gladiis
1534 1846 1800 1918 eductiS,
1832 1845 2047 1920 partim
2078 1863 2294 1907 recur-

231 1945 366 1989 rere
411 1930 490 1989 ad
529 1931 808 2002 raedam,
865 1937 932 1988 ut
984 1947 1019 1988 a
1073 1938 1245 2004 tergo
1272 1929 1559 1989 Milonem
1600 1929 2011 2001 adorirentur,
2054 1929 2292 2006 partim,

231 2013 400 2086 quod
428 2012 590 2072 hunc
619 2011 738 2072 iam
769 2012 1144 2072 interfectum
1178 2019 1485 2087 putarent,
1535 2013 1795 2073 caedere
1832 2011 2131 2087 incipiunt
2162 2012 2297 2073 eius

227 2109 473 2164 servos»,
523 2095 628 2168 qui
663 2103 806 2168 post
833 2101 1032 2155 erant=
1077 2111 1155 2154 ex
1190 2097 1413 2169 quib-us
1446 2093 1548 2169 qui
1577 2096 1780 2155 animo
1808 2094 1975 2154 fideli
2002 2094 2065 2154 in
2097 2095 2296 2154 domi·

227 2191 371 2236 num
401 2184 460 2236 et
493 2175 801 2250 praesenti
838 2176 1106 2248 fuerunt,
1157 2179 1372 2252 partim
1402 2175 1593 2238 occisi
1624 2185 1794 2250 sunt,
1827 2177 2074 2251 partim,
2108 2193 2296 2250 quum

228 2258 310 2319 ad
319 2259 570 2318 raedam
584 2259 842 2332 pugnari
858 2260 1146 2331 viderent,
1163 2260 1409 2320 domino
1426 2275 1785 2320 succurrere
1800 2259 2291 2335 prohiberentur,

226 2341 512 2401 Milonem
543 2341 811 2402 occisum
845 2349 1006 2403 etex
1033 2339 1173 2416 ipso
1203 2341 1415 2402 Clodio
1444 2341 1723 2420 audirent
1760 2349 1821 2402 et
1846 2359 1913 2402 re
1943 2357 2091 2402 ver-a
2118 2351 2295 2416 puta-

227 2429 382 2497 rent,
415 2425 688 2484 l’ecerunt
716 2423 778 2483 id
809 2423 970 2484 servi
997 2423 1241 2484 Milonis
1272 2457 1343 2467 —
1379 2423 1574 2483 dicam
1605 2423 1769 2484 enim
1798 2433 2009 2499 aperte
2038 2439 2164 2484 non
2190 2425 2294 2484 de-

225 2505 467 2568 rivandi
509 2505 775 2566 criminis
819 2521 1033 2576 causa,
1089 2506 1202 2566 sed
1244 2513 1310 2566 ut
1333 2507 1551 2566 sactum
1582 2516 1678 2567 est
1702 2539 1790 2552 --
1816 2523 1932 2567 nec
1960 2508 2295 2582 imperante

228 2605 342 2650 nec
366 2589 595 2650 sciente
617 2604 732 2650 nec
754 2597 1078 2663 praesente
1107 2587 1379 2659 domino,
1415 2589 1580 2662 quod
1610 2605 1761 2650 suos
1786 2589 2047 2664 quisque
2076 2603 2295 2650 servos

228 2671 290 2731 in
321 2672 423 2734 tali
449 2687 517 2731 re
545 2673 748 2731 facere
775 2669 1088 2732 voluisset.
1175 2671 1277 2729 xl.
1309 2634 1416 2732 36.
1446 2672 1642 2746 Haec,
1670 2671 1850 2732 sicuti
1877 2670 2170 2748 exposui,
2210 2671 2297 2730 ita

229 2762 401 2828 gesta
431 2743 588 2826 sunt,
627 2754 891 2815 iudices=
920 2751 1240 2815 insidiator
1268 2761 1589 2829 superatus
1618 2763 1743 2825 est,
1790 2755 1849 2814 vi
1883 2754 2042 2814 victa
2070 2753 2167 2813 vis
2194 2755 2296 2812 vel

233 2838 436 2912 potius
465 2854 770 2914 oppressa
799 2837 1018 2898 virtute
1049 2836 1309 2896 audacia
1336 2846 1448 2897 est.
1515 2837 1669 2898 Nihil
1700 2799 1840 2897 dico
1870 2835 2019 2912 quid
2046 2851 2147 2896 res
2181 2851 2295 2910 pu-

231 2918 388 2980 blica
433 2929 768 2982 consecuta
803 2921 906 2993 sit,
950 2918 1096 2979 nihil
1127 2919 1279 2995 quid
1308 2933 1456 2993 vos,
1503 2919 1645 2980 nihil
1678 2919 1824 2994 quid
1866 2935 2079 2980 omnes
2112 2917 2297 2978 boni.

229 3002 374 3062 nihil
405 3019 556 3064 sane
584 3004 646 3063 id
675 3003 870 3080 prosit
893 3001 1134 3076 Miloni,
1184 3001 1290 3077 qui
1328 3001 1449 3062 hoc
1478 3001 1600 3063 fato
1641 3009 1817 3062 natus
1860 3007 1983 3076 est,
2024 3009 2091 3062 ut
2117 3016 2195 3060 ne
2226 3014 2301 3061 se

230 3084 474 3162 quidem
513 3103 758 3148 servare
783 3084 1048 3160 potuerit
1079 3082 1225 3158 quin
1254 3101 1377 3144 una
1399 3100 1525 3144 rem
1558 3085 1859 3159 publicam
1894 3099 2133 3160 vosque
2168 3099 2299 3144 ser·

229 3175 420 3230 varet.
507 3169 572 3230 Si
600 3170 664 3228 id
690 3167 819 3228 iure
848 3166 980 3227 fieri
1015 3183 1135 3226 non
1174 3166 1400 3241 potuit,
1444 3165 1591 3227 nihil
1632 3167 1833 3228 habeo
1872 3167 2039 3242 quod
2082 3166 2297 3226 defen«

231 3252 390 3310 dam.
478 3249 585 3312 Sin
611 3251 731 3311 hoc
761 3259 820 3311 et
847 3249 1000 3310 ratio
1033 3249 1231 3310 doctis
1256 3258 1317 3309 et
1347 3246 1687 3310 necessitas
1737 3249 2013 3310 barbaris
2053 3257 2115 3308 et
2158 3263 2298 3308 mos

229 3333 508 3403 gentibus
539 3341 600 3393 et
629 3331 772 3392 l'eris
804 3333 982 3392 etiam
1011 3330 1210 3392 beluis
1231 3339 1446 3391 natura
1471 3330 1610 3406 ipsa
1637 3331 2050 3406 praescripsit,
2080 3338 2148 3391 ut
2170 3347 2299 3390 om—
