2459 3817
269 151 388 216 178
781 149 930 214 PRO
959 151 1042 212 M.
1068 149 1487 214 MARCELLO
1518 149 1821 214 ORATIO.

265 303 377 363 sed
421 317 618 378 paene
659 301 924 364 omnium
971 303 1239 380 gentium
1282 301 1492 367 litteris
1536 311 1723 379 atque
1763 300 2016 378 linguis,
2058 317 2179 364 uec
2209 303 2329 364 ulla

263 402 552 460 umquam
583 393 755 446 aetas
787 387 864 446 de
893 385 1012 447 tuis
1047 385 1331 447 laudibus
1363 387 1763 449 conticescet=
1804 387 1917 446 sed
1960 393 2160 447 tamen
2194 385 2329 448 eius

264 469 430 530 modi
469 485 572 530 res
616 468 828 529 nescio
878 484 1000 544 quo
1041 470 1228 531 modo
1270 469 1451 530 etiam
1483 485 1670 546 quum
1705 471 2014 544 leguntur,
2054 468 2327 544 obstrepi

262 555 528 612 clamore
570 551 820 611 militum
860 552 1144 614 videntur
1177 560 1239 614 et
1268 553 1543 614 tubarum
1584 569 1762 614 sono.
1845 553 1928 612 At
1962 567 2106 612 vero
2138 569 2329 627 quum

264 634 492 707 aliquid
527 635 884 708 clementer,
913 642 1259 707 mansuete,
1289 635 1479 710 iuste,
1518 637 1857 707 moderate,
1902 633 2213 710 sapienter
2242 635 2326 695 fa-

265 725 459 788 ctum,
498 715 558 776 in
589 716 904 780 iracundia
935 719 1320 793 praesertim,
1363 735 1521 792 quae
1550 725 1649 778 est
1676 717 1917 779 inimica
1946 715 2237 791 consilio,
2256 707 2327 778 et

261 799 325 860 in
357 798 626 872 victoria,
661 816 819 875 quae
846 809 1062 862 natura
1081 800 1359 862 insolens
1387 809 1449 862 et
1474 801 1745 876 superba
1774 807 1887 876 est,
1916 799 2201 861 audimus
2222 809 2324 862 aut

262 881 552 958 legimus,
596 900 718 958 quo
747 884 950 946 studio
980 884 1387 958 incendimur,
1429 900 1552 944 non
1596 884 1780 944 modo
1810 882 1870 942 in
1901 883 2091 956 gestis
2118 883 2320 956 rehum

267 965 379 1026 sed
418 966 602 1028 etiam
639 966 702 1026 in
743 966 932 1042 fictis,
969 975 1039 1028 ut
1069 983 1181 1027 eos
1207 981 1426 1041 saepe,
1473 983 1631 1042 quos
1670 981 1999 1040 numquam
2042 964 2321 1036 vidimus,

266 1047 620 1124 diligamus!
661 1048 760 1110 10.
799 1050 886 1109 Te
927 1065 1110 1122 vero,
1151 1065 1333 1125 quem
1362 1057 1749 1125 praesentem
1777 1049 2104 1121 intuemur,
2148 1048 2323 1110 cuius

264 1139 525 1192 mentem
558 1147 906 1206 sensusque
933 1141 996 1194 et
1023 1148 1096 1194 os
1129 1132 1449 1203 cernimus,
1484 1139 1560 1206 ut,
1591 1131 1889 1206 quidquid
1918 1130 2061 1192 belli
2084 1132 2325 1192 fortuna

265 1214 563 1289 reliquum
591 1213 680 1275 rei
712 1214 992 1289 publicae
1024 1214 1261 1288 fecerit,
1310 1215 1373 1274 id
1406 1231 1549 1276 esse
1591 1215 1825 1274 salvum
1872 1212 2056 1288 velis,
2100 1215 2323 1290 quibus

267 1296 552 1358 laudibus
593 1297 964 1359 efferemus?
1008 1299 1230 1372 quibus
1274 1297 1490 1358 studiis
1540 1303 2026 1372 prosequemur?
2066 1313 2189 1372 qua
2220 1299 2322 1356 be-

265 1379 608 1440 nevolentia
639 1382 1149 1455 complectemur?
1172 1380 1458 1455 ParieteS,
1476 1380 1729 1440 medius
1753 1380 1949 1454 fidius,
1979 1387 2047 1441 ut
2073 1379 2217 1440 mihi
2239 1381 2325 1441 vi-

267 1462 468 1535 detur,
509 1462 688 1522 huius
731 1463 934 1524 curiae
973 1463 1080 1524 tibi
1121 1463 1347 1538 gratias
1388 1479 1571 1538 agere
1612 1463 1905 1537 gestiunt,
1949 1464 2123 1538 quod
2150 1461 2329 1524 brevi

158 1587 162 1593 -
270 1555 537 1640 tempore
579 1547 778 1607 futura
817 1545 896 1606 sit
931 1545 1032 1606 illa
1077 1547 1402 1607 auctoritas
1448 1546 1508 1605 in
1539 1545 1633 1606 his
1662 1546 1954 1607 maiorum
1986 1555 2240 1606 suorum
2268 1553 2328 1605 et

272 1628 398 1688 suis
433 1627 704 1688 sedibus.
777 1629 879 1689 lv.
907 1628 1207 1704 Equidem
1243 1643 1431 1704 quum
1462 1630 1525 1688 C.
1558 1628 1845 1703 Marcelli,
1882 1627 1995 1687 viri
2024 1629 2242 1704 optimi
2268 1635 2328 1687 et

264 1711 778 1773 commemorabili
809 1710 1034 1788 pietate
1063 1711 1321 1786 praediti
1349 1711 1631 1773 lacrimas
1672 1712 1855 1772 modo
1886 1711 2209 1772 vobiscum
2242 1711 2327 1770 vi·

271 1791 494 1866 derem,
521 1793 788 1854 omnium
802 1795 1228 1856 Marcellorum
1251 1809 1453 1854 meum
1470 1802 1692 1868 pectus
1710 1792 2063 1854 memoriam
2086 1791 2328 1864 effudit,

271 1877 493 1951 quibus
521 1882 588 1938 tu
619 1877 800 1938 etiam
831 1877 1086 1938 mortuis
1117 1877 1197 1938 M.
1227 1877 1521 1936 Marcello
1558 1883 1929 1937 conservato
1968 1874 2327 1948 dignitatem

271 1975 444 2019 suam
471 1958 789 2020 reddidisti
812 1960 1381 2032 nobilissimamque
1409 1959 1691 2020 familiam
1720 1959 1837 2020 iam
1864 1959 1953 2017 ad·
1966 1971 2211 2033 paucos
2236 1973 2327 2016 re-

271 2043 510 2102 dactam
537 2057 738 2117 paene
759 2041 836 2102 ab
867 2043 1113 2104 interitu
1139 2040 1483 2102 vindicasti.
1540 2045 1639 2103 11.
1668 2043 1845 2102 Hunc
1866 2049 1932 2101 tu
1956 2040 2141 2116 igitur
2160 2040 2328 2100 diem

269 2124 388 2184 tuis
413 2123 690 2185 maximis
721 2132 784 2184 et
809 2124 1350 2187 innumerabilibus
1380 2125 1890 2200 gratulationibus
1912 2123 2047 2184 iure
2066 2129 2327 2198 antepo-

271 2223 403 2266 nes.
437 2207 606 2267 Haec
625 2207 784 2267 enim
799 2223 898 2268 res
913 2211 1094 2271 unius
1109 2217 1206 2270 est
1216 2207 1469 2285 propria
1486 2208 1547 2268 C.
1566 2208 1877 2270 Caesaris:
1902 2213 2148 2267 ceterae
2160 2207 2329 2267 duce

267 2301 332 2350 te
361 2297 574 2364 gestae
603 2305 860 2366 magnae
893 2292 1034 2353 illae
1057 2292 1336 2368 quidem,
1368 2293 1480 2352 sed
1514 2299 1717 2352 tamen
1746 2293 1936 2351 multo
1972 2305 2331 2364 magnoque

271 2372 576 2433 comitatu.
621 2372 818 2436 Huius
839 2383 1046 2437 autem
1068 2375 1158 2436 rei
1180 2383 1247 2436 tu
1274 2375 1436 2435 idem
1460 2391 1529 2434 es
1563 2382 1624 2448 et
1653 2375 1776 2434 dux
1796 2381 1861 2434 et
1887 2386 2129 2434 comes:
2162 2387 2330 2446 quae

273 2456 516 2530 quidem
546 2463 715 2516 tanta
745 2465 871 2532 est,
906 2468 974 2520 ut
1007 2460 1061 2520 si
1089 2460 1210 2519 ulla
1240 2459 1511 2533 tropaeis
1544 2466 1606 2518 et
1632 2455 2041 2518 monumentis
2075 2452 2199 2516 tuis
2228 2456 2329 2516 ad-

271 2541 469 2598 latura
492 2537 676 2599 finem
701 2539 781 2600 sit
793 2549 965 2603 aetas
987 2577 1056 2587 —
1076 2541 1220 2602 nihil
1246 2549 1342 2602 est
1357 2540 1511 2601 enim
1539 2554 1729 2617 opere
1752 2547 1857 2601 aut
1870 2555 2051 2600 manu
2075 2541 2326 2608 factum,

272 2623 438 2696 quod
463 2637 585 2682 non
611 2622 940 2698 aliquando
965 2625 1251 2686 conficiat
1275 2631 1335 2684 et
1356 2631 1681 2685 consumat
1706 2631 1981 2684 vetustas
2005 2655 2105 2694 -‚
2140 2621 2242 2682 12.
2266 2628 2331 2679 at

270 2706 424 2765 haec
443 2713 548 2766 tua
572 2706 799 2768 iustitia
823 2715 883 2769 et
906 2709 1123 2770 lenitas
1145 2706 1329 2767 animi
1353 2707 1645 2768 florescat
1666 2707 1892 2767 cotidie
1914 2704 2125 2779 magis,
2150 2703 2241 2764 ita
2264 2711 2331 2763 ut

271 2796 564 2862 quantum
597 2789 717 2850 tuis
751 2792 1042 2868 operibus
1073 2789 1437 2852 diuturnitas
1470 2790 1777 2862 detrahet,
1820 2795 2055 2849 tantum
2084 2787 2331 2847 adferat

269 2872 572 2934 laudibus.
637 2875 714 2935 Et
745 2883 987 2938 ceteros
1030 2874 1279 2950 quidem
1310 2876 1823 2935 omnes-victores
1851 2872 2149 2932 bellorum
2186 2869 2322 2930 civi·

271 2953 412 3018 lium
451 2957 566 3016 iam
611 2965 749 3018 ante
787 2959 1096 3034 aequitate
1139 2965 1199 3018 et
1242 2955 1661 3019 misericordia
1701 2956 1973 3016 viceras:
2020 2953 2329 3015 hodierno

270 3054 421 3099 vero
453 3039 550 3100 die
579 3048 640 3100 te
669 3041 870 3116 ipsum
901 3043 1122 3103 vicisti.
1181 3043 1423 3100 Vereor
1448 3050 1520 3102 ut
1552 3041 1703 3114 hoc,
1738 3039 1905 3114 quod
1938 3037 2157 3107 dicam,
2191 3051 2332 3111 per·

269 3121 413 3183 inde
429 3122 680 3198 intelligi
703 3125 902 3198 possit
915 3125 1185 3186 auditum
1204 3131 1389 3198 atque
1409 3125 1547 3200 ipse
1562 3122 1841 3197 cogitans
1866 3120 2098 3183 sentio:
2124 3119 2334 3194 ipsam

271 3204 588 3264 victoriam
636 3207 861 3267 vicisse
889 3201 1147 3280 videris,
1195 3223 1381 3282 quum
1424 3224 1525 3276 ea,
1576 3221 1735 3282 quae
1780 3205 1883 3266 illa
1914 3210 2044 3264 erat
2078 3203 2334 3278 adepta,

272 3287 451 3347 victis
479 3287 782 3348 remisisti.
847 3291 993 3364 Nam
1026 3306 1212 3366 quum
1246 3289 1440 3364 ipsius
1470 3287 1768 3350 victoriae
1800 3286 2168 3350 condicione
2200 3297 2335 3346 om-
2458 3332 2459 3347 2

273 3383 388 3428 nes
431 3367 571 3428 victi
616 3369 1086 3444 occidissemuS,
1135 3375 1493 3436 clementiae
1528 3379 1673 3433 tuae
1715 3370 1939 3434 iudicio
1972 3366 2336 3431 conservati
2458 3366 2459 3445 l
