2459 3817
212 118 343 189 264
470 122 549 181 m
574 122 655 181 M.
683 122 1085 183 AN'roan
1116 120 1399 182 onAno
1433 120 1861 181 anpch
1885 120 2043 179 x1v.
2117 70 2124 77 ’

208 274 447 345 videre,
476 269 991 344 animadvertere,
1022 269 1310 331 iudicare·
1327 269 1576 344 quidam
1603 270 1860 331 moleste
1889 271 2110 331 lerunt.
2170 270 2268 331 Po

206 365 442 419 “eratne
474 353 607 415 fieri
636 360 849 415 utnon
874 355 1133 429 proinde
1164 352 1446 413 homines
1480 354 1558 412 de
1587 368 1869 428 quoque,
1918 361 1985 414 ut
2015 352 2296 427 quisque

206 446 567 510 mereretur,
599 436 977 497 iudicarent?
1016 436 1097 495 Ut
1124 436 1287 495 enim
1321 437 1400 495 de
1433 434 1728 496 universo
1761 444 1976 496 senatu
2007 438 2295 511 populus

206 524 520 583 Romanus
568 518 888 578 verissime
937 517 1165 579 iudicat
1206 518 1388 579 nullis
1443 517 1536 578 rei
1578 518 1862 591 publicae
1900 518 2296 593 temporibus

206 605 371 665 hunc
406 601 679 664 ordinem
708 600 1037 660 firmiorem
1092 608 1198 662 aut
1241 602 1564 663 fortiorem·
1605 602 1830 669 ruisse.
1885 602 1978 661 sic
2042 601 2126 660 de
2159 618 2294 663 uno

210 701 457 763 quoque
486 691 761 744 nostrum
790 691 853 744 et
875 682 1156 755 maxime,
1188 682 1294 758 qui
1323 684 1442 743 hoc
1469 684 1610 743 loco
1642 684 1972 743 sententias
1999 682 2298 755 dicimuS,

207 766 599 830 sciscitantur
630 782 878 839 amaea,
910 774 1093 826 avent
1120 766 1332 827 audire
1367 766 1516 841 quid
1562 766 1828 840 quisque
1861 764 2161 826 senserit=
2206 766 2296 825 ita

210 854 291 913 dc
316 868 438 911 uno
470 866 737 926 quoque,
765 857 832 910 ut
861 858 1165 925 quemque
1192 848 1468 909 meritum
1497 848 1882 919 arbitrantur,
1911 846 2291 908 existimant.

208 933 501 995 Memoria
534 940 747 995 tenent
771 949 871 992 me
898 940 1037 993 ante
1066 930 1225 993 'diem
1255 946 1392 990 xm.
1421 931 1736 991 Kalendas
1764 929 2085 990 Ianuarias
2119 930 2290 1006 prin·

210 1019 405 1092 cipem
434 1016 823 1077 revocandae
848 1014 1141 1076 libertatis
1164 1014 1388 1075 fuisse:
1435 1031 1534 1074 me
1561 1031 1643 1073 ex
1661 1014 1956 1073 Kalendis
1984 1009 2289 1073 Ianuariis

208 1102 285 1160 ad
317 1101 473 1159 hanc
517 1100 731 1160 horam
771 1098 1126 1173 invigilasse
1166 1096 1258 1157 rei
1301 1098 1611 1171 publicae:
1667 1096 1771 1159 20.
1803 1112 2004 1157 meam
2033 1096 2288 1157 domum

209 1198 501 1257 measque
518 1198 701 1243 aures
722 1182 854 1242 dies
878 1192 1219 1257 noctesque
1235 1182 1505 1242 omniu-m
1538 1179 1885 1255 praeceptis
1909 1177 2286 1253 monitisque

208 1268 517 1341 patuissez
559 1264 711 1326 meis
752 1264 999 1335 litteris,
1042 1264 1192 1324 meis
1250 1262 1511 1336 nuntiiS‚
1561 1262 1714 1324 meis
1755 1256 2282 1324 cohortationibus

210 1363 452 1419 omnes,
500 1349 605 1420 qui
633 1345 858 1421 ubique
890 1354 1127 1420 essent,
1167 1346 1248 1406 ad
1277 1345 1510 1421 patriae
1539 1345 1916 1421 praesidium
1945 1345 2252 1405 excitatos

206 1429 361 1490 meis
413 1428 731 1488 sententiis
780 1445 817 1485 a
855 1428 1147 1489 Kalendis
1198 1428 1496 1489 Ianuariis
1541 1444 1872 1503 numquam
1913 1429 2153 1502 legatos
2202 1426 2280 1485 ad

206 1509 569 1574 Antoniume
606 1525 849 1583 semper
876 1509 1042 1569 illum
1068 1509 1330 1585 hostem,
1359 1528 1604 1586 semper
1633 1512 1752 1571 hoc
1777 1511 2022 1585 bellum,
2054 1517 2124 1571 ut
2144 1525 2279 1583 ego,

210 1593 311 1669 qui
354 1591 518 1655 omni
555 1599 830 1669 tempore
870 1608 1053 1653 verae
1093 1592 1268 1667 pacis
1310 1603 1522 1654 auctor
1565 1592 1848 1663 fuissem,
1895 1590 2040 1652 huic
2074 1606 2278 1651 essem

208 1676 433 1736 nomini
444 1677 781 1751 pestiferae
796 1678 1262 1754 pacisinimicus
1282 1679 1440 1739 idem
1459 1698 1474 1739 ε
1500 1678 1602 1739 21.-
1616 1676 2065 1749 P·Ventidium,
2085 1696 2274 1753 quum

206 1760 311 1819 alii
332 1768 697 1836 praetorem,
728 1767 765 1833 †
784 1762 1090 1822 tribunum
1111 1762 1547 1835 Volusienum,
1583 1777 1699 1837 ego
1733 1777 1979 1837 semper
2006 1762 2272 1821 hostem.

205 1848 333 1908 Has
390 1848 451 1907 in
504 1847 837 1907 sententias
891 1862 1059 1906 meas
1112 1844 1167 1905 si
1219 1846 1512 1906 consules
1570 1841 2016 1905 discessionem
2069 1842 2276 1901 facere

208 1930 577 2003 voluissenn
640 1928 921 1990 omnibus
976 1927 1111 1989 istis
1169 1927 1504 1989 latronibus
1563 1925 1922 1989 auctoritate
1979 1924 2120 2003 ipsa
2173 1940 2274 1983 se-

208 2023 389 2074 natus
425 2012 545 2072 iam
574 2013 808 2088 pridem
842 2012 919 2071 de
954 2010 1232 2071 manibus
1270 2028 1437 2071 arma
1473 2009 1859 2071 cecidissent.
1942 2008 2107 2067 vm..
2149 1998 2276 2065 Sed

212 2096 380 2170 quod
408 2103 535 2155 tum
566 2106 699 2155 non·
719 2094 914 2165 licuit,
954 2103 1157 2168 patres
1188 2092 1552 2170 conscripti,
1597 2094 1662 2153 id
1693 2092 1812 2153 hoc
1841 2099 2116 2166 tempore
2149 2104 2274 2148 non

210 2180 406 2239 solum
429 2176 587 2249 licet,
622 2194 835 2237 verum
856 2176 1037 2237 etiam
1060 2190 1320 2237 necesse
1346 2185 1468 2247 est,.
1487 2192 1620 2249 θος,
1646 2174 1749 2249 qui
1778 2191 1845 2236 re
1873 2181 2016 2235 sunt
2039 2172 2273 2241 hostes

209 2260 413 2321 verbis
442 2258 667 2333 notari,
709 2259 1024 2321 sententiis
1058 2258 1286 2319 nostriS
1319 2260 1532 2319 hostes
1561 2256 1838 2317 iudicari.
1925 2256 2025 2317 22.
2075 2258 2278 2313 Antea

213 2359 399 2419 quum
428 2342 667 2402 hostem
705 2359 777 2403 ac
825 2343 1047 2403 bellum
1080 2340 1512 2415 nominassem,
1544 2341 1735 2401 semel
1764 2349 1824 2399 et
1852 2338 2102 2414 saepius
2135 2354 2272 2397 sen-

210 2426 455 2488 tentiam
480 2438 675 2485 meam
705 2426 785 2485 de
813 2440 1065 2486 numero
1100 2425 1533 2485 sententiarum
1564 2424 1968 2483 sustulerunt:
2020 2418 2188 2498 quod
2215 2418 2274 2477 in

210 2510 325 2569 hac
370 2522 559 2569 causa
587 2506 719 2568 fieri
761 2508 881 2569 iam
916 2524 1037 2568 non
1069 2515 1290 2582 potest.
1375 2507 1471 2567 Ex
1504 2504 1716 2566 litteris
1747 2503 1904 2565 enim
1929 2504 2011 2562 C.
2041 2498 2277 2561 Pansae

210 2594 284 2651 A.
312 2589 484 2651 Hirtii
514 2590 861 2661 consulum,
910 2591 971 2650 C.
1005 2589 1284 2650 Caesaris
1313 2605 1425 2664 pro
1457 2596 1770 2664 praetore,
1810 2588 1888 2647 de
1917 2585 2151 2647 honore
2179 2581 2275 2643 dis

213 2674 651 2735 immortalibus
682 2672 965 2735 habendo
1014 2671 1347 2733 sententias
1390 2670 1668 2732 dicimus.
1757 2668 2274 2745 supplicationem

210 2758 394 2818 modo
428 2756 534 2832 qui
564 2754 869 2831 decrevit,
900 2757 1062 2816 idem
1094 2753 1449 2828 imprudens
1477 2753 1690 2815 hostes
1719 2750 2028 2813 iudicavit.
2096 2747 2272 2809 Num-

214 2854 396 2913 quam
444 2839 603 2899 enim
650 2838 712 2899 in
751 2838 915 2901 civili
954 2839 1113 2899 bello
1156 2836 1522 2913 supplicatio
1565 2837 1812 2896 decreta
1857 2843 1980 2895 est=
2034 2833 2274 2892 decreta

213 2920 399 2982 dico?
440 2938 519 2981 ne
550 2921 802 2983 victoris
853 2921 1099 2998 quidem
1139 2920 1349 2983 litteris
1391 2920 1698 2995 postulata
1741 2927 1852 2977 est.
1939 2908 2040 2977 23.
2086 2910 2275 2973 Civile

214 3003 438 3063 'bellum
472 3004 690 3064 consul
732 3005 909 3065 Sulla
953 3004 1174 3079 gessit:
1233 3002 1576 3079 legionibus
1618 3001 1682 3063 in
1731 3000 1944 3060 urbem
1997 2994 2276 3057 adductis

216 3103 377 3163 quos
406 3086 597 3147 voluit
625 3086 887 3161 expulit:
921 3104 1077 3162 quos
1108 3085 1302 3161 potuit
1331 3084 1584 3146 occidit:
1618 3079 2086 3157 supplicationis
2109 3094 2252 3139 men

211 3170 299 3231 tio
326 3171 510 3230 nulla.
598 3168 796 3229 Grave
824 3170 1047 3229 bellum
1080 3167 1476 3229 Octavianum
1505 3166 1846 3227 insecutum
1875 3172 1999 3225 est:
2046 3157 2253 3236 suppli

214 3251 373 3313 catio
394 3252 619 3313 Cinnae
646 3253 811 3312 nulla
840 3249 1074 3311 victori.
1156 3250 1382 3311 Cinnae
1417 3245 1732 3312 victoriam
1760 3247 2087 3321 imperator
2116 3245 2275 3304 ultus

212 3341 313 3393 est
340 3334 539 3399 Sullas
580 3334 743 3393 nulla
772 3333 1137 3407 supplicatio
1166 3334 1416 3392 decreta
1445 3346 1482 3391 a
1513 3338 1746 3391 senatu.
1817 3330 1916 3387 Ad
1957 3337 2016 3389 te
2058 3328 2274 3403 ipsum,
