2459 3817
809 174 977 238 cAP.
1003 181 1240 234 21—24.
1275 177 1606 250 s.⁵1-5s.
2115 168 2246 239 239

185 344 285 399 est
312 352 501 400 causa
528 339 817 402 arborum
850 348 911 402 et
938 338 1248 417 stirpium,
1297 336 1387 403 sic
1415 338 1598 403 huius
1627 334 2072 405 luctuosissimi
2099 342 2252 407 belli

184 434 397 481 semen
426 428 491 483 tu
521 422 708 485 fuisti.
764 424 1001 486 Doletis
1030 424 1141 487 tris
1176 424 1486 486 exercitus
1517 426 1732 503 populi
1761 426 2022 489 Romani
2055 427 2244 488 inter·

184 505 421 565 fectost
465 504 769 569 interfecit
809 506 1137 569 Antonius,
1224 506 1600 570 Desideratis
1653 509 2031 572 clarissimos
2072 510 2254 571 cives

182 587 363 649 vobis
414 596 696 665 ereptos:
751 590 973 667 eripuit
1019 589 1348 653 Antonius.
1445 592 1803 655 Auctoritas
1851 592 2036 656 huius
2083 592 2243 655 ordi·

182 670 281 731 nis
326 669 572 733 adflicta
610 678 737 734 est2
771 670 1009 733 adflixit
1044 673 1370 735 Antonius.
1468 672 1681 735 Omnia
1737 675 2034 753 denique,
2083 689 2244 751 quae

180 762 405 829 postea
440 753 953 832 vidimus—quid
986 764 1186 817 autem
1215 755 1359 817 mali
1391 770 1512 816 non
1542 756 1964 831 vidimusv-,
1993 754 2253 819 sirecte

180 834 703 913 ratiocinabimur‚
746 839 852 900 uni
879 847 1133 913 accepta
1162 839 1502 899 referemus
1531 838 1816 900 Antonio.
1901 840 1983 901 Ut
2008 840 2246 902 Helena

178 919 487 994 'rt-oianis,
523 920 614 983 sic
648 923 765 983 iste
794 920 936 981 huic
964 920 1055 981 rei
1087 919 1369 993 publicae
1391 918 1535 979 belli
1565 934 1784 995 causa,
1825 936 2014 984 causa
2046 921 2241 997 pestis

179 1010 366 1077 atque
394 1002 564 1063 exitii
592 1004 722 1065 luit.
784 1002 1081 1077 Reliquae
1110 1008 1316 1077 partes
1350 1001 1690 1064 tribunatus
1753 1002 2034 1079 principii
2078 1003 2241 1065 simi-

180 1085 296 1146 les,
386 1083 598 1146 Omnia
638 1086 925 1161 perfecit,
961 1099 1121 1159 quae
1154 1084 1608 1157 senatus-salva
1633 1102 1702 1146 re
1725 1085 1969 1161 publica
1999 1101 2078 1147 nc
2108 1083 2248 1147 fleri

179 1174 443 1244 possent
466 1169 822 1242 perfecerat.
867 1165 1049 1228 cuius
1070 1175 1272 1227 tamen
1297 1168 1501 1230 scelus
1519 1152 1845 1230 in‘scelere
1867 1168 2240 1243 cognoscite.

306 1248 515 1309 XXIII.
548 1248 649 1312 56.
677 1246 1060 1312 Restituebat
1084 1250 1306 1312 multos
1335 1248 1743 1312 calamitosos.
1826 1252 1892 1312 In
1931 1250 2007 1314 iis
2046 1247 2246 1326 patrui

180 1333 349 1393 nulla
374 1332 618 1394 mentio.
690 1332 756 1393 Si
786 1346 1061 1407 severus,
1091 1348 1199 1394 cur
1230 1349 1352 1397 non
1388 1332 1448 1394 in
1483 1341 1743 1395 omnes?
1773 1332 1837 1396 Si
1866 1333 2237 1396 misericors.

182 1433 293 1478 cur
318 1414 533 1478 nonin
558 1422 751 1478 suos?
783 1412 909 1478 Sed
942 1414 1151 1479 omitto
1186 1420 1457 1479 ceteros.
1537 1410 1830 1477 Licinium
1854 1412 2254 1478 Denticulum

178 1500 261 1561 de
283 1499 416 1561 alea
451 1500 932 1573 condemnatum,
959 1500 1326 1563 collusorem
1359 1515 1554 1575 suum,
1583 1502 1858 1573 restituit,
1892 1498 2071 1577 quasi
2093 1513 2242 1560 vero

178 1582 392 1644 ludere
435 1598 572 1643 cum
616 1583 1019 1646 condemnato
1063 1598 1185 1645 non
1224 1581 1464 1647 liceretz
1507 1585 1621 1645 sed
1663 1591 1761 1658 ut,
1810 1584 1980 1659 quod
2013 1581 2074 1642 in
2107 1583 2248 1643 alea

182 1664 553 1739 perdiderat,
576 1666 878 1727 beneficio
907 1665 1061 1741 legis
1096 1666 1480 1727 dissolveret.
1567 1665 1758 1739 Quam
1787 1663 2035 1726 attulisti
2062 1664 2241 1726 ratio·

182 1760 324 1805 nem
353 1746 587 1821 populo
615 1749 892 1807 Romano
934 1763 1043 1807 cur
1065 1764 1202 1808 eum
1229 1744 1463 1808 restitui
1499 1754 1852 1821 oporteret?
1885 1745 2244 1819 Absentem,

184 1828 392 1903 credo,
418 1829 479 1888 in
508 1843 651 1891 reos
682 1831 966 1891 relatum=
994 1845 1121 1890 rem
1151 1828 1379 1890 indicta
1411 1844 1600 1890 causa
1625 1826 1983 1890 iudicatam=
2015 1830 2249 1890 nullum

182 1909 381 1973 fuisse
419 1912 499 1973 de
538 1912 671 1973 alea
710 1914 847 1987 Iege
890 1912 1209 1974 iudiciumae
1269 1910 1333 1972 vi
1373 1926 1739 1988 oppressum
1777 1919 1840 1973 et
1875 1909 2090 1971 armis=
2132 1925 2241 1986 po·

184 2004 431 2070 stremo,
474 1995 641 2070 quod
663 1996 743 2057 de
772 2000 986 2071 patruo
1014 2002 1118 2057 tuo
1143 1994 1476 2069 dicebatur,
1504 1995 1765 2071 pecunia
1787 1990 2074 2055 iudicium
2099 2008 2255 2054 esse

185 2085 575 2154 corruptum
597 2076 755 2138 Nihil
788 2078 1023 2141 horum.
1078 2078 1162 2139 At
1190 2077 1288 2138 vir
1318 2077 1515 2139 bonus
1543 2084 1604 2139 et
1628 2093 1697 2138 re
1726 2074 1972 2153 publica
1999 2074 2250 2150 dignus.

181 2161 336 2222 Nihil
366 2162 429 2222 id
458 2161 705 2238 quidem
725 2162 804 2221 ad
830 2176 991 2223 rem:
1036 2176 1152 2237 ego
1182 2168 1415 2235 tamen,
1457 2159 1746 2237 quoniam
1779 2158 2252 2220 condemnatum·

188 2256 336 2301 esse
383 2258 498 2318 pro
548 2243 735 2304 nihilo
788 2250 914 2317 est,
967 2241 1053 2304 ita
1102 2242 1508 2316 ignoscerem.
1607 2241 1930 2303 Hominem
1977 2244 2247 2305 omnium

188 2324 662 2399 nequissimum,
716 2327 819 2403 qui
865 2342 993 2389 non
1038 2324 1350 2388 dubitaret
1395 2328 1499 2388 vel
1546 2324 1608 2386 in
1648 2326 1785 2388 foro
1829 2328 1967 2389 alea
2012 2327 2246 2397 ludere,

186 2408 324 2484 lege
342 2455 358 2482 ,
401 2426 560 2486 quae
586 2420 681 2471 est
708 2412 786 2471 de
813 2414 979 2485 alea,
1020 2413 1489 2476 condemnatum
1516 2412 1619 2489 qui
1652 2413 1714 2473 in
1745 2411 2042 2489 integrum
2069 2410 2244 2471 resti-

184 2493 312 2564 tuit,
340 2491 395 2553 is
424 2508 546 2554 non
577 2494 960 2569 apertissime
991 2495 1257 2558 studium
1291 2512 1468 2560 suum
1495 2496 1632 2573 ipse
1658 2497 2020 2573 profitetur?
2046 2490 2147 2557 57.
2177 2494 2252 2553 In·

184 2575 403 2637 eodem
424 2592 570 2637 vero
593 2577 917 2652 tribunatu,
944 2595 1129 2654 quum
1153 2578 1452 2642 Caesarin
1466 2578 1817 2656 Hispaniam
1843 2575 2244 2653 proficiscens

183 2658 328 2719 huic
368 2661 846 2722 conculcandam
874 2660 1107 2724 Italiam
1153 2662 1539 2734 tradidisset,
1578 2676 1738 2736 quae
1765 2659 1877 2722 luit
1905 2659 2040 2720 eius
2070 2674 2246 2732 pera·

185 2740 379 2816 gratio
416 2739 729 2819 itinerum,
771 2742 1049 2806 lustratio
1091 2744 1588 2821 municipiorum!
1636 2742 1780 2803 Scio
1819 2756 1918 2802 me
1956 2741 2020 2800 in
2059 2739 2244 2800 rebus

186 2820 681 2885 celebratissimis
732 2826 996 2887 omnium
1036 2842 1318 2888 sermone
1345 2824 1610 2895 versari,
1643 2840 1872 2898 eaque,
1914 2838 2073 2901 quae
2102 2822 2244 2884 dico

181 2906 581 2982 dicturusque
607 2922 763 2983 sum,
791 2908 1028 2969 notiora
1048 2924 1189 2969 esse
1213 2906 1514 2981 omnibuS,
1545 2907 1649 2982 qui
1677 2906 1736 2968 in
1765 2904 1934 2969 Italia
1962 2915 2084 2969 tum
2117 2908 2242 2967 fue-

180 2996 350 3063 runt,
383 3004 566 3065 quam
598 2988 775 3064 mihi,
819 2989 924 3065 qui
965 3006 1088 3051 non
1130 2989 1233 3053 fui.
1318 2989 1553 3051 Notabo
1582 2998 1780 3052 tamen
1813 2988 2084 3066 singulas
2111 3004 2255 3050 rese

182 3073 297 3134 etsi
319 3073 484 3135 nullo
499 3073 684 3135 modo
699 3072 920 3149 poterit
942 3072 1133 3136 oratio
1156 3088 1292 3136 mea
1305 3071 1455 3135 satis
1470 3073 1670 3135 facere
1685 3081 1923 3135 vestrae
1936 3070 2245 3134 scientiae.

179 3155 417 3218 Etenim
433 3157 601 3233 quod
615 3172 717 3218 um
724 3172 903 3233 quam
914 3153 976 3217 in
993 3155 1169 3218 terris
1185 3165 1415 3220 tantum
1428 3153 1722 3233 flagitium
1735 3155 2046 3218 exstitisse
2073 3151 2243 3213 audi-

182 3254 305 3299 tum
324 3246 461 3302 est?
484 3247 707 3301 tantam
720 3238 1151 3315 turpitudinem
1165 3248 1196 3301 t
1217 3248 1443 3303 tantum
1457 3239 1731 3301 dedecus
1743 3238 1994 3299 PXXW.
2009 3234 2111 3297 58.
2122 3236 2252 3296 Ve-

181 3320 437 3383 bebatur
462 3320 523 3384 in
551 3324 777 3386 essedo
804 3320 1083 3386 tribunus
1110 3323 1340 3399 plebis=
1378 3323 1622 3383 lictores
1649 3318 1898 3381 laureati
1923 3318 2243 3380 antecede-

180 3403 355 3467 bant=
379 3403 540 3467 inter
551 3422 709 3483 quos
723 3404 1161 3484 apertalectica
1172 3408 1354 3469 mima
1371 3404 1753 3481 portabatur=
1779 3416 1960 3480 quam
1975 3416 2055 3464 ex
2070 3398 2246 3480 oppi-
