2459 3817
230 176 313 241 84
689 184 765 244 IN
808 185 869 243 C.
913 182 1238 244 VERREM
1267 184 1539 243 Aer-11.
1581 183 1723 242 LIB.
1754 185 1856 243 lv.

236 353 416 413 pora,
450 352 485 395 o
518 342 749 393 mores!
794 332 940 392 nihil
973 331 1213 391 nimium
1249 339 1423 392 vetus
1451 333 1774 425 proferam.
1837 332 1990 394 Sunt
2019 342 2279 395 vestrum

233 418 499 511 aliquam
524 416 719 486 multi,
769 414 872 489 qui
899 415 965 473 L.
994 414 1273 474 Pisonem
1317 412 1666 488 cognorint,
1723 413 1902 475 huius
1929 415 1995 473 L.
2026 415 2278 490 PisoniS,

236 500 339 575 qui
368 507 612 593 praetor
649 460 785 570 l'u’it,
830 504 1077 571 patrem.
1138 495 1239 568 Ei,
1286 513 1469 570 quum
1503 505 1670 557 esset
1696 494 1755 555 in
1786 497 2082 571 Hispania
2113 514 2276 572 prae-

234 593 357 653 tor,
411 581 619 655 quain
654 578 967 655 provincia
1002 576 1246 639 occisus
1281 586 1402 650 est,
1457 577 1666 637 nescio
1719 595 1840 653 quo
1876 588 2088 655 pacto,
2141 581 2278 639 dum

233 664 416 723 armis
447 670 792 734 exercetur,
832 662 1049 721 anulus
1092 677 1345 731 aureuS,
1401 677 1580 735 quem
1621 660 1908 733 habebat,
1959 664 2180 722 fractus
2223 671 2280 723 et

234 744 637 807 comminutus
663 752 774 804 est.
822 744 1013 816 Quum
1058 744 1239 802 vellet
1269 742 1386 801 sibi
1415 744 1660 802 anulum
1705 744 1936 817 faeere,
1975 743 2276 803 aurificem

234 828 407 887 iussit
457 825 669 887 vocari
721 826 781 885 in
833 828 1031 885 forum
1080 826 1160 883 ad
1206 826 1420 882 sellam
1461 822 1784 881 Cordubae
1829 828 1910 881 et·
1935 826 2136 897 palam
2173 843 2275 899 ap·

236 909 443 985 pendit
471 924 714 967 aurumz
756 909 1059 967 hominem
1090 906 1149 965 in
1183 908 1314 966 foro
1357 906 1523 967 iubet
1568 907 1780 965 sellam
1823 922 2053 979 ponere
2096 917 2156 968 et
2195 910 2276 966 sa-

234 1009 373 1051 cere
404 992 651 1050 anulum
682 990 963 1049 omnibus
998 987 1446 1063 praesentibus.
1519 988 1778 1047 Nimium
1821 990 2096 1051 forta‘sse-
2124 990 2279 1049 dicet

232 1073 452 1148 aliquis
480 1074 642 1131 hunc
666 1072 1029 1145 diligentem.
1071 1071 1378 1130 Hactenus
1411 1069 1846 1146 reprehendet,
1875 1070 1929 1131 si
1953 1072 2055 1146 qui
2089 1073 2275 1132 volet·.

234 1155 378 1214 nihil
414 1153 694 1230 amplius.
758 1155 985 1214 Verum
1018 1152 1127 1214 fuit
1160 1152 1217 1213 ei
1253 1153 1731 1213 concedendum.
1785 1152 1974 1213 Filius
2018 1153 2176 1213 enim
2211 1154 2274 1211 L.

230 1237 467 1297 Pisonis
502 1243 659 1307 erat,
698 1234 858 1309 eiuS‚
892 1234 1003 1309 qui
1032 1234 1264 1310 primus
1294 1235 1371 1303 de
1391 1234 1670 1310 pecuniis
1696 1236 2050 1309 repetundis
2084 1237 2275 1309 legem

234 1320 379 1380 tulit.
430 1316 530 1379 57.
589 1317 932 1378 Ridiculum
962 1325 1055 1377 est
1081 1333 1175 1375 me
1204 1333 1365 1377 nunc
1395 1318 1473 1377 de
1501 1319 1692 1377 Verre
1723 1317 1957 1391 dicere,
1989 1336 2172 1393 quum
2203 1318 2277 1377 de

229 1401 450 1461 Pisone
476 1399 657 1472 Frugi
686 1400 969 1458 dixerim=
1014 1416 1223 1459 verum
1253 1408 1448 1459 tamen
1478 1408 1764 1473 quantum
1794 1399 2027 1461 intersit
2059 1400 2274 1459 videte.

231 1485 351 1543 Iste
395 1497 581 1555 quum
615 1480 1212 1563 aliquotabaeorum
1251 1482 1474 1541 faceret
1499 1498 1651 1541 vasa
1685 1497 2064 1553 aurea,⁴non
2109 1484 2276 1541 labo·

230 1564 387 1623 ravit
414 1563 560 1637 quid
594 1579 715 1622 non
750 1564 931 1623 modo
961 1561 1023 1620 in
1056 1562 1291 1635 Sicilia,
1339 1579 1550 1623 verum
1593 1562 1772 1623 etiam
1811 1565 2042 1625 Romae
2083 1563 2145 1623 in
2186 1564 2274 1623 iu-

232 1645 391 1706 dicio
420 1646 684 1705 audiret:
730 1644 829 1705 ille
872 1644 933 1703 in
974 1644 1105 1705 auri
1152 1644 1463 1705 semuncia
1512 1653 1692 1706 totam
1727 1644 2082 1719 Hispaniam
2119 1644 2276 1705 scire

230 1727 418 1789 voluit
462 1728 623 1787 unde
662 1728 928 1803 praetori
974 1727 1189 1787 anulus
1213 1727 1412 1807 fieret.
1475 1726 1762 1788 Nimirum
1835 1736 1902 1789 ut
1927 1728 2026 1788 hic
2056 1742 2275 1787 nomen

232 1827 407 1870 suum
443 1809 892 1885 comprobavit,
928 1808 1018 1869 sic
1052 1809 1153 1869 ille
1183 1825 1542 1885 cognomen.
2271 1854 2276 1862 .

392 1892 603 1950 XXVI.
666 1892 840 1951 Nullo
888 1892 1069 1951 modo
1102 1907 1358 1969 possum
1390 1890 1591 1951 omnia
1617 1889 1793 1952 istius
1824 1893 1981 1951 sacta
2009 1900 2112 1951 aut
2153 1907 2274 1950 me-

232 1972 421 2032 moria
450 1973 747 2045 consequi
778 1981 880 2032 aut
922 1973 1193 2033 oratione
1235 1972 1573 2048 complecti.
1638 1972 1873 2050 Genera
1909 1973 2048 2047 ipsa
2093 1973 2276 2049 cupio

231 2052 491 2114 breviter
543 2053 837 2127 attingere
863 2099 877 2124 ,
944 2063 1010 2114 ut
1056 2054 1155 2113 hic
1218 2056 1400 2115 modo
1465 2072 1561 2114 me
1623 2054 1990 2116 commonuit
2035 2053 2275 2115 Pisonis

231 2137 475 2208 anuum,
532 2135 698 2209 quod
746 2143 935 2195 totum
986 2134 1324 2196 effluxerat.
1411 2135 1600 2210 Quam
1641 2136 1840 2198 multis
1879 2136 2062 2199 istum
2104 2145 2290 2212 puta-.

231 2218 305 2278 tis
346 2215 692 2277 hominibus
724 2216 999 2277 honestis
1029 2217 1106 2277 de
1135 2216 1339 2291 digitis
1389 2220 1606 2279 anulos
1649 2219 2050 2287 abstulisset,
2093 2219 2273 2279 Num·

230 2316 411 2374 quam
468 2298 793 2371 dubitavit,
848 2300 1392 2374 quotienscumque
1441 2300 1696 2361 alicuius
1745 2311 1848 2371 aut
1892 2318 2129 2375 gemma
2173 2309 2277 2361 aut

228 2384 406 2441 anulo
442 2382 775 2441 delectatus
808 2389 919 2441 est.
984 2381 1341 2441 Incredibile
1385 2382 1580 2441 dicam
1594 2419 1611 2457 ‚·
1654 2385 1766 2443 sed
1808 2383 1890 2443 ita
1920 2386 2176 2455 clarum,
2210 2390 2278 2443 ut

229 2464 426 2537 ipsum
458 2471 811 2537 negaturum
843 2480 963 2522 non
992 2462 1261 2523 arbitrer.
1325 2461 1427 2524 58.
1490 2464 1682 2537 Quum
1710 2466 1990 2533 Valentio
2021 2468 2154 2526 eius
2186 2466 2274 2524 in·

220 2544 471 2616 terpreti
496 2544 758 2619 epistola
771 2544 1108 2621 Agrigento
1133 2547 1337 2607 adlata
1360 2556 1546 2619 esset,
1573 2564 1722 2609 casu
1749 2546 1988 2623 signum
2014 2548 2134 2609 iste
2153 2550 2280 2609 ani-

220 2640 383 2683 mum
413 2628 529 2685 adv
537 2628 677 2687 ertit
705 2626 767 2686 in
792 2632 1041 2689 cretula.
1072 2630 1306 2689 Placuit
1330 2630 1418 2691 ei:
1451 2630 1754 2703 quaesivit
1773 2631 1938 2690 unde
1964 2639 2131 2693 esset
2155 2632 2280 2707 epi-

219 2710 398 2766 stola.
428 2700 797 2784 Respon'dit,
806 2711 1165 2787 AgrigentO.
1210 2715 1336 2773 Iste
1357 2713 1588 2773 litteras
1617 2714 1696 2772 ad
1729 2729 1887 2787 quos
1911 2714 2152 2775 solebat
2171 2713 2280 2773 mi·

224 2789 330 2860 sit,
369 2797 434 2847 ut
462 2788 515 2848 is
544 2792 762 2850 anulus
791 2789 871 2848 ad
902 2806 971 2849 se
1000 2788 1194 2862 primo
1222 2806 1467 2863 quoque
1498 2796 1770 2863 tempore
1790 2790 2141 2850 adferretur.
2187 2790 2280 2849 Ita

222 2870 433 2930 litteris
462 2870 639 2931 istius
674 2872 827 2945 patri
864 2870 1137 2942 familias,
1168 2872 1232 2929 L.
1263 2870 1434 2945 Titio,
1471 2870 1588 2930 civi
1620 2872 1914 2944 Romano,
1944 2870 2163 2929 anulus
2197 2872 2278 2929 de

222 2951 407 3027 digito
440 2954 745 3013 detractus
781 2962 890 3013 est.
954 2955 1063 3014 Illa
1094 2969 1238 3013 vero
1269 2952 1400 3013 eius
1437 2951 1736 3028 cupiditas
1763 2952 2136 3012 incredibilis
2160 2960 2278 3011 est.

220 3036 370 3094 Nam
398 3044 463 3097 ut
505 3034 563 3093 in
608 3034 847 3110 singula
888 3034 1230 3108 conclavia,
1280 3052 1437 3107 quae
1477 3034 1592 3095 iste
1638 3052 1760 3095 non
1809 3035 1993 3094 modo
2022 3036 2277 3106 Romae,

223 3118 335 3177 sed
370 3119 430 3177 in
466 3118 745 3178 omnibus
778 3116 937 3178 villis
979 3118 1189 3189 habet,
1235 3117 1500 3177 tricenos
1544 3118 1736 3178 lectos
1777 3116 2006 3191 optime
2051 3123 2278 3177 stratos

222 3216 357 3260 cum
390 3200 646 3259 caeteris
682 3200 1051 3261 ornamentis
1098 3198 1363 3260 convivii
1408 3207 1752 3275 quaereret,
1798 3198 2046 3260 nimium
2091 3198 2280 3257 multa

221 3297 576 3355 comparare
611 3281 933 3343 videretur.
1010 3284 1186 3342 Nulla
1225 3283 1446 3341 domus
1485 3281 1546 3340 in
1579 3281 1785 3348 Sicilia
1824 3283 2101 3357 locuples
2145 3278 2278 3349 suit,

221 3362 320 3421 ubi
352 3361 467 3423 iste
500 3380 619 3423 non
645 3364 965 3425 textrinum
998 3363 1332 3426 instituerit..
1383 3362 1483 3424 59.
1545 3364 1761 3424 Mulier
1799 3373 1895 3425 est
1936 3364 2278 3437 Segestana
