2459 3817
813 146 977 209 CAP.
1002 155 1055 210 7.
1076 182 1147 191 -
1164 156 1215 211 9.
1251 154 1303 215 s.
1335 154 1405 210 1⁶.
1423 182 1496 193 -
1513 156 1602 210 23.
2115 150 2237 218 127

168 295 253 355 ita
288 294 648 357 constitutas
684 298 873 357 fuisse
906 298 1159 374 familia,
1186 316 1443 375 pecore,
1492 298 1682 371 villis,
1721 300 2003 377 pecuniis
2045 300 2242 361 credi-

164 376 285 452 tis,
313 386 379 439 ut
408 378 631 439 nemini
662 379 863 441 minus
893 382 1210 457 expediret
1243 384 1430 443 ullum
1457 382 1520 443 in
1554 382 1761 444 Sicilia
1794 386 2110 445 tumultum
2135 393 2244 447 aut

170 463 395 523 bellum
427 462 826 525 commoveri:
878 481 1003 524 non
1032 464 1230 527 dicam
1257 482 1335 527 ne
1364 466 1512 527 illud
1555 467 1834 543 quidem,
1875 468 1929 529 si
1977 467 2240 528 maxime

166 544 229 603 in
271 547 451 620 culpa
478 548 660 609 fuerit
689 545 1089 623 Apollonius,
1123 556 1319 611 tamen
1347 550 1408 609 in
1439 548 1746 611 hominem
1766 548 2240 611 honestissimae

170 626 435 689 civitatis
466 628 967 691 honestissimum
1009 639 1133 692 tam
1171 632 1436 707 graviter
1476 632 1875 693 animadverti
1913 650 2103 695 eausa
2147 634 2235 692 in-

168 709 333 771 dicta
367 728 486 772 non
523 711 895 787 oportuisse.
951 710 1053 775 21.
1108 714 1346 777 Nullam
1373 715 1436 777 in
1466 723 1526 777 te
1568 715 1859 776 invidiam
1897 733 1974 777 ne
2009 734 2088 777 ex
2115 715 2238 775 illis

166 793 415 868 quidem
443 796 633 857 rebus
660 796 1015 871 concitabo,
1054 815 1242 874 quum
1276 806 1446 861 esset
1472 798 1611 861 talis
1641 798 1733 857 vir
1760 798 1822 858 in
1853 815 2131 873 carcere,
2173 798 2236 859 in

163 878 466 949 tenebriS,
517 878 578 937 in
636 882 961 955 squalore,
1013 881 1073 940 in
1129 882 1445 954 sordibus,
1501 880 1839 959 tyrannicis
1899 880 2238 942 interdictis

167 959 320 1035 tuiS,
354 961 514 1036 patri
548 971 767 1024 exacta
804 970 1003 1025 aetate
1037 972 1099 1025 et
1138 964 1519 1025 adolescenti
1563 964 1689 1025 filio
1733 965 2000 1023 adeundi
2045 964 2130 1023 ad
2167 964 2236 1023 il·

165 1043 291 1102 lum
321 1044 614 1105 miserum
648 1052 1015 1120 potestatem
1045 1064 1378 1122 numquam
1426 1064 1572 1109 esse
1617 1049 1858 1107 factam.
1927 1045 2121 1107 Etiam
2170 1046 2236 1105 il-

163 1127 272 1185 lud
300 1127 683 1201 praeteribo,
713 1126 1266 1205 quotienscumque
1292 1129 1698 1191 Panhormum
1727 1128 1972 1191 veneris
1998 1127 2101 1189 illo
2131 1145 2238 1189 an·

164 1226 249 1269 no
283 1217 348 1269 et
372 1225 486 1269 sex
519 1209 835 1270 mensibus
862 1244 941 1255 -
976 1228 1113 1271 nam
1148 1220 1273 1272 tam
1307 1212 1414 1273 diu
1455 1212 1568 1273 fuit
1592 1211 1962 1287 Apollonius
2003 1210 2064 1273 in
2109 1228 2228 1272 car·

165 1307 315 1355 cere
358 1323 463 1362 —-,
522 1291 744 1353 totiens
794 1300 854 1353 te
903 1301 1181 1355 senatum
1203 1294 1734 1357 Panhormitanum
1764 1294 1974 1357 adisse
2003 1294 2238 1371 suppli-

165 1391 302 1435 cem
358 1390 497 1435 cum
544 1374 999 1449 magistratibus
1042 1378 1594 1453 sacerdotibusque
1647 1377 1910 1453 publicis
1964 1385 2236 1439 orantem

164 1466 353 1533 atque
386 1458 847 1533 obsecrantem,
890 1468 957 1521 ut
986 1458 1318 1535 aliquando
1347 1460 1448 1521 ille
1481 1460 1668 1523 miser
1711 1469 1895 1535 atque
1934 1460 2236 1523 innocens

164 1541 504 1603 calamitate
532 1540 634 1601 illa
660 1541 1039 1603 liberaretur.
1082 1542 1388 1619 Relinque
1418 1544 1570 1605 haee
1601 1543 1832 1608 omnia=
1865 1560 2024 1619 quae
2053 1545 2109 1606 si
2128 1561 2236 1606 ve-

164 1621 267 1683 lim
296 1623 617 1700 persequi,
652 1624 827 1685 facile
855 1627 1174 1687 ostendam
1219 1635 1324 1687 tua
1352 1627 1706 1689 erudelitate
1736 1627 1797 1687 in
1829 1627 1986 1687 alios
2021 1643 2236 1687 omnes

163 1705 272 1767 tibi
303 1706 505 1767 aditus
536 1706 995 1770 misericordiae
1023 1708 1291 1769 iudicum
1317 1710 1439 1771 iam
1481 1710 1719 1783 pridem
1769 1725 1916 1769 esse
1959 1708 2233 1783 praeclu-

165 1807 296 1851 sos.
367 1791 468 1851 IX.
530 1789 633 1853 22.
694 1790 909 1851 Omnia
935 1790 1041 1853 tibi
1071 1792 1189 1853 ista
1224 1794 1564 1853 concedam
1605 1802 1670 1851 et
1708 1789 2026 1851 remittam.
2085 1790 2234 1850 Pro-

163 1872 347 1935 video
378 1872 541 1935 enim
568 1872 716 1947 quid
758 1873 839 1935 sit
878 1875 1250 1935 defensurus
1281 1872 1665 1935 Hortensius.
1719 1871 2030 1933 Fatebitur
2070 1873 2237 1948 apud

163 1956 349 2017 istum
377 1972 582 2031 neque
611 1965 987 2018 senectutem
1017 1954 1207 2032 patris
1242 1972 1446 2031 neque
1485 1954 1966 2017 adolescentiam
1993 1956 2102 2017 filii
2130 1972 2236 2015 ne-

167 2057 291 2115 que
319 2039 602 2101 lacrimas
631 2038 953 2115 utriusque
983 2041 1123 2115 plus
1162 2037 1435 2101 valuisse
1481 2055 1662 2115 quam
1706 2037 2020 2101 utilitatem
2071 2042 2234 2100 salu·

165 2132 413 2197 temque
466 2121 849 2199 provinciam
884 2122 1071 2184 'dicet
1106 2139 1236 2184 rem
1278 2122 1584 2198 publicam
1636 2121 2042 2185 administrari
2099 2122 2236 2184 sine

164 2215 331 2268 metu
358 2220 435 2269 ac
464 2206 789 2268 severitate
822 2222 947 2268 non
974 2222 1195 2282 possea
1244 2214 1498 2281 quaeret
1527 2224 1714 2281 quam
1743 2207 1824 2267 ob
1852 2222 1982 2266 rem
2031 2206 2237 2265 fasces

162 2288 557 2365 praetoribus
583 2292 1036 2365 praeferantur,
1085 2306 1195 2351 eur
1225 2306 1476 2351 secures
1501 2290 1680 2351 datae
1695 2334 1712 2363 ,
1745 2305 1852 2349 cur
1885 2304 2099 2348 carcer
2131 2304 2234 2347 ae-

164 2372 483 2447 dificatae,
524 2389 632 2433 cur
660 2382 749 2435 tot
776 2371 1081 2449 supplicia
1108 2372 1231 2435 sint
1268 2374 1332 2434 in
1362 2372 1685 2448 improbos
1727 2388 1898 2431 more
1939 2369 2236 2430 maiorum

164 2455 535 2519 constituta?
602 2456 769 2531 Quae
814 2474 998 2532 quum
1051 2455 1256 2517 omnia
1293 2456 1560 2533 graviter
1601 2470 1944 2529 severeque
1994 2452 2232 2526 dixerit,

165 2555 457 2617 quaeram
506 2556 613 2601 cur
652 2540 817 2601 hunc
857 2540 1139 2602 eumdem
1186 2538 1577 2615 Apollonium
1621 2540 1850 2599 Verres
1889 2536 2080 2612 idem,
2137 2553 2232 2599 re·

162 2632 377 2699 pente,
407 2624 573 2684 nulla
598 2639 667 2685 re
696 2640 861 2685 nova
888 2624 1118 2697 adlata,
1147 2624 1314 2684 nulla
1343 2622 1736 2694 defensione„
1769 2622 1904 2683 sine
1931 2636 2122 2681 causa
2156 2621 2238 2681 de

166 2722 417 2769 earcere
439 2704 627 2767 emitti
654 2705 932 2768 iusserim
961 2714 1316 2783 tantumque
1345 2706 1406 2767 in
1437 2706 1557 2767 hoc
1585 2702 1836 2765 crimine
1860 2701 2236 2780 suspicionis

162 2806 310 2853 esse
341 2790 711 2869 adfirmabo,
742 2798 809 2853 ut
837 2789 957 2849 iam
990 2789 1147 2865 ipsis
1178 2788 1484 2851 iudicibus
1519 2787 1655 2849 sine
1687 2803 1825 2849 mea
1853 2793 2234 2863 argumenta-

163 2874 329 2934 tione
355 2873 765 2935 coniecturam
798 2876 999 2935 facere
1028 2872 1399 2949 permittam,
1445 2872 1613 2948 quod
1657 2870 1776 2933 hoc
1821 2886 2016 2946 genus
2057 2885 2234 2947 prae·

163 2956 379 3027 dandi,
419 2973 602 3033 quam
634 2956 975 3032 improbum
994 3003 1011 3030 ,
1054 2973 1236 3031 quam
1276 2955 1590 3030 indignum
1634 2969 1949 3030 quamque
1981 2954 2062 3015 ad
2107 2969 2235 3013 ma·

161 3039 539 3114 gnitudinem
562 3048 859 3115 quaestus
891 3038 1252 3101 immensum
1295 3035 1718 3113 infinitumque
1755 3054 1900 3100 esse
1934 3036 2248 3097 videatur..

164 3121 264 3184 23.
327 3124 481 3185 Nam
525 3138 684 3198 quae
712 3121 923 3185 iste—in
952 3121 1286 3197 Apollonio
1329 3121 1501 3195 fecit,
1551 3138 1624 3183 ea
1665 3120 1926 3197 primum
1965 3116 2236 3177 breviter

166 3206 555 3282 cognoscite,
588 3212 738 3282 quot
764 3214 826 3267 et
854 3215 1081 3281 quanta
1108 3204 1259 3269 sinn
1305 3204 1530 3267 deinde
1569 3204 1722 3265 haec
1767 3198 2100 3278 expendite
2140 3209 2228 3260 at—

165 3306 285 3364 que
316 3288 634 3353 aestimate
660 3288 951 3365 pecuniaz
979 3287 1300 3365 reperietis
1327 3286 1556 3352 idcirco
1587 3285 1814 3347 haecin
1837 3299 1959 3347 uno
1983 3280 2232 3343 homine

166 3372 505 3448 pecunioso
539 3381 629 3435 tot
660 3372 1015 3446 constituta,
1044 3381 1113 3433 ut
1146 3369 1406 3438 caeteris
1435 3368 1792 3431 formidines
1821 3362 2106 3427 similium
2136 3363 2224 3424 in-
