2459 3817
821 156 991 221 cAP.
1023 163 1259 218 30-32,
1294 165 1343 230 ς.
1374 165 1609 220 72-78,
2140 158 2258 222 125

187 320 365 382 ritum
403 319 546 398 quia
583 328 647 384 te
677 330 840 386 teste
870 341 1235 402 cognoram,
1268 331 1331 386 te
1360 327 1579 388 eodem
1610 335 1865 391 auctore
1894 327 2179 390 delendi?
2210 337 2271 394 et

187 405 246 464 ei
273 405 476 467 dices:
514 407 640 478 Quo
662 407 888 484 usque?
918 424 1099 484 quem
1127 425 1339 484 negas,
1373 413 1541 486 quod
1567 429 1679 488 pro
1708 413 1911 490 Cispio
1936 415 2269 476 contende-

187 488 318 557 rim,
349 487 680 564 impetrare
701 492 1026 567 potuisse?
1052 493 1200 553 Nam
1224 493 1404 555 istius
1430 496 1601 556 verbi
1629 515 1743 573 quo
1770 515 1952 573 usque
1976 497 2129 558 haec
2158 515 2269 574 po·

185 577 346 632 terat
374 588 519 633 esse
544 572 801 636 invidia:
833 577 1011 638 datus
1041 576 1268 638 esttibi
1296 576 1413 650 ille,
1447 581 1834 642 condonatus
1858 589 1953 642 est
1982 580 2112 643 ille:
2143 598 2267 643 non

187 654 338 714 facis
374 655 590 719 finem:
635 660 799 720 ferre
839 676 964 721 non
1007 677 1374 738 possumus:
1420 661 1478 722 ei
1523 664 1797 737 quidem,
1846 665 1950 739 qui
1993 681 2106 740 pro
2142 681 2267 726 uno

188 738 496 810 laborarit,
528 741 589 801 id
613 740 813 817 ipsum
844 761 965 804 non
993 744 1339 814 obtinuErit,
1370 745 1524 806 dici:
1563 747 1684 816 Quo
1710 750 1930 822 usque?
1960 747 2267 809 irridentis

191 829 385 906 magis
413 837 510 890 est
545 846 726 906 quam
768 829 1306 906 reprehendentis=
1364 827 1484 887 nisi
1512 828 1669 888 rorte
1696 845 1814 902 ego
1840 845 2001 889 unus
2041 827 2125 890 ita
2164 845 2262 888 me

188 911 358 989 gessi
386 912 445 972 in
470 912 745 987 iudiciis,
785 912 868 975 ita
898 922 960 974 et
987 929 1124 973 cum
1151 913 1249 972 his
1279 917 1341 971 et
1374 911 1527 971 inter
1554 911 1671 971 hos
1699 910 1843 982 vixi,
1875 911 1929 970 is
1962 909 2024 970 in
2055 911 2260 972 causis

192 1005 516 1074 patronuS,
562 995 617 1056 is
656 997 717 1054 in
759 1012 828 1056 re
861 995 1106 1072 publica
1135 993 1289 1054 civis
1317 1001 1378 1054 et
1404 1009 1540 1053 sum
1570 1002 1632 1054 et
1662 1009 1907 1068 semper
1935 991 2052 1066 fui,
2090 995 2261 1054 solus

191 1089 259 1140 ut
289 1096 326 1138 a
355 1087 416 1139 te
446 1077 782 1139 constituar
823 1076 928 1152 qui
959 1077 1106 1137 nihil
1148 1093 1186 1136 a
1209 1074 1515 1137 iudicibus
1545 1075 1800 1136 debeam
1832 1092 2123 1150 umquam
2154 1076 2235 1136 im

191 1171 451 1236 petrare.
549 1159 654 1223 76.
706 1160 783 1220 Et
821 1159 969 1219 mihi
1007 1159 1380 1218 lacrimulam
1412 1158 1680 1235 Cispiani
1722 1159 1928 1219 iudicii
1971 1157 2261 1220 obiectas.

194 1243 297 1304 Sic
325 1243 484 1304 enim
517 1241 761 1303 dixisti:
806 1243 946 1304 Vidn·
973 1259 1081 1317 eqo
1111 1249 1273 1303 tuam
1300 1244 1697 1304 lacrimulam.
1758 1242 1918 1304 Vide
1952 1259 2137 1316 quam
2164 1257 2262 1302 me

188 1327 291 1389 tui
320 1327 493 1388 verbi
531 1327 858 1402 poeniteat,
943 1325 1074 1386 Non
1107 1326 1291 1387 modo
1322 1323 1724 1398 lacrimulam,
1762 1327 1876 1387 sed
1932 1328 2151 1388 multas
2179 1326 2263 1386 la-

191 1409 412 1471 crimas
442 1420 504 1471 et
537 1409 746 1472 fletum
781 1426 916 1470 cum
955 1407 1222 1484 singultu
1251 1406 1461 1470 videre
1490 1408 1763 1487 potuisti.
1846 1412 1943 1469 An
1974 1425 2123 1484 ego,
2158 1410 2262 1486 qui

192 1510 463 1556 meorum
497 1492 758 1554 lacrimis
788 1511 884 1554 me
915 1493 1168 1554 absente
1197 1501 1540 1555 commotus
1570 1493 1922 1566 simultates,
1956 1509 2111 1568 quas
2138 1508 2261 1552 me·

191 1595 330 1638 cum
373 1578 664 1652 habebat,
718 1577 1116 1653 deposuisset
1151 1587 1449 1652 meaeque
1493 1577 1707 1638 salutis
1747 1593 1870 1636 non
1912 1577 2096 1637 modo
2139 1593 2262 1636 non

193 1670 600 1736 oppugnator,
629 1668 696 1721 ut
723 1659 946 1720 inimici
979 1662 1096 1720 mei
1129 1668 1425 1735 putarant,
1458 1661 1565 1720 sed
1599 1659 1777 1718 etiam
1802 1659 2093 1718 defensor
2114 1659 2261 1719 fuis-

192 1751 316 1814 set,
357 1742 538 1803 huius
572 1743 634 1802 in
668 1743 938 1816 periculo
967 1759 1091 1803 non
1121 1742 1532 1816 significarem
1562 1741 1837 1800 dolorem
1866 1748 2109 1801 meum?
2156 1739 2262 1804 77.

191 1825 280 1885 Tu
311 1832 530 1897 autem,
560 1823 930 1898 LaterensiS,
963 1825 1068 1900 qui
1097 1832 1220 1884 tum
1251 1825 1531 1884 lacrimas
1562 1838 1731 1883 meas
1760 1828 1965 1898 gratas
1999 1837 2145 1884 esse
2174 1821 2261 1884 di>

192 1908 400 1979 cebaS,
431 1923 592 1967 nunc
628 1908 876 1966 easdem
907 1907 999 1966 vis
1029 1905 1371 1966 invidiosas
1394 1906 1608 1966 videri.

317 1991 554 2050 XXXll.
601 1990 802 2064 Negas
839 1989 1203 2051 tribunatum
1233 1989 1461 2050 Plancii
1491 1989 1823 2065 quidquam
1852 1986 2129 2052 attulisse
2157 1989 2237 2050 ad

191 2072 438 2136 iumenti
467 2071 740 2148 dignitati
777 2088 972 2145 meae,
1023 2081 1208 2147 atque
1250 2071 1568 2146 hocloco,
1617 2073 1783 2146 quod
1828 2070 2146 2134 verissime
2176 2075 2261 2133 sa·

193 2173 336 2218 cere
365 2165 563 2232 poteS‚
592 2156 658 2218 L.
689 2155 926 2230 Racilii,
955 2155 1268 2217 fortissimi
1298 2163 1359 2216 et
1388 2154 1863 2217 constantissimi
1894 2155 2024 2226 viri,
2057 2156 2263 2217 divina

193 2241 253 2300 in
286 2255 382 2300 me
415 2239 626 2300 merita
658 2255 1120 2300 commemoras.
1188 2238 1297 2300 Cui
1328 2237 1572 2316 quidem
1605 2255 1741 2314 ege,
1772 2239 1929 2300 sicut
1961 2239 2064 2304 Cn.
2089 2239 2261 2298 Plan-

195 2323 321 2394 cio,
367 2339 696 2398 numquam
727 2321 1106 2384 dissimulavi
1143 2338 1240 2382 me
1276 2323 1597 2397 plurimum
1641 2322 1865 2382 debere
1895 2337 2264 2398 semperque

199 2421 348 2482 prae
379 2423 478 2466 me
509 2407 727 2466 leram:
761 2407 959 2467 nullas
984 2405 1144 2466 enirn
1176 2405 1295 2465 sibi
1330 2407 1430 2466 ille
1461 2421 1662 2481 neque
1698 2403 2117 2466 contentiones
2158 2422 2263 2467 ne·

197 2506 320 2565 que
359 2490 701 2552 inimicitias
740 2483 952 2566 neque*
989 2490 1146 2550 vitae
1182 2489 1600 2551 dimicationes
1637 2504 1751 2549 nec
1781 2506 1892 2565 pro
1921 2503 1989 2548 re
2018 2487 2263 2564 publica

191 2590 306 2634 nec
346 2590 458 2648 pro
493 2589 590 2634 me
625 2574 1028 2648 defugiendas
1071 2573 1322 2648 putavit.
1410 2575 1613 2648 Atque
1648 2571 1895 2644 uti-nam,
1932 2587 2112 2647 quam
2144 2587 2260 2645 ego

191 2673 328 2717 sum
355 2655 416 2716 in
445 2656 612 2717 illum
649 2665 886 2732 gratuS,
935 2666 1056 2718 tam
1087 2655 1359 2717 licuisset
1398 2672 1509 2730 per
1534 2653 1843 2715 hominum
1876 2653 1994 2714 vim
2024 2662 2086 2715 et
2112 2654 2263 2714 iniu-

191 2741 339 2799 riam
407 2741 641 2816 populo
699 2741 974 2800 Romano
1006 2739 1062 2800 ei
1093 2741 1345 2814 gratiam
1380 2741 1629 2800 referret
1663 2737 1787 2798 Sed
1812 2736 1865 2796 si
1893 2754 2015 2798 non
2045 2738 2261 2798 eadem

191 2821 504 2884 contendit
540 2820 600 2880 in
646 2821 950 2884 tribunatu
975 2822 1286 2895 PlanciuS,
1336 2820 1682 2882 existimare
1720 2821 1912 2881 debes
1952 2837 2075 2883 non
2120 2819 2264 2880 huic

189 2907 563 2967 voluntatem
601 2903 901 2976 defuisse,
945 2905 1053 2964 sed
1086 2920 1214 2976 me,
1259 2919 1443 2980 quum
1474 2911 1703 2964 tantum
1738 2903 1856 2963 iam
1881 2903 2126 2965 Plancio
2156 2905 2262 2964 de-

192 2989 418 3061 berem,
454 2985 668 3048 Racilii
697 2986 1014 3048 beneficiis
1045 2986 1238 3048 fuisse
1273 2993 1638 3048 contentum.
1710 2983 1811 3050 78.
1840 2987 1938 3048 An
1970 3002 2115 3048 vero
2150 3004 2263 3061 pu·

193 3079 288 3132 tas
317 3073 545 3133 idcirco
577 3069 778 3131 minus
807 3069 1044 3132 iudices
1069 3085 1205 3130 mea
1242 3085 1429 3130 causa
1470 3072 1759 3144 facturoS,
1792 3070 1959 3146 quod
1990 3087 2087 3130 me
2118 3083 2261 3130 esse

192 3162 428 3229 gratum
451 3152 833 3215 crimineris?
872 3155 1000 3228 An,
1043 3169 1226 3228 quum
1270 3161 1474 3228 patres
1512 3151 1843 3229 conscripti
1876 3152 1979 3213 illo
2010 3157 2259 3212 senatus

193 3239 496 3312 consulto,
529 3237 697 3314 quod
725 3237 784 3296 in
820 3243 1208 3298 monumento
1240 3236 1411 3297 Marii
1446 3237 1667 3298 factum
1696 3245 1808 3311 est,
1838 3251 1962 3310 quo
1996 3249 2133 3294 mea
2160 3249 2259 3294 sa·

193 3321 290 3379 lus
321 3319 600 3381 omnibus
628 3328 724 3381 est
755 3318 1039 3394 gentibus
1071 3320 1521 3391 commendata,
1563 3319 1669 3382 uni
1700 3317 1803 3379 Cn.
1841 3315 2086 3377 Plancio
2122 3333 2258 3392 gra-

195 3399 311 3462 tias
343 3403 575 3477 egerint
597 3440 664 3452 -
691 3419 850 3465 unus
881 3403 1041 3464 enim
1072 3401 1183 3464 suit
1204 3403 1283 3462 de
1310 3400 1761 3478 magistratibus
1778 3405 1907 3472 [aut
1922 3417 2039 3478 pro
2069 3400 2255 3478 magi·
