2459 3817
822 152 987 215 CAP.
1023 162 1213 216 1-—3.
1258 161 1310 220 s.
1349 161 1540 218 ι-σ,
2145 149 2225 216 45

149 303 296 366 dum
325 301 436 367 fuit
462 313 567 366 aut
592 319 705 379 pro
728 318 836 364 reo
861 304 1312 380 disputandum,
1341 314 1542 367 tamen
1565 306 1888 382 adgrediar
1913 310 1992 369 ad
2015 311 2222 370 dicen-

150 387 327 459 dum,
370 403 449 448 ne
488 403 626 448 mea
658 387 1065 462 propugnatio
1101 388 1159 448 ei
1192 388 1578 464 potissimum
1614 391 1888 452 defuisse
1919 391 2216 468 videatur,

150 485 265 543 per
296 485 477 544 quem
504 477 599 531 est
637 471 997 548 perfectum,
1041 488 1122 532 ne
1166 471 1386 533 ceteris
1416 470 1654 538 civibus
1685 475 1950 536 deesset.
2009 478 2216 552 Atque

149 567 267 626 ego
297 551 387 612 sic
418 559 636 626 statuo,
666 552 922 627 iudiceS,
956 571 994 614 a
1014 554 1192 613 mein
1224 555 1342 616 hac
1367 569 1556 618 causa
1579 565 1764 632 atque
1791 558 1909 618 hoc
1937 567 2212 620 extremo

150 634 393 695 dicendi
416 635 553 698 loco
583 635 824 711 pietatis
854 635 1058 711 potius
1084 653 1266 712 quam
1291 638 1668 700 defensionis
1673 645 2018 714 ,querellae
2030 659 2212 719 quam

146 717 565 793 eloquentiae,
621 718 851 780 doloris
906 737 1088 802 quam
1139 721 1365 795 ingenii
1414 730 1620 797 partes
1669 738 1814 784 esse
1863 735 2212 802 susceptas.

144 799 462 875 4.1taque
502 801 555 862 si
596 809 699 862 aut
726 803 929 864 acrius
969 819 1153 880 egero
1183 812 1289 865 aut
1319 804 1570 865 liberius
1603 823 1784 880 quam
1816 807 1920 880 qui
1945 818 2086 869 ante
2114 825 2212 870 me

144 883 458 958 dixerunt,
489 892 632 981 peto
665 901 703 944 a
732 886 939 960 vobis,
978 895 1046 946 ut
1072 895 1304 948 tantum
1338 889 1597 956 orationi
1630 905 1805 950 meae
1835 892 2207 965 concedatis,

145 974 439 1042 quantum
470 976 531 1028 ct
561 968 662 1042 pio
693 967 889 1028 dolori
919 978 980 1030 et
1006 968 1205 1030 iustae
1224 969 1580 1032 iracundiae
1609 972 2068 1034 concedendum
2099 991 2208 1050 pu-

143 1049 303 1110 tetis.
357 1049 509 1111 Nam
533 1065 733 1126 neque
760 1050 967 1112 officio
998 1052 1381 1115 coniunctior
1413 1054 1593 1117 dolor
1619 1054 1802 1116 ullius
1834 1071 1979 1116 esse
2007 1066 2212 1133 potest

146 1147 332 1206 quam
373 1132 475 1192 hic
514 1149 687 1194 meus
722 1142 1051 1209 susceptus
1091 1151 1173 1194 ex
1204 1135 1468 1198 hominis
1509 1137 1588 1197 de
1621 1153 1719 1198 me
1754 1138 1981 1214 optime
2013 1141 2208 1203 meriti

145 1216 455 1292 periculo,
509 1230 715 1290 neque
756 1214 1075 1276 iracundia
1118 1215 1314 1292 magis
1366 1217 1494 1276 ulla
1536 1219 1846 1281 laudanda
1891 1227 1987 1280 est
2027 1235 2209 1295 quam

146 1315 285 1361 mea
335 1296 716 1359 inflammata
760 1315 977 1360 eorum
1022 1303 1291 1372 scelere,
1351 1299 1458 1376 qui
1509 1316 1648 1364 cum
1705 1303 1992 1364 omnibus
2035 1319 2213 1364 meae

146 1382 360 1446 salutis
389 1381 817 1446 defensoribus
844 1382 1068 1445 bellum
1090 1399 1233 1445 esse
1263 1381 1381 1444 sibi
1407 1384 1741 1460 gerendum
1769 1383 2208 1444 iudicaverunt.

146 1483 204 1526 ιι.
260 1466 387 1528 Sed
428 1465 717 1543 quoniam
756 1466 1012 1542 singulis
1062 1466 1415 1528 criminibus
1504 1465 1693 1530 ceteri
1738 1467 2206 1542 responderunt,

144 1549 344 1612 dicam
378 1566 495 1627 ego
528 1551 607 1611 de
652 1549 817 1611 omni
852 1558 1011 1612 statu
1036 1550 1101 1609 P.
1131 1550 1344 1622 Sestii,
1385 1551 1462 1612 de
1499 1565 1726 1625 genere
1753 1551 1944 1624 vitae,
1983 1551 2064 1611 de
2103 1566 2208 1610 na-

138 1640 307 1707 '·‘,‚ura
352 1635 431 1695 de
458 1632 760 1706 moribus,
804 1635 883 1695 de
912 1633 1250 1694 incredibili
1281 1650 1490 1696 amore
1517 1633 1580 1693 in
1611 1635 1844 1706 bonoS‚
1891 1634 1970 1694 de
2003 1632 2206 1694 studio

145 1718 607 1778 conservandae
651 1717 865 1777 salutis
906 1717 1246 1778 communis
1285 1725 1472 1792 atque
1523 1715 1662 1788 otii,
1702 1715 2209 1790 contendamque,

146 1800 200 1860 si
226 1801 409 1862 modo
439 1799 504 1859 id
532 1799 831 1873 consequi
856 1808 1093 1874 potero,
1123 1808 1190 1858 ιιι
1217 1801 1276 1858 in
1298 1798 1416 1859 hac
1438 1799 1699 1858 confusa
1718 1805 1900 1873 atque
1922 1798 2208 1858 universa

146 1881 507 1943 defensione
536 1880 683 1940 nihil
724 1897 763 1941 a
795 1897 893 1941 me
927 1881 1095 1957 quod
1134 1881 1216 1940 ad
1256 1888 1524 1941 vestram
1565 1882 2017 1955 quaestionem,
2063 1879 2208 1941 nihil

146 1966 317 2042 quod
342 1966 419 2026 ad
449 1981 637 2037 reum,
668 1962 816 2024 nihil
847 1965 1013 2039 quod
1040 1963 1121 2022 ad
1141 1979 1268 2022 rem
1293 1963 1598 2039 publicam
1623 1963 1920 2038 pertineat
1942 1972 2202 2036 praeter-

140 2048 399 2113 missum
422 2064 567 2108 esse
592 2048 886 2108 videatur.
934 2047 1011 2107 Et
1034 2047 1320 2120 quoniam
1343 2045 1404 2106 in
1425 2045 1805 2122 gravissimis
1832 2045 2207 2122 temporibus

147 2131 409 2193 civitatis
446 2139 631 2206 atque
658 2129 719 2191 in
750 2130 942 2191 ruinis
974 2145 1229 2192 eversae
1268 2138 1454 2206 atque
1495 2128 1779 2190 adflictae
1807 2129 1898 2190 rei
1927 2129 2208 2206 publicae

146 2217 210 2276 P.
242 2213 427 2276 Sestii
454 2214 793 2276 tribunatus
825 2223 920 2275 est
946 2231 984 2274 a
1013 2214 1256 2274 fortuna
1284 2213 1422 2288 ipsa
1452 2214 1806 2286 collocatuS‚
1841 2229 1962 2273 non
1993 2214 2204 2287 adgre-

147 2300 281 2359 diar
312 2299 392 2358 ad
424 2298 527 2358 illa
552 2297 817 2358 maxima
855 2307 1039 2374 atque
1070 2295 1448 2374 amplissima
1476 2297 1678 2372 prius,
1727 2313 1908 2372 quam
1938 2299 2204 2357 docuero

149 2381 371 2458 quibus
418 2380 604 2443 initiis
654 2397 729 2442 ac
780 2379 1186 2442 fundamentis
1228 2380 1344 2440 hae
1381 2387 1582 2442 tantae
1625 2379 1880 2440 summis
1920 2378 1983 2440 in
2022 2379 2205 2441 rebus

146 2463 363 2526 laudes
392 2464 691 2526 excitatae
726 2466 864 2525 sint.

309 2549 409 2608 111.
442 2547 503 2608 6.
544 2549 798 2608 Parente
824 2547 889 2606 P.
920 2546 1159 2610 Sestius
1193 2555 1374 2610 natus
1404 2555 1515 2620 est,
1548 2545 1804 2622 iudices,
1845 2545 2109 2620 homine,
2145 2557 2204 2606 ιιι

142 2629 423 2707 plerique
466 2629 854 2710 meministis,
909 2640 971 2692 et
1008 2631 1289 2707 sapiente
1333 2639 1396 2692 et
1437 2639 1651 2691 sancto
1695 2638 1756 2691 et
1795 2644 2047 2691 severo=
2105 2627 2206 2704 qui

146 2730 335 2790 quum
383 2715 661 2777 tribunus
719 2713 915 2790 plebis
936 2711 949 2721 ”
970 2715 1203 2789 primus
1237 2714 1415 2776 ‚inter
1462 2713 1742 2775 homines
1792 2711 2204 2775 nobilissimos

143 2796 526 2872 temporibus
555 2795 799 2872 optimis
828 2799 1026 2859 factus
1061 2806 1247 2870 esset,
1281 2795 1536 2872 reliquis
1568 2794 1906 2857 honoribus
1935 2812 2061 2857 non
2088 2804 2204 2857 tam

144 2880 233 2942 uti
273 2879 465 2941 voluit
508 2895 689 2956 quam
731 2879 952 2954 dignus
991 2879 1207 2940 videri.
1266 2880 1358 2940 Eo
1401 2888 1653 2940 auctore
1695 2879 1870 2942 duxit
1905 2878 2204 2941 honestis-

147 2961 284 3024 simi
316 2972 377 3024 et
408 2961 840 3038 spectatissimi
876 2961 1019 3034 viri,
1063 2962 1125 3022 C.
1156 2962 1392 3035 Albini,
1438 2962 1654 3036 filiam,
1697 2978 1796 3023 ex⁴
1817 2981 1939 3038 qua
1979 2963 2080 3022 hic
2116 2975 2204 3023 est

148 3062 301 3121 puer
335 3056 395 3108 et
422 3054 611 3122 nupta
636 3044 756 3106 iam
788 3046 931 3106 filia.
992 3046 1248 3107 Duobus
1277 3046 1374 3106 his
1407 3043 1806 3121 gravissimae
1834 3046 2206 3122 antiquitatis

145 3125 293 3189 viris
334 3129 423 3190 sic
451 3129 744 3205 probatus
772 3127 911 3202 fuit,
957 3131 1197 3204 utrique
1251 3147 1466 3192 eorum
1522 3140 1592 3193 ut
1633 3149 1816 3193 carus
1859 3131 2122 3190 maxime
2151 3143 2205 3189 et

146 3211 447 3274 iucundus
493 3220 677 3274 esset.
762 3211 1007 3274 Ademit
1048 3214 1269 3275 Albino
1313 3210 1516 3274 soceri
1556 3229 1776 3273 nomen
1819 3229 1987 3274 mors
2027 3209 2204 3284 filiae,

146 3295 263 3356 sed
290 3294 596 3358 caritatem
619 3293 779 3356 illius
808 3296 1284 3358 necessitudinis
1312 3303 1374 3358 et
1399 3294 1887 3357 benevolentiam
1918 3310 2040 3355 non
2063 3294 2203 3356 ade-

145 3375 272 3440 mit.
340 3376 537 3441 Hodie
567 3378 658 3440 sic
690 3379 852 3440 hunc
884 3378 1103 3455 diligit,
1142 3389 1209 3441 ut
1237 3395 1353 3441 vos
1382 3377 1664 3440 facillime
1700 3377 1958 3453 potestis
1987 3393 2064 3438 ex
2091 3378 2207 3440 hac
