2459 3817
295 156 422 222 260
554 160 631 217 ΙΝ
656 158 735 217 Μ.
766 154 1166 217 ANTONIUM
1196 152 1480 217 ORATIO
1507 152 1928 215 PHILIPPICA
1953 150 2116 214 XIV.

294 304 678 368 festinatione
718 305 1135 383 praeripuisse
1176 314 1281 367 aut
1325 304 1446 364 vim
1487 306 1764 367 fortunae
1805 300 2049 363 stultitia
2083 310 2336 363 contem-

292 389 499 465 psisse
537 390 873 451 videamur.

416 470 476 533 6.
518 470 643 535 Sed
689 472 975 548 quoniam
1026 470 1390 546 significatio
1444 478 1648 529 vestra
1694 468 1842 529 satis
1894 467 2172 529 declarat
2215 466 2344 542 quid

292 554 407 613 hac
453 556 531 614 de
569 572 637 615 re
688 552 986 625 sentiatiS,
1041 556 1123 613 ad
1161 554 1392 614 litteras
1434 552 1706 625 veniam,
1760 566 1918 627 quae
1953 558 2098 611 sunt
2145 566 2186 609 a
2221 566 2344 611 con-

292 636 525 697 sulibus
576 646 637 697 et
676 653 713 697 a
755 644 1152 713 propraetore
1204 636 1461 709 missae,
1517 634 1572 694 si
1607 634 1808 709 pauca
1850 640 2018 707 ante,
2075 649 2241 708 quae
2283 632 2346 692 ad

290 719 461 793 ipsas
510 718 738 780 litteras
790 718 1147 816 pertineant,
1176 718 1414 779 dixero.
1467 718 1568 778 ΙΙΙ.
1597 718 1820 779 Imbuti
1849 716 2034 793 gladii
2063 725 2239 788 sunt,
2257 732 2344 790 pa-

291 809 414 861 tres
477 802 840 879 conscripti,
918 801 1221 878 legionum
1285 798 1784 874 exercituumque
1845 806 2204 859 nostrorum
2267 799 2343 857 vel

290 884 613 946 madefacti
656 886 860 960 potius
895 884 1137 945 duobus
1172 886 1430 945 duorum
1469 884 1821 954 consulum,
1865 880 2045 941 tertio
2079 879 2344 942 Caesaris

290 967 546 1042 proelio.
613 966 680 1029 Si
710 966 975 1029 hostium
1008 967 1120 1029 fuit
1148 966 1248 1027 ille
1278 964 1549 1041 sanguis,
1583 980 1819 1025 summa
1845 963 2104 1025 militum
2135 962 2342 1041 pietas·

292 1051 584 1110 nefarium
616 1053 851 1123 scelus,
896 1051 950 1110 si
979 1050 1218 1111 civium.
1291 1048 1420 1121 Quo
1449 1064 1649 1124 usque
1677 1046 1858 1123 igitur
1890 1048 1962 1119 is,
2008 1048 2120 1123 qui
2151 1062 2343 1109 omnes

290 1130 503 1193 hostes
544 1136 779 1195 scelere
820 1132 1164 1209 superavit,
1207 1132 1450 1192 nomine
1487 1130 1687 1191 hostis
1735 1129 2009 1191 carebit?
2057 1129 2191 1193 nisi
2232 1148 2339 1189 mu·

291 1229 514 1277 crones
556 1218 735 1277 etiam
778 1224 1124 1277 nostrorum
1176 1213 1429 1274 militnm
1465 1222 1723 1274 tremere
1770 1212 1950 1273 vultis
2005 1212 2342 1275 dubitantes

290 1306 486 1358 utrum
527 1298 589 1358 in
633 1298 767 1359 cive
806 1316 883 1359 an
923 1297 986 1359 in
1016 1298 1197 1360 hoste
1226 1297 1507 1371 figantur.
1589 1293 1650 1357 7.
1696 1294 2231 1371 Supplicationem
2260 1297 2343 1354 de-

289 1380 561 1441 cernitis=
610 1380 850 1443 hostem
894 1398 1015 1442 non
1055 1379 1402 1456 appellatis.
1488 1379 1706 1439 Gratae
1761 1395 1910 1439 vero
1963 1387 2223 1441 nostrae
2267 1378 2340 1437 dis

287 1462 726 1523 immortalibus
754 1466 1188 1539 gratulationes
1219 1472 1429 1535 erunt,
1470 1469 1677 1537 gratae
1705 1461 2016 1533 victimae,
2050 1480 2246 1539 quum
2272 1463 2338 1519 in-

288 1545 538 1605 terfecta
569 1544 647 1606 sit
674 1544 898 1606 civium
923 1546 1274 1607 multitudo!
1361 1546 1452 1607 De
1477 1546 1784 1621 improbis,
1826 1543 2048 1623 inquit,
2083 1553 2151 1607 et
2173 1544 2339 1605 auda·
2394 1554 2395 1627 l

286 1627 463 1688 cibus.
549 1628 697 1689 Nam
727 1627 817 1689 sic
860 1645 970 1691 eos
998 1629 1272 1704 appellat
1299 1627 1672 1689 clarissimus
1706 1627 1830 1688 virt
1887 1644 2046 1703 quae
2083 1637 2232 1689 sunt
2259 1640 2332 1686 ur-

287 1710 578 1772 banarum
602 1710 921 1773 maledicta
949 1711 1155 1786 litium,
1186 1728 1310 1773 non
1334 1712 1570 1772 inustae
1591 1710 1735 1772 belli
1761 1708 2130 1772 internecivi
2159 1718 2338 1771 notae.
2394 1752 2395 1791 ξ

290 1789 698 1868 Testamenta,
735 1796 951 1868 credo,
996 1792 1324 1856 subiiciunt
1363 1801 1468 1855 aut
1501 1793 1748 1855 eliciunt
1774 1791 2014 1855 vicinos
2056 1802 2174 1855 aut
2209 1792 2332 1851 ade
2394 1792 2395 1846 l

289 1876 661 1939 lescentulos
685 1875 1213 1939 circumscribuntz
1249 1876 1346 1937 his
1370 1878 1528 1938 enim
1550 1876 1714 1937 vitiis
1741 1876 2018 1938 adfectos
2047 1884 2117 1937 et
2137 1874 2336 1936 talibus

286 1959 479 2019 malos
513 1968 620 2021 aut
658 1962 929 2023 audaces
961 1962 1275 2036 appellare
1319 1961 1704 2021 consuetudo
1751 1961 1929 2021 salet.
2009 1956 2071 2020 8.
2121 1958 2336 2018 Bellum

288 2041 652 2117 inexpiabile
677 2045 854 2105 infert
882 2051 1168 2121 quattuor
1188 2042 1544 2104 consulibus
1572 2058 1734 2103 unus
1763 2040 2030 2103 omnium
2052 2042 2337 2101 latronum

285 2126 695 2187 taeterrimus:
746 2126 901 2200 gerit
927 2126 1093 2186 idem
1130 2126 1358 2187 bellum
1401 2141 1537 2186 cum
1572 2132 1790 2186 senatu
1825 2126 2191 2201 populoque
2233 2123 2335 2179 Ro-

286 2223 497 2269 mano=
553 2208 832 2269 omnibus
866 2242 951 2253 —
990 2225 1360 2283 quamquam
1402 2206 1523 2268 ruit
1570 2206 1707 2284 ipse
1759 2206 1891 2269 suis
1939 2206 2224 2267 cladibus
2269 2234 2336 2247 —-·
2391 2220 2393 2223 ⁴

285 2296 526 2363 pestem
548 2290 907 2361 vastitatem,
944 2290 1274 2353 cruciatum
1297 2297 1593 2353 tormenta
1614 2286 1959 2351 denuntiat:
1997 2287 2336 2349 Dolabellae

289 2372 482 2431 ferum
514 2381 574 2431 et
598 2372 859 2433 immane
890 2375 1157 2446 facium,
1204 2374 1374 2448 quod
1404 2374 1569 2433 nulla
1607 2370 1886 2433 barbaria
1915 2379 2137 2448 posset
2164 2382 2330 2443 agno·

288 2468 493 2525 scere,
526 2454 591 2513 id
631 2471 746 2515 suo
783 2456 1039 2517 consilio
1076 2458 1302 2517 factum
1345 2472 1490 2516 esse
1531 2464 1810 2516 testatur:
1867 2470 2154 2530 quaeque
2189 2456 2330 2512 esset

287 2536 557 2595 facturus
587 2536 649 2597 in
678 2535 793 2597 hac
826 2538 1005 2611 urbe,
1041 2541 1159 2599 nisi
1188 2556 1328 2600 eum
1355 2537 1455 2598 hic
1486 2538 1621 2613 ipse
1647 2538 1921 2613 luppiter
1947 2537 2024 2596 ab
2054 2537 2178 2597 hoc
2207 2543 2328 2593 tem-

285 2621 390 2694 plo
431 2628 616 2695 atque
654 2618 976 2682 moenibus
1015 2622 1417 2697 reppulisset‚
1472 2620 1803 2682 declaravit
1841 2619 1902 2679 in
1935 2615 2327 2679 Parmensium

287 2702 655 2776 calamitate,
702 2720 863 2779 quos
895 2704 1159 2779 optimos
1202 2704 1372 2765 viros
1414 2702 2010 2776 honestissimosque
2047 2699 2324 2762 homines,

288 2785 549 2845 maxime
605 2803 741 2847 cum
784 2786 1138 2849 auctoritate
1189 2786 1372 2847 huius
1426 2784 1658 2846 ordinis
1709 2785 2044 2861 populique
2088 2773 2323 2845 Romani

290 2866 576 2941 dignitate
620 2869 1007 2938 coniunctos,
1053 2868 1493 2931 crudelissimis
1539 2868 1838 2943 exemplis
1871 2865 2175 2928 interemit
2205 2875 2321 2937 pro·

285 2950 539 3024 pudium
588 2952 736 3012 illud
798 2962 857 3013 et
911 2960 1285 3028 portentum,
1355 2952 1422 3011 L.
1463 2951 1798 3024 Antonius,
1853 2949 2093 3024 insigne
2141 2944 2320 3008 odium

288 3032 553 3093 omnium
574 3032 885 3095 hominum
912 3037 1043 3106 vel,
1073 3035 1124 3095 si
1153 3036 1332 3095 etiam
1363 3034 1426 3094 di
1455 3033 1696 3095 oderint
1724 3048 1882 3109 quos
1912 3038 2168 3107 oportet,
2197 3028 2320 3087 deo·
2392 3044 2393 3107 }

286 3131 438 3174 rum.
525 3114 586 3174 9.
637 3118 879 3191 Refugit
916 3119 1185 3191 animuS,
1243 3125 1446 3192 patres
1487 3114 1850 3191 conscripti,
1903 3129 2100 3188 eaque
2141 3111 2322 3171 dicere
2392 3112 2393 3189 ᾗ

283 3198 637 3259 reformidat
682 3215 839 3273 quae
870 3198 937 3259 L.
970 3200 1274 3261 Antonius
1313 3197 1374 3258 in
1402 3199 1818 3261 Parmensium
1857 3196 2065 3259 liberis
2107 3202 2167 3255 et
2197 3205 2317 3251 con·
2392 3198 2393 3253 l

288 3275 529 3349 iugibus
576 3279 864 3342 effecerit.
952 3280 1115 3355 Quas
1164 3279 1326 3341 enim
1365 3280 1772 3356 turpitudines
1813 3278 2059 3341 Antonii
2091 3278 2319 3337 libenter
2392 3258 2393 3312 l

290 3370 427 3414 cum
470 3356 773 3421 dedecore
804 3360 1144 3437 subierunt,
1189 3363 1441 3422 easdem
1472 3380 1587 3438 per
1615 3362 1737 3423 vim
1775 3364 2069 3424 laetantur
2099 3358 2225 3419 aliis
2263 3365 2316 3409 se
