2459 3817
802 153 969 217 cAP.
995 162 1190 219 4-6.
1227 158 1281 222 s.
1305 160 1541 219 9—15.
2098 134 2223 222 103

146 323 489 385 semper-se
509 305 678 369 dicet
709 307 914 382 rogari
947 303 1249 378 voluisse,
1294 318 1542 382 semper
1580 303 1695 366 sibi
1736 302 2101 382 supplicarie
2142 324 2217 371 se

143 394 226 456 Μ.
257 391 618 467 Seium,qui
651 408 730 451 ne
777 387 1399 465 equestremquidem
1428 389 1821 463 splendorem
1848 390 2216 452 incolumem

145 495 185 537 a
213 474 550 537 calamitate
575 472 784 535 iudicii
807 474 1068 533 retinere
1097 472 1416 546 potuisset,
1438 471 1669 533 homini
1694 471 2093 548 nobilissimo,
2126 473 2217 533 in-

145 556 606 629 nocentissimo,
637 555 1160 631 eloquentissimo,
1179 554 1262 613 M.
1283 554 1505 630 Pisoni,
1527 556 1923 631 praetulisse=
1946 572 2218 632 praepo·

135 640 354 703 'suisse
379 656 452 703 se
480 640 550 715 Q.
579 640 820 713 Catulo,
849 652 1085 700 summa
1104 638 1167 697 in
1201 636 1427 697 familia
1456 646 1631 711 nato,
1678 638 2129 713 sapientissimo
2160 648 2223 703 et

149 724 534 785 sanctissimo
565 722 730 793 viro,
773 737 896 782 non
923 722 1066 781 dico
1093 720 1157 779 G.
1187 718 1546 795 Serranum,
1576 720 1993 784 stultissimum
2027 723 2223 784 homi-

151 822 289 867 nem
319 835 406 855 -·-
435 806 548 867 tuit
571 804 734 866 enim
759 813 960 865 tamen
989 802 1213 864 nobilis
1242 834 1338 876 --,
1374 820 1499 864 non
1527 802 1591 862 C.
1618 802 1961 876 Fimbriam,
1988 822 2217 869 novum

147 887 452 950 hominem
491 920 578 939 --·
599 888 727 949 ‚fuit
765 887 926 947 enim
965 896 1031 947 et
1068 884 1277 946 animi.
1298 886 1450 947 satis
1494 885 1695 961 magni
1739 894 1801 948 et
1846 888 2088 949 consilii
2114 898 2220 965 4-,

149 974 265 1033 sed
293 972 402 1032 Cn.
419 972 736 1047 Manlium,
777 986 902 1030 non
939 971 1140 1030 solum
1168 968 1527 1043 ignobilem,
1571 985 1781 1030 verum
1812 970 1948 1031 sine
1982 970 2221 1048 virtute,

147 1056 284 1116 sine
308 1052 585 1127 ingenio,
636 1054 767 1113 vita·
788 1054 968 1113 etiam
995 1058 1346 1127 contempta
1370 1068 1447 1113 ac
1476 1052 1745 1113 sordida.
1831 1051 1932 1115 13.
1966 1054 2221 1115 Deside-

145 1145 362 1197 rarunt
391 1144 470 1207 te,
495 1134 710 1209 inquit,
745 1135 907 1196 oculi
935 1136 1074 1208 mei,
1104 1150 1291 1209 quum
1316 1144 1383 1197 tu
1414 1150 1591 1197 esses
1615 1135 1897 1213 Cyrenis:
1932 1152 2031 1199 me
2060 1139 2222 1199 enim

149 1234 338 1293 quam
363 1216 572 1283 socios
598 1226 702 1278 tua
728 1217 846 1278 frui
871 1220 1100 1279 virtute·
1119 1218 1417 1279 malebam
1431 1264 1448 1293 ‚
1482 1226 1719 1293 easquo
1742 1220 1885 1295 plus
1916 1219 2219 1295 intererat,

145 1318 226 1364 eo
259 1302 400 1376 plus
429 1300 640 1360 aberat
675 1316 714 1360 a
741 1316 868 1375 me,
910 1317 1096 1376 quum
1124 1307 1186 1362 te
1211 1317 1335 1362 non
1367 1302 1665 1362 videbam.
1752 1300 1987 1363 Deinde
2016 1301 2223 1363 sitien·

146 1394 276 1447 tem·
311 1398 410 1445 me
452 1381 690 1444 virtutis
749 1391 894 1443 tuae
947 1384 1277 1445 deseruisti
1328 1400 1405 1445 ac
1454 1384 1769 1461 reliquisti.
1909 1386 2221 1461 coeperas

145 1468 310 1530 enim
333 1474 544 1542 petere
567 1465 933 1544 tribunatum
957 1466 1155 1540 plebis
1179 1465 1557 1541 temporibus
1584 1466 1679 1541 iis,
1708 1484 1871 1542 quae
1888 1468 2071 1531 istam
2095 1471 2223 1530 elo·

145 1550 460 1627 quantiam
501 1557 563 1611 et
599 1549 880 1611 virtutem
903 1548 1354 1625 requirebant:
1411 1564 1593 1623 quam
1634 1551 1989 1626 petitionem
2034 1568 2223 1627 quum

142 1633 531 1709 reliquissem
567 1631 620 1693 si
643 1633 765 1693 hoc.
783 1631 1086 1706 indicasti,
1119 1640 1285 1692 tanta
1318 1632 1379 1691 in
1415 1640 1775 1708 tempestate
1796 1642 1856 1694 te
1879 1636 2223 1707 gubernare

145 1734 272 1777 non
305 1730 532 1791 posse,
577 1715 658 1776 de
702 1714 920 1776 virtute
960 1722 1066 1776 tua
1099 1712 1403 1775 dubitaviz
1454 1714 1507 1774 si
1532 1716 1743 1789 nolle,
1784 1716 1863 1795 de
1890 1718 2223 1778 voluntate.

149 1799 280 1872 Sin,
317 1798 488 1873 quod
523 1796 717 1871 magis
746 1796 1034 1872 intelligo,
1065 1796 1443 1871 temporibus
1473 1805 1533 1856 te
1566 1796 1699 1858 aliis
1722 1797 2074 1874 reservas-ti,
2105 1813 2223 1873 ego

147 1894 432 1957 quoque,
473 1878 709 1953 inquiet
737 1881 1006 1955 populus
1033 1880 1379 1953 Romanae,
1420 1879 1503 1938 ad
1538 1894 1613 1940 ea
1652 1888 1713 1939 te
1744 1888 2019 1957 tempora
2044 1897 2224 1941 revo-

147 1964 308 2037 cavi,
336 1962 422 2022 ad
449 1978 608 2037 quae
633 1970 784 2024 tute
813 1963 952 2037 ipse
985 1978 1287 2024 servaras.
1358 1961 1501 2023 Pete
1531 1962 1712 2037 igitur
1738 1972 1876 2023 eum
1909 1963 2225 2038 magistra-

149 2056 312 2117 tum,
352 2044 416 2107 in
459 2060 582 2119 quo
612 2042 758 2105 mihi
792 2060 1056 2120 >magnae
1097 2044 1331 2107 utilitati
1360 2061 1503 2107 esse
1528 2044 1773 2121 possise
1814 2046 2047 2107 aediles
2090 2046 2224 2122 qui-

149 2144 418 2202 cumque
456 2134 662 2201 erunt,
707 2127 887 2187 iidem
917 2126 1074 2187 'mihi
1125 2137 1269 2191 sunt
1320 2128 1451 2190 ludi
1487 2127 1713 2203 parati=
1752 2128 1975 2191 tribuni
2021 2130 2225 2207 plebis

149 2210 467 2287 permagni
508 2210 760 2271 interest
798 2208 902 2284 qui
943 2208 1084 2273 sint.
1171 2212 1301 2284 Qua
1350 2228 1420 2273 re
1471 2218 1575 2273 aut
1614 2212 1807 2273 redde
1852 2211 1995 2273 mihi
2050 2213 2224 2288 quod

155 2293 540 2366 ostenderas,
563 2300 670 2353 aut
691 2292 928 2367 siquod
943 2308 1078 2353 mea
1089 2294 1291 2355 minus
1316 2293 1651 2367 interest,id
1662 2303 1722 2357 te
1736 2296 1928 2370 magis
1943 2297 2103 2357 forte
2117 2298 2225 2356 de-

151 2379 367 2450 lectat,
411 2376 668 2436 reddam
715 2374 824 2436 tibi
862 2374 1040 2436 istam
1084 2375 1452 2437 aedilitatem
1492 2376 1672 2437 etiam
1701 2377 2091 2453 negligenter
2118 2374 2227 2455 pess

150 2457 332 2522 tenti:
373 2459 488 2521 sed
521 2457 936 2535 amplissimos
977 2458 1247 2519 honores
1290 2466 1357 2519 ut
1395 2476 1507 2534 pro
1556 2460 1846 2535 dignitate
1874 2469 1977 2523 tua
2006 2476 2227 2523 conse-

152 2558 366 2617 quare,
399 2542 746 2617 condiscaS,
777 2558 1004 2603 censeo
1020 2588 1036 2616 ,
1064 2541 1208 2603 mihi
1236 2544 1445 2619 paullo
1480 2542 1826 2619 diligentius
1854 2545 2225 2621 supplicare.

320 2624 562 2689 v1..14.
603 2626 772 2687 Haeo.
801 2625 1016 2701 populi
1055 2625 1249 2689 oratio
1291 2634 1415 2699 est,
1456 2642 1592 2687 mea
1633 2642 1810 2699 vero,
1850 2628 2223 2697 LaterensiS‚

153 2710 310 2769 haec
325 2730 342 2763 ε
371 2708 505 2780 Qua
531 2724 602 2769 re
629 2708 830 2770 victus
862 2708 951 2771 sis
973 2725 1108 2770 -non
1141 2711 1369 2774 debere
1392 2710 1658 2778 iudicem
1691 2724 2004 2786 quaerere,
2038 2712 2225 2772 modo

152 2808 234 2852 ne
261 2791 580 2866 largitione
613 2789 701 2853 sis
731 2791 948 2853 vietus.
1016 2793 1166 2853 Nam
1195 2796 1249 2853 si
1284 2793 1834 2869 quotienscumque
1861 2794 2225 2868 praeteritus
2296 2818 2305 2821 ·

151 2876 270 2939 erit
317 2872 400 2946 is,
455 2871 561 2948 qui
599 2889 722 2933 non
763 2874 1042 2936 debuerit
1067 2874 1413 2951 praeteriri,
1453 2874 1673 2936 totiens
1714 2876 2020 2952 oportebit
2068 2892 2225 2949 eum,

152 2956 264 3031 qui
291 2956 492 3021 factus
519 2957 661 3031 erit,
703 2955 1128 3030 condemnari,
1163 2957 1313 3017 nihil
1346 2965 1443 3018 est
1468 2956 1589 3017 iam
1618 2958 1786 3033 quod
1814 2962 2046 3035 populo
2080 2976 2230 3035 sup-

155 3038 435 3116 plicetur,
463 3038 614 3101 nihil
643 3040 814 3114 quod
835 3038 1120 3113 diribitio,
1143 3040 1290 3100 nihil
1320 3041 1489 3115 quod
1517 3041 1881 3117 supplicatio
1911 3044 2231 3119 magistra-

158 3132 350 3194 tuum,
372 3122 738 3191 renuntiatio
762 3118 1197 3195 suffragiorum
1219 3125 1647 3194 exspectetur:
1670 3119 1851 3181 simul
1873 3122 2065 3201 utqui
2094 3119 2217 3181 sint

161 3204 434 3281 professi
445 3206 681 3279 videro,
705 3204 936 3265 dicam:
969 3202 1202 3267 15..Hic
1225 3201 1449 3263 familia
1460 3203 1769 3265 consulari
1790 3212 1902 3275 est,
1924 3203 2027 3263 ille
2042 3218 2215 3277 prae·
2231 3216 2237 3226 ²

163 3288 348 3349 toria:
383 3288 656 3365 reliquos
679 3286 860 3349 video
888 3292 1030 3347 esse
1064 3301 1142 3350 ex
1165 3284 1439 3361 equestri
1466 3286 1639 3347 loco:
1672 3292 1818 3348 sunt
1838 3300 2056 3347 omnes
2079 3286 2216 3348 sine

163 3374 422 3445 macula,
447 3379 602 3437 sunt.
615 3386 830 3436 omnes
853 3381 1056 3448 aeque
1067 3368 1215 3431 boni
1240 3368 1357 3431 viri
1376 3376 1565 3445 atque
1586 3368 1821 3465 integri,
1848 3368 1962 3432 sed
1976 3370 2217 3434 servari
