<?xml version="1.0" encoding="UTF-8"?>
<!DOCTYPE html PUBLIC "-//W3C//DTD XHTML 1.0 Transitional//EN"
    "http://www.w3.org/TR/xhtml1/DTD/xhtml1-transitional.dtd">
<html xmlns="http://www.w3.org/1999/xhtml" xml:lang="en" lang="en">
 <head>
  <title>
</title>
<meta http-equiv="Content-Type" content="text/html;charset=utf-8" />
  <meta name='ocr-system' content='tesseract 3.04.00' />
  <meta name='ocr-capabilities' content='ocr_page ocr_carea ocr_par ocr_line ocrx_word'/>
</head>
<body>
  <div class='ocr_page' id='page_1' title='image "./mtulliiciceroni00klotgoog_0253.png"; bbox 0 0 2459 3817; ppageno 0'>
   <div class='ocr_carea' id='block_1_1' title="bbox 156 160 1728 233">
    <p class='ocr_par' dir='ltr' id='par_1_1' title="bbox 156 160 1728 233">
     <span class='ocr_line' id='line_1_1' title="bbox 156 160 1728 233; baseline -0.007 -3"><span class='ocrx_word' id='word_1_1' title='bbox 156 166 279 233; x_wconf 80' lang='lat'><strong>246</strong></span> <span class='ocrx_word' id='word_1_2' title='bbox 660 161 740 224; x_wconf 80' lang='lat' dir='ltr'><strong>IN</strong></span> <span class='ocrx_word' id='word_1_3' title='bbox 768 162 833 223; x_wconf 90' lang='lat' dir='ltr'><strong>L.</strong></span> <span class='ocrx_word' id='word_1_4' title='bbox 866 160 1285 223; x_wconf 79' lang='lat' dir='ltr'><strong>CATILINAM</strong></span> <span class='ocrx_word' id='word_1_5' title='bbox 1315 160 1597 221; x_wconf 85' lang='lat' dir='ltr'>ORATIO</span> <span class='ocrx_word' id='word_1_6' title='bbox 1627 160 1728 221; x_wconf 85' lang='lat' dir='ltr'><strong>IV.</strong></span> 
     </span>
    </p>
   </div>
   <div class='ocr_carea' id='block_1_2' title="bbox 158 308 2228 3461">
    <p class='ocr_par' dir='ltr' id='par_1_2' title="bbox 158 308 2228 3461">
     <span class='ocr_line' id='line_1_2' title="bbox 165 308 2226 389; baseline -0.003 -11"><span class='ocrx_word' id='word_1_7' title='bbox 165 334 295 379; x_wconf 88' lang='lat' dir='ltr'><strong>rum</strong></span> <span class='ocrx_word' id='word_1_8' title='bbox 326 313 593 377; x_wconf 87' lang='lat' dir='ltr'><strong>hostium</strong></span> <span class='ocrx_word' id='word_1_9' title='bbox 624 329 875 376; x_wconf 89' lang='lat' dir='ltr'><strong>numero</strong></span> <span class='ocrx_word' id='word_1_10' title='bbox 910 313 1227 374; x_wconf 86' lang='lat' dir='ltr'><strong>habendos</strong></span> <span class='ocrx_word' id='word_1_11' title='bbox 1267 318 1436 389; x_wconf 86' lang='lat' dir='ltr'><strong>puto.</strong></span> <span class='ocrx_word' id='word_1_12' title='bbox 1565 308 1756 373; x_wconf 84' lang='lat' dir='ltr'><strong>Ceteri</strong></span> <span class='ocrx_word' id='word_1_13' title='bbox 1791 326 1969 385; x_wconf 80' lang='lat' dir='ltr'><strong>vero,</strong></span> <span class='ocrx_word' id='word_1_14' title='bbox 2011 308 2076 371; x_wconf 92' lang='lat' dir='ltr'><strong>di</strong></span> <span class='ocrx_word' id='word_1_15' title='bbox 2115 308 2226 372; x_wconf 91' lang='lat' dir='ltr'><strong>im-</strong></span> 
     </span>
     <span class='ocr_line' id='line_1_3' title="bbox 161 393 2228 472; baseline -0.002 -12"><span class='ocrx_word' id='word_1_16' title='bbox 161 400 481 462; x_wconf 81' lang='lat' dir='ltr'><strong>mortales!</strong></span> <span class='ocrx_word' id='word_1_17' title='bbox 534 412 658 472; x_wconf 90' lang='lat' dir='ltr'><strong>qua</strong></span> <span class='ocrx_word' id='word_1_18' title='bbox 690 394 1057 470; x_wconf 77' lang='lat' dir='ltr'><strong>frequentia,</strong></span> <span class='ocrx_word' id='word_1_19' title='bbox 1104 412 1226 471; x_wconf 93' lang='lat' dir='ltr'><strong>quo</strong></span> <span class='ocrx_word' id='word_1_20' title='bbox 1268 393 1500 470; x_wconf 87' lang='lat' dir='ltr'><strong>studio,</strong></span> <span class='ocrx_word' id='word_1_21' title='bbox 1545 412 1668 470; x_wconf 89' lang='lat' dir='ltr'><strong>qua</strong></span> <span class='ocrx_word' id='word_1_22' title='bbox 1701 394 1920 456; x_wconf 86' lang='lat' dir='ltr'><strong>virtute</strong></span> <span class='ocrx_word' id='word_1_23' title='bbox 1951 394 2030 453; x_wconf 87' lang='lat' dir='ltr'><strong>ad</strong></span> <span class='ocrx_word' id='word_1_24' title='bbox 2059 411 2228 457; x_wconf 88' lang='lat' dir='ltr'><strong>com—</strong></span> 
     </span>
     <span class='ocr_line' id='line_1_4' title="bbox 161 475 2226 554; baseline -0.001 -11"><span class='ocrx_word' id='word_1_25' title='bbox 161 498 407 543; x_wconf 87' lang='lat' dir='ltr'><strong>munem</strong></span> <span class='ocrx_word' id='word_1_26' title='bbox 448 482 701 541; x_wconf 88' lang='lat' dir='ltr'><strong>salutem</strong></span> <span class='ocrx_word' id='word_1_27' title='bbox 745 478 1219 554; x_wconf 80' lang='lat' dir='ltr'>dignitatemque</span> <span class='ocrx_word' id='word_1_28' title='bbox 1263 475 1682 541; x_wconf 82' lang='lat' dir='ltr'><strong>consentiunt!</strong></span> <span class='ocrx_word' id='word_1_29' title='bbox 1767 476 1924 553; x_wconf 82' lang='lat' dir='ltr'>Quid</span> <span class='ocrx_word' id='word_1_30' title='bbox 1958 492 2074 553; x_wconf 77' lang='lat' dir='ltr'><strong>ego</strong></span> <span class='ocrx_word' id='word_1_31' title='bbox 2125 477 2226 540; x_wconf 86' lang='lat' dir='ltr'><strong>hie</strong></span> 
     </span>
     <span class='ocr_line' id='line_1_5' title="bbox 163 558 2226 641; baseline -0.003 -14"><span class='ocrx_word' id='word_1_32' title='bbox 163 568 403 641; x_wconf 78' lang='lat' dir='ltr'><strong>equites</strong></span> <span class='ocrx_word' id='word_1_33' title='bbox 432 564 745 623; x_wconf 85' lang='lat' dir='ltr'><strong>Romanos</strong></span> <span class='ocrx_word' id='word_1_34' title='bbox 791 566 1302 623; x_wconf 66' lang='lat' dir='ltr'><strong>commemorem?</strong></span> <span class='ocrx_word' id='word_1_35' title='bbox 1343 558 1446 635; x_wconf 87' lang='lat' dir='ltr'><strong>qui</strong></span> <span class='ocrx_word' id='word_1_36' title='bbox 1481 560 1656 621; x_wconf 86' lang='lat' dir='ltr'><strong>vobis</strong></span> <span class='ocrx_word' id='word_1_37' title='bbox 1689 558 1772 623; x_wconf 88' lang='lat' dir='ltr'><strong>ita</strong></span> <span class='ocrx_word' id='word_1_38' title='bbox 1799 576 2094 623; x_wconf 87' lang='lat' dir='ltr'><strong>summam</strong></span> <span class='ocrx_word' id='word_1_39' title='bbox 2128 577 2226 621; x_wconf 88' lang='lat' dir='ltr'><strong>or-</strong></span> 
     </span>
     <span class='ocr_line' id='line_1_6' title="bbox 162 642 2224 721; baseline -0.001 -13"><span class='ocrx_word' id='word_1_40' title='bbox 162 648 323 708; x_wconf 85' lang='lat' dir='ltr'><strong>dinis</strong></span> <span class='ocrx_word' id='word_1_41' title='bbox 365 644 727 720; x_wconf 78' lang='lat' dir='ltr'><strong>consiliique</strong></span> <span class='ocrx_word' id='word_1_42' title='bbox 767 645 1136 719; x_wconf 88' lang='lat' dir='ltr'><strong>concedunt‚</strong></span> <span class='ocrx_word' id='word_1_43' title='bbox 1178 652 1246 705; x_wconf 87' lang='lat' dir='ltr'><strong>ut</strong></span> <span class='ocrx_word' id='word_1_44' title='bbox 1279 642 1596 706; x_wconf 85' lang='lat' dir='ltr'><strong>vobiscum</strong></span> <span class='ocrx_word' id='word_1_45' title='bbox 1635 646 1714 704; x_wconf 91' lang='lat' dir='ltr'><strong>de</strong></span> <span class='ocrx_word' id='word_1_46' title='bbox 1742 660 1950 705; x_wconf 86' lang='lat' dir='ltr'><strong>amore</strong></span> <span class='ocrx_word' id='word_1_47' title='bbox 1979 645 2069 706; x_wconf 89' lang='lat' dir='ltr'><strong>rei</strong></span> <span class='ocrx_word' id='word_1_48' title='bbox 2115 662 2224 721; x_wconf 87' lang='lat' dir='ltr'><strong>pu-</strong></span> 
     </span>
     <span class='ocr_line' id='line_1_7' title="bbox 160 725 2224 809; baseline -0 -19"><span class='ocrx_word' id='word_1_49' title='bbox 160 728 360 790; x_wconf 88' lang='lat' dir='ltr'><strong>blicae</strong></span> <span class='ocrx_word' id='word_1_50' title='bbox 382 736 641 789; x_wconf 78' lang='lat' dir='ltr'><strong>certent:</strong></span> <span class='ocrx_word' id='word_1_51' title='bbox 673 744 833 803; x_wconf 91' lang='lat' dir='ltr'><strong>quos</strong></span> <span class='ocrx_word' id='word_1_52' title='bbox 862 745 940 789; x_wconf 86' lang='lat' dir='ltr'><strong>ex</strong></span> <span class='ocrx_word' id='word_1_53' title='bbox 965 729 1284 789; x_wconf 83' lang='lat' dir='ltr'><strong>multorum</strong></span> <span class='ocrx_word' id='word_1_54' title='bbox 1307 743 1604 788; x_wconf 87' lang='lat' dir='ltr'><strong>annorum</strong></span> <span class='ocrx_word' id='word_1_55' title='bbox 1633 725 2022 809; x_wconf 78' lang='lat' dir='ltr'><strong>dissensione</strong></span> <span class='ocrx_word' id='word_1_56' title='bbox 2043 726 2224 789; x_wconf 79' lang='lat' dir='ltr'><strong>hqus</strong></span> 
     </span>
     <span class='ocr_line' id='line_1_8' title="bbox 164 808 2224 887; baseline -0 -14"><span class='ocrx_word' id='word_1_57' title='bbox 164 810 395 873; x_wconf 87' lang='lat' dir='ltr'><strong>ordinis</strong></span> <span class='ocrx_word' id='word_1_58' title='bbox 438 812 519 873; x_wconf 91' lang='lat' dir='ltr'><strong>ad</strong></span> <span class='ocrx_word' id='word_1_59' title='bbox 559 809 912 873; x_wconf 86' lang='lat' dir='ltr'><strong>societatem</strong></span> <span class='ocrx_word' id='word_1_60' title='bbox 956 808 1468 887; x_wconf 76' lang='lat' dir='ltr'><strong>concordiamque</strong></span> <span class='ocrx_word' id='word_1_61' title='bbox 1516 818 1840 872; x_wconf 87' lang='lat' dir='ltr'><strong>revocatos</strong></span> <span class='ocrx_word' id='word_1_62' title='bbox 1891 809 2224 872; x_wconf 84' lang='lat' dir='ltr'><strong>hodiernus</strong></span> 
     </span>
     <span class='ocr_line' id='line_1_9' title="bbox 163 892 2228 970; baseline -0 -15"><span class='ocrx_word' id='word_1_63' title='bbox 163 894 299 956; x_wconf 88' lang='lat' dir='ltr'><strong>dies</strong></span> <span class='ocrx_word' id='word_1_64' title='bbox 335 893 652 956; x_wconf 88' lang='lat' dir='ltr'><strong>vobiscum</strong></span> <span class='ocrx_word' id='word_1_65' title='bbox 699 902 885 970; x_wconf 87' lang='lat' dir='ltr'><strong>atque</strong></span> <span class='ocrx_word' id='word_1_66' title='bbox 924 896 1077 957; x_wconf 88' lang='lat' dir='ltr'><strong>haec</strong></span> <span class='ocrx_word' id='word_1_67' title='bbox 1124 909 1316 954; x_wconf 90' lang='lat' dir='ltr'><strong>causa</strong></span> <span class='ocrx_word' id='word_1_68' title='bbox 1361 892 1702 969; x_wconf 76' lang='lat' dir='ltr'><strong>coniungit=</strong></span> <span class='ocrx_word' id='word_1_69' title='bbox 1755 910 1938 969; x_wconf 87' lang='lat' dir='ltr'><strong>quam</strong></span> <span class='ocrx_word' id='word_1_70' title='bbox 1983 893 2036 955; x_wconf 90' lang='lat' dir='ltr'><strong>si</strong></span> <span class='ocrx_word' id='word_1_71' title='bbox 2078 910 2228 956; x_wconf 80' lang='lat' dir='ltr'><strong>con·</strong></span> 
     </span>
     <span class='ocr_line' id='line_1_10' title="bbox 160 976 2224 1053; baseline -0.001 -14"><span class='ocrx_word' id='word_1_72' title='bbox 160 977 564 1053; x_wconf 86' lang='lat' dir='ltr'><strong>iunctionem,</strong></span> <span class='ocrx_word' id='word_1_73' title='bbox 598 976 659 1039; x_wconf 89' lang='lat' dir='ltr'><strong>in</strong></span> <span class='ocrx_word' id='word_1_74' title='bbox 690 979 1009 1039; x_wconf 81' lang='lat' dir='ltr'><strong>consulatu</strong></span> <span class='ocrx_word' id='word_1_75' title='bbox 1038 976 1454 1039; x_wconf 83' lang='lat' dir='ltr'><strong>confirmatam</strong></span> <span class='ocrx_word' id='word_1_76' title='bbox 1483 993 1652 1051; x_wconf 87' lang='lat' dir='ltr'><strong>meo,</strong></span> <span class='ocrx_word' id='word_1_77' title='bbox 1683 986 2038 1053; x_wconf 87' lang='lat' dir='ltr'><strong>perpetuam</strong></span> <span class='ocrx_word' id='word_1_78' title='bbox 2067 977 2126 1038; x_wconf 91' lang='lat' dir='ltr'><strong>in</strong></span> <span class='ocrx_word' id='word_1_79' title='bbox 2155 993 2224 1037; x_wconf 90' lang='lat' dir='ltr'><strong>re</strong></span> 
     </span>
     <span class='ocr_line' id='line_1_11' title="bbox 163 1058 2224 1138; baseline -0.002 -15"><span class='ocrx_word' id='word_1_80' title='bbox 163 1063 408 1138; x_wconf 88' lang='lat' dir='ltr'><strong>publica</strong></span> <span class='ocrx_word' id='word_1_81' title='bbox 448 1060 846 1133; x_wconf 83' lang='lat' dir='ltr'><strong>tenuerimus,</strong></span> <span class='ocrx_word' id='word_1_82' title='bbox 891 1061 1184 1122; x_wconf 82' lang='lat' dir='ltr'><strong>confirmo</strong></span> <span class='ocrx_word' id='word_1_83' title='bbox 1228 1058 1404 1121; x_wconf 88' lang='lat' dir='ltr'><strong>vobis</strong></span> <span class='ocrx_word' id='word_1_84' title='bbox 1447 1061 1676 1122; x_wconf 77' lang='lat' dir='ltr'><strong>nullum</strong></span> <span class='ocrx_word' id='word_1_85' title='bbox 1708 1060 1966 1135; x_wconf 86' lang='lat' dir='ltr'><strong>posthac</strong></span> <span class='ocrx_word' id='word_1_86' title='bbox 1999 1061 2224 1121; x_wconf 86' lang='lat' dir='ltr'><strong>malum</strong></span> 
     </span>
     <span class='ocr_line' id='line_1_12' title="bbox 165 1142 2224 1219; baseline -0 -14"><span class='ocrx_word' id='word_1_87' title='bbox 165 1144 341 1205; x_wconf 90' lang='lat' dir='ltr'><strong>civile</strong></span> <span class='ocrx_word' id='word_1_88' title='bbox 369 1161 443 1205; x_wconf 84' lang='lat' dir='ltr'><strong>ac</strong></span> <span class='ocrx_word' id='word_1_89' title='bbox 473 1143 876 1206; x_wconf 86' lang='lat' dir='ltr'><strong>domesticum</strong></span> <span class='ocrx_word' id='word_1_90' title='bbox 906 1145 985 1205; x_wconf 88' lang='lat' dir='ltr'><strong>ad</strong></span> <span class='ocrx_word' id='word_1_91' title='bbox 1006 1145 1189 1206; x_wconf 88' lang='lat' dir='ltr'><strong>ullam</strong></span> <span class='ocrx_word' id='word_1_92' title='bbox 1213 1142 1306 1205; x_wconf 90' lang='lat' dir='ltr'><strong>rei</strong></span> <span class='ocrx_word' id='word_1_93' title='bbox 1335 1142 1615 1219; x_wconf 82' lang='lat' dir='ltr'><strong>publicae</strong></span> <span class='ocrx_word' id='word_1_94' title='bbox 1643 1150 1876 1219; x_wconf 86' lang='lat' dir='ltr'><strong>partem</strong></span> <span class='ocrx_word' id='word_1_95' title='bbox 1904 1160 2047 1204; x_wconf 89' lang='lat' dir='ltr'><strong>esse</strong></span> <span class='ocrx_word' id='word_1_96' title='bbox 2077 1160 2224 1204; x_wconf 88' lang='lat' dir='ltr'><strong>ven·</strong></span> 
     </span>
     <span class='ocr_line' id='line_1_13' title="bbox 163 1226 2224 1302; baseline -0.001 -14"><span class='ocrx_word' id='word_1_97' title='bbox 163 1236 381 1289; x_wconf 79' lang='lat' dir='ltr'><strong>turum.</strong></span> <span class='ocrx_word' id='word_1_98' title='bbox 440 1227 575 1288; x_wconf 89' lang='lat' dir='ltr'><strong>Pari</strong></span> <span class='ocrx_word' id='word_1_99' title='bbox 610 1226 811 1289; x_wconf 83' lang='lat' dir='ltr'><strong>studio</strong></span> <span class='ocrx_word' id='word_1_100' title='bbox 844 1226 1266 1291; x_wconf 89' lang='lat' dir='ltr'><strong>defendundae</strong></span> <span class='ocrx_word' id='word_1_101' title='bbox 1293 1227 1383 1287; x_wconf 90' lang='lat' dir='ltr'><strong>rei</strong></span> <span class='ocrx_word' id='word_1_102' title='bbox 1413 1227 1694 1302; x_wconf 87' lang='lat' dir='ltr'><strong>publicae</strong></span> <span class='ocrx_word' id='word_1_103' title='bbox 1729 1226 2094 1287; x_wconf 80' lang='lat' dir='ltr'><strong>convenisse</strong></span> <span class='ocrx_word' id='word_1_104' title='bbox 2135 1226 2224 1286; x_wconf 89' lang='lat' dir='ltr'><strong>vi-</strong></span> 
     </span>
     <span class='ocr_line' id='line_1_14' title="bbox 162 1308 2228 1382; baseline 0 -12"><span class='ocrx_word' id='word_1_105' title='bbox 162 1311 282 1371; x_wconf 89' lang='lat' dir='ltr'><strong>deo</strong></span> <span class='ocrx_word' id='word_1_106' title='bbox 327 1310 599 1372; x_wconf 88' lang='lat' dir='ltr'><strong>tribunos</strong></span> <span class='ocrx_word' id='word_1_107' title='bbox 640 1308 939 1382; x_wconf 87' lang='lat' dir='ltr'><strong>aerarios,</strong></span> <span class='ocrx_word' id='word_1_108' title='bbox 985 1309 1352 1371; x_wconf 76' lang='lat' dir='ltr'><strong>fortissimos</strong></span> <span class='ocrx_word' id='word_1_109' title='bbox 1397 1309 1594 1371; x_wconf 73' lang='lat' dir='ltr'><strong>viros:</strong></span> <span class='ocrx_word' id='word_1_110' title='bbox 1635 1310 1867 1370; x_wconf 81' lang='lat' dir='ltr'><strong>scribas</strong></span> <span class='ocrx_word' id='word_1_111' title='bbox 1907 1309 2050 1371; x_wconf 87' lang='lat' dir='ltr'><strong>item</strong></span> <span class='ocrx_word' id='word_1_112' title='bbox 2090 1308 2228 1371; x_wconf 88' lang='lat' dir='ltr'><strong>uni-</strong></span> 
     </span>
     <span class='ocr_line' id='line_1_15' title="bbox 162 1390 2226 1470; baseline 0.001 -19"><span class='ocrx_word' id='word_1_113' title='bbox 162 1408 401 1466; x_wconf 88' lang='lat' dir='ltr'><strong>versos,</strong></span> <span class='ocrx_word' id='word_1_114' title='bbox 438 1408 595 1467; x_wconf 91' lang='lat' dir='ltr'><strong>quos</strong></span> <span class='ocrx_word' id='word_1_115' title='bbox 627 1408 813 1467; x_wconf 89' lang='lat' dir='ltr'><strong>quum</strong></span> <span class='ocrx_word' id='word_1_116' title='bbox 844 1408 995 1453; x_wconf 83' lang='lat' dir='ltr'><strong>casu</strong></span> <span class='ocrx_word' id='word_1_117' title='bbox 1021 1392 1120 1451; x_wconf 89' lang='lat' dir='ltr'><strong>hic</strong></span> <span class='ocrx_word' id='word_1_118' title='bbox 1149 1390 1286 1452; x_wconf 89' lang='lat' dir='ltr'><strong>dies</strong></span> <span class='ocrx_word' id='word_1_119' title='bbox 1313 1393 1393 1452; x_wconf 89' lang='lat' dir='ltr'><strong>ad</strong></span> <span class='ocrx_word' id='word_1_120' title='bbox 1425 1391 1724 1454; x_wconf 84' lang='lat' dir='ltr'><strong>aerarium</strong></span> <span class='ocrx_word' id='word_1_121' title='bbox 1754 1393 2226 1470; x_wconf 76' lang='lat' dir='ltr'><strong>frequentasset,</strong></span> 
     </span>
     <span class='ocr_line' id='line_1_16' title="bbox 162 1473 2224 1549; baseline 0.001 -15"><span class='ocrx_word' id='word_1_122' title='bbox 162 1474 345 1534; x_wconf 88' lang='lat' dir='ltr'><strong>video</strong></span> <span class='ocrx_word' id='word_1_123' title='bbox 386 1474 463 1534; x_wconf 90' lang='lat' dir='ltr'><strong>ab</strong></span> <span class='ocrx_word' id='word_1_124' title='bbox 506 1473 964 1549; x_wconf 74' lang='lat' dir='ltr'><strong>exspectatione</strong></span> <span class='ocrx_word' id='word_1_125' title='bbox 1006 1473 1189 1535; x_wconf 88' lang='lat' dir='ltr'><strong>sortis</strong></span> <span class='ocrx_word' id='word_1_126' title='bbox 1237 1474 1318 1535; x_wconf 93' lang='lat' dir='ltr'><strong>ad</strong></span> <span class='ocrx_word' id='word_1_127' title='bbox 1357 1475 1614 1537; x_wconf 78' lang='lat' dir='ltr'><strong>salutem</strong></span> <span class='ocrx_word' id='word_1_128' title='bbox 1662 1491 2040 1537; x_wconf 85' lang='lat' dir='ltr'><strong>communem</strong></span> <span class='ocrx_word' id='word_1_129' title='bbox 2077 1492 2224 1537; x_wconf 85' lang='lat' dir='ltr'><strong>esse</strong></span> 
     </span>
     <span class='ocr_line' id='line_1_17' title="bbox 163 1555 2221 1634; baseline 0.001 -15"><span class='ocrx_word' id='word_1_130' title='bbox 163 1572 522 1619; x_wconf 88' lang='lat' dir='ltr'><strong>conversos.</strong></span> <span class='ocrx_word' id='word_1_131' title='bbox 602 1556 701 1620; x_wconf 83' lang='lat'><strong>16.</strong></span> <span class='ocrx_word' id='word_1_132' title='bbox 745 1555 952 1618; x_wconf 88' lang='lat' dir='ltr'><strong>Omnis</strong></span> <span class='ocrx_word' id='word_1_133' title='bbox 998 1555 1398 1631; x_wconf 83' lang='lat' dir='ltr'><strong>ingenuorum</strong></span> <span class='ocrx_word' id='word_1_134' title='bbox 1437 1558 1613 1620; x_wconf 88' lang='lat' dir='ltr'><strong>adest</strong></span> <span class='ocrx_word' id='word_1_135' title='bbox 1651 1557 2000 1634; x_wconf 89' lang='lat' dir='ltr'><strong>multitudo,</strong></span> <span class='ocrx_word' id='word_1_136' title='bbox 2041 1558 2221 1621; x_wconf 88' lang='lat' dir='ltr'><strong>etiam</strong></span> 
     </span>
     <span class='ocr_line' id='line_1_18' title="bbox 160 1638 2222 1719; baseline 0 -17"><span class='ocrx_word' id='word_1_137' title='bbox 160 1640 672 1703; x_wconf 87' lang='lat' dir='ltr'><strong>tenuissimorum.</strong></span> <span class='ocrx_word' id='word_1_138' title='bbox 732 1638 877 1714; x_wconf 85' lang='lat' dir='ltr'><strong>Quis</strong></span> <span class='ocrx_word' id='word_1_139' title='bbox 900 1639 1059 1703; x_wconf 89' lang='lat' dir='ltr'><strong>enim</strong></span> <span class='ocrx_word' id='word_1_140' title='bbox 1092 1647 1189 1702; x_wconf 86' lang='lat' dir='ltr'><strong>est</strong></span> <span class='ocrx_word' id='word_1_141' title='bbox 1217 1640 1314 1702; x_wconf 83' lang='lat' dir='ltr'><strong>cui</strong></span> <span class='ocrx_word' id='word_1_142' title='bbox 1335 1657 1456 1702; x_wconf 89' lang='lat' dir='ltr'><strong>non</strong></span> <span class='ocrx_word' id='word_1_143' title='bbox 1479 1642 1631 1703; x_wconf 87' lang='lat' dir='ltr'><strong>haec</strong></span> <span class='ocrx_word' id='word_1_144' title='bbox 1653 1644 1897 1717; x_wconf 86' lang='lat' dir='ltr'><strong>templa,</strong></span> <span class='ocrx_word' id='word_1_145' title='bbox 1930 1650 2222 1719; x_wconf 86' lang='lat' dir='ltr'><strong>aspectus</strong></span> 
     </span>
     <span class='ocr_line' id='line_1_19' title="bbox 161 1723 2220 1801; baseline -0.001 -14"><span class='ocrx_word' id='word_1_146' title='bbox 161 1725 349 1798; x_wconf 87' lang='lat' dir='ltr'><strong>urbis,</strong></span> <span class='ocrx_word' id='word_1_147' title='bbox 387 1724 709 1801; x_wconf 89' lang='lat' dir='ltr'><strong>possessio</strong></span> <span class='ocrx_word' id='word_1_148' title='bbox 738 1724 1050 1798; x_wconf 77' lang='lat' dir='ltr'><strong>libertatiS,</strong></span> <span class='ocrx_word' id='word_1_149' title='bbox 1081 1725 1189 1785; x_wconf 88' lang='lat' dir='ltr'><strong>lux</strong></span> <span class='ocrx_word' id='word_1_150' title='bbox 1210 1724 1478 1801; x_wconf 89' lang='lat' dir='ltr'><strong>denique</strong></span> <span class='ocrx_word' id='word_1_151' title='bbox 1497 1725 1650 1786; x_wconf 87' lang='lat' dir='ltr'><strong>haec</strong></span> <span class='ocrx_word' id='word_1_152' title='bbox 1671 1723 1810 1801; x_wconf 87' lang='lat' dir='ltr'><strong>ipsa</strong></span> <span class='ocrx_word' id='word_1_153' title='bbox 1831 1736 1893 1787; x_wconf 88' lang='lat' dir='ltr'><strong>et</strong></span> <span class='ocrx_word' id='word_1_154' title='bbox 1912 1726 2032 1787; x_wconf 87' lang='lat' dir='ltr'><strong>hoc</strong></span> <span class='ocrx_word' id='word_1_155' title='bbox 2055 1742 2220 1787; x_wconf 90' lang='lat' dir='ltr'><strong>com-</strong></span> 
     </span>
     <span class='ocr_line' id='line_1_20' title="bbox 161 1806 2222 1885; baseline 0.001 -18"><span class='ocrx_word' id='word_1_156' title='bbox 161 1824 343 1869; x_wconf 90' lang='lat' dir='ltr'><strong>mune</strong></span> <span class='ocrx_word' id='word_1_157' title='bbox 382 1806 612 1885; x_wconf 80' lang='lat' dir='ltr'><strong>patriae</strong></span> <span class='ocrx_word' id='word_1_158' title='bbox 653 1810 851 1870; x_wconf 90' lang='lat' dir='ltr'><strong>solum</strong></span> <span class='ocrx_word' id='word_1_159' title='bbox 893 1825 1078 1883; x_wconf 90' lang='lat' dir='ltr'><strong>quum</strong></span> <span class='ocrx_word' id='word_1_160' title='bbox 1122 1806 1201 1869; x_wconf 85' lang='lat' dir='ltr'><strong>sit</strong></span> <span class='ocrx_word' id='word_1_161' title='bbox 1240 1824 1446 1869; x_wconf 87' lang='lat' dir='ltr'><strong>carum</strong></span> <span class='ocrx_word' id='word_1_162' title='bbox 1480 1817 1607 1869; x_wconf 86' lang='lat' dir='ltr'><strong>tum</strong></span> <span class='ocrx_word' id='word_1_163' title='bbox 1641 1824 1788 1869; x_wconf 85' lang='lat' dir='ltr'><strong>vero</strong></span> <span class='ocrx_word' id='word_1_164' title='bbox 1829 1810 2008 1871; x_wconf 86' lang='lat' dir='ltr'><strong>dulce</strong></span> <span class='ocrx_word' id='word_1_165' title='bbox 2036 1817 2222 1885; x_wconf 88' lang='lat' dir='ltr'><strong>atque</strong></span> 
     </span>
     <span class='ocr_line' id='line_1_21' title="bbox 161 1889 2220 1968; baseline 0.001 -17"><span class='ocrx_word' id='word_1_166' title='bbox 161 1890 535 1953; x_wconf 64' lang='lat' dir='ltr'><strong>iucundum?</strong></span> <span class='ocrx_word' id='word_1_167' title='bbox 619 1892 774 1952; x_wconf 87' lang='lat' dir='ltr'><strong>VIII.</strong></span> <span class='ocrx_word' id='word_1_168' title='bbox 832 1890 1069 1967; x_wconf 85' lang='lat' dir='ltr'><strong>Operae</strong></span> <span class='ocrx_word' id='word_1_169' title='bbox 1128 1890 1392 1965; x_wconf 86' lang='lat' dir='ltr'><strong>pretium</strong></span> <span class='ocrx_word' id='word_1_170' title='bbox 1435 1900 1560 1965; x_wconf 90' lang='lat' dir='ltr'><strong>est,</strong></span> <span class='ocrx_word' id='word_1_171' title='bbox 1612 1899 1818 1968; x_wconf 89' lang='lat' dir='ltr'><strong>patres</strong></span> <span class='ocrx_word' id='word_1_172' title='bbox 1867 1889 2220 1967; x_wconf 82' lang='lat' dir='ltr'><strong>conscripti,</strong></span> 
     </span>
     <span class='ocr_line' id='line_1_22' title="bbox 160 1972 2224 2056; baseline 0.002 -23"><span class='ocrx_word' id='word_1_173' title='bbox 160 1972 576 2056; x_wconf 85' lang='lat' dir='ltr'><strong>libertinorum</strong></span> <span class='ocrx_word' id='word_1_174' title='bbox 614 1972 924 2035; x_wconf 87' lang='lat' dir='ltr'><strong>hominum</strong></span> <span class='ocrx_word' id='word_1_175' title='bbox 972 1973 1173 2036; x_wconf 88' lang='lat' dir='ltr'><strong>studia</strong></span> <span class='ocrx_word' id='word_1_176' title='bbox 1212 1990 1618 2049; x_wconf 78' lang='lat' dir='ltr'><strong>cognoscere,</strong></span> <span class='ocrx_word' id='word_1_177' title='bbox 1669 1973 1806 2050; x_wconf 88' lang='lat' dir='ltr'><strong>qui,</strong></span> <span class='ocrx_word' id='word_1_178' title='bbox 1846 1992 1958 2037; x_wconf 85' lang='lat' dir='ltr'><strong>sua</strong></span> <span class='ocrx_word' id='word_1_179' title='bbox 2002 1974 2224 2037; x_wconf 80' lang='lat' dir='ltr'><strong>virtute</strong></span> 
     </span>
     <span class='ocr_line' id='line_1_23' title="bbox 161 2055 2220 2135; baseline 0.002 -18"><span class='ocrx_word' id='word_1_180' title='bbox 161 2059 464 2117; x_wconf 81' lang='lat' dir='ltr'><strong>fortunam</strong></span> <span class='ocrx_word' id='word_1_181' title='bbox 513 2056 693 2117; x_wconf 89' lang='lat' dir='ltr'><strong>huius</strong></span> <span class='ocrx_word' id='word_1_182' title='bbox 736 2055 995 2117; x_wconf 84' lang='lat' dir='ltr'><strong>civitatis</strong></span> <span class='ocrx_word' id='word_1_183' title='bbox 1037 2055 1384 2131; x_wconf 87' lang='lat' dir='ltr'><strong>consecuti,</strong></span> <span class='ocrx_word' id='word_1_184' title='bbox 1434 2058 1590 2118; x_wconf 87' lang='lat' dir='ltr'><strong>hanc</strong></span> <span class='ocrx_word' id='word_1_185' title='bbox 1631 2074 1805 2119; x_wconf 89' lang='lat' dir='ltr'><strong>suam</strong></span> <span class='ocrx_word' id='word_1_186' title='bbox 1845 2057 2102 2135; x_wconf 89' lang='lat' dir='ltr'><strong>patriam</strong></span> <span class='ocrx_word' id='word_1_187' title='bbox 2129 2057 2220 2121; x_wconf 86' lang='lat' dir='ltr'><strong>iu·</strong></span> 
     </span>
     <span class='ocr_line' id='line_1_24' title="bbox 160 2135 2220 2217; baseline 0.001 -18"><span class='ocrx_word' id='word_1_188' title='bbox 160 2135 384 2214; x_wconf 88' lang='lat' dir='ltr'><strong>dicant,</strong></span> <span class='ocrx_word' id='word_1_189' title='bbox 416 2154 595 2214; x_wconf 88' lang='lat' dir='ltr'><strong>quam</strong></span> <span class='ocrx_word' id='word_1_190' title='bbox 628 2137 871 2213; x_wconf 90' lang='lat' dir='ltr'><strong>quidam</strong></span> <span class='ocrx_word' id='word_1_191' title='bbox 897 2139 995 2199; x_wconf 90' lang='lat' dir='ltr'><strong>hic</strong></span> <span class='ocrx_word' id='word_1_192' title='bbox 1022 2137 1147 2200; x_wconf 86' lang='lat' dir='ltr'><strong>nati</strong></span> <span class='ocrx_word' id='word_1_193' title='bbox 1169 2148 1231 2200; x_wconf 85' lang='lat' dir='ltr'><strong>et</strong></span> <span class='ocrx_word' id='word_1_194' title='bbox 1252 2156 1486 2202; x_wconf 89' lang='lat' dir='ltr'><strong>summo</strong></span> <span class='ocrx_word' id='word_1_195' title='bbox 1511 2142 1648 2203; x_wconf 91' lang='lat' dir='ltr'><strong>loco</strong></span> <span class='ocrx_word' id='word_1_196' title='bbox 1673 2140 1795 2203; x_wconf 87' lang='lat' dir='ltr'><strong>nati</strong></span> <span class='ocrx_word' id='word_1_197' title='bbox 1821 2160 1940 2203; x_wconf 91' lang='lat' dir='ltr'><strong>non</strong></span> <span class='ocrx_word' id='word_1_198' title='bbox 1965 2141 2220 2217; x_wconf 84' lang='lat' dir='ltr'><strong>patriam</strong></span> 
     </span>
     <span class='ocr_line' id='line_1_25' title="bbox 162 2220 2218 2302; baseline 0.002 -20"><span class='ocrx_word' id='word_1_199' title='bbox 162 2238 365 2294; x_wconf 84' lang='lat' dir='ltr'><strong>suam,</strong></span> <span class='ocrx_word' id='word_1_200' title='bbox 414 2222 528 2283; x_wconf 87' lang='lat' dir='ltr'><strong>sed</strong></span> <span class='ocrx_word' id='word_1_201' title='bbox 562 2221 771 2281; x_wconf 88' lang='lat' dir='ltr'><strong>urbem</strong></span> <span class='ocrx_word' id='word_1_202' title='bbox 802 2220 1069 2282; x_wconf 88' lang='lat' dir='ltr'><strong>hostium</strong></span> <span class='ocrx_word' id='word_1_203' title='bbox 1098 2238 1240 2283; x_wconf 89' lang='lat' dir='ltr'><strong>esse</strong></span> <span class='ocrx_word' id='word_1_204' title='bbox 1269 2222 1706 2285; x_wconf 88' lang='lat' dir='ltr'><strong>iudicaverunt.</strong></span> <span class='ocrx_word' id='word_1_205' title='bbox 1765 2224 1890 2286; x_wconf 89' lang='lat' dir='ltr'><strong>Sed</strong></span> <span class='ocrx_word' id='word_1_206' title='bbox 1920 2226 2065 2301; x_wconf 90' lang='lat' dir='ltr'><strong>quid</strong></span> <span class='ocrx_word' id='word_1_207' title='bbox 2099 2240 2218 2302; x_wconf 79' lang='lat' dir='ltr'><strong>ego</strong></span> 
     </span>
     <span class='ocr_line' id='line_1_26' title="bbox 160 2303 2220 2383; baseline 0.002 -18"><span class='ocrx_word' id='word_1_208' title='bbox 160 2305 355 2365; x_wconf 90' lang='lat' dir='ltr'><strong>hosce</strong></span> <span class='ocrx_word' id='word_1_209' title='bbox 383 2304 662 2365; x_wconf 87' lang='lat' dir='ltr'><strong>homines</strong></span> <span class='ocrx_word' id='word_1_210' title='bbox 694 2303 1067 2380; x_wconf 89' lang='lat' dir='ltr'><strong>ordinesque</strong></span> <span class='ocrx_word' id='word_1_211' title='bbox 1096 2320 1538 2381; x_wconf 87' lang='lat' dir='ltr'><strong>commemoro,</strong></span> <span class='ocrx_word' id='word_1_212' title='bbox 1587 2324 1748 2383; x_wconf 85' lang='lat' dir='ltr'><strong>quos</strong></span> <span class='ocrx_word' id='word_1_213' title='bbox 1789 2306 2066 2383; x_wconf 88' lang='lat' dir='ltr'><strong>privatae</strong></span> <span class='ocrx_word' id='word_1_214' title='bbox 2095 2310 2220 2369; x_wconf 80' lang='lat' dir='ltr'><strong>for-</strong></span> 
     </span>
     <span class='ocr_line' id='line_1_27' title="bbox 158 2385 2219 2466; baseline 0.003 -18"><span class='ocrx_word' id='word_1_215' title='bbox 158 2397 361 2457; x_wconf 85' lang='lat' dir='ltr'><strong>tunae,</strong></span> <span class='ocrx_word' id='word_1_216' title='bbox 400 2404 558 2462; x_wconf 89' lang='lat' dir='ltr'><strong>quos</strong></span> <span class='ocrx_word' id='word_1_217' title='bbox 585 2385 925 2448; x_wconf 87' lang='lat' dir='ltr'><strong>communis</strong></span> <span class='ocrx_word' id='word_1_218' title='bbox 949 2403 1049 2447; x_wconf 88' lang='lat' dir='ltr'><strong>res</strong></span> <span class='ocrx_word' id='word_1_219' title='bbox 1077 2388 1343 2463; x_wconf 89' lang='lat' dir='ltr'><strong>publica,</strong></span> <span class='ocrx_word' id='word_1_220' title='bbox 1377 2406 1536 2465; x_wconf 89' lang='lat' dir='ltr'><strong>quos</strong></span> <span class='ocrx_word' id='word_1_221' title='bbox 1564 2388 1830 2466; x_wconf 87' lang='lat' dir='ltr'><strong>denique</strong></span> <span class='ocrx_word' id='word_1_222' title='bbox 1845 2391 2111 2463; x_wconf 81' lang='lat' dir='ltr'><strong>libertas,</strong></span> <span class='ocrx_word' id='word_1_223' title='bbox 2141 2408 2219 2453; x_wconf 88' lang='lat' dir='ltr'><strong>ea</strong></span> 
     </span>
     <span class='ocr_line' id='line_1_28' title="bbox 161 2467 2215 2549; baseline -0.002 -16"><span class='ocrx_word' id='word_1_224' title='bbox 161 2488 322 2549; x_wconf 88' lang='lat' dir='ltr'><strong>quae</strong></span> <span class='ocrx_word' id='word_1_225' title='bbox 343 2467 699 2532; x_wconf 89' lang='lat' dir='ltr'><strong>dulcissima</strong></span> <span class='ocrx_word' id='word_1_226' title='bbox 720 2476 833 2542; x_wconf 88' lang='lat' dir='ltr'><strong>est,</strong></span> <span class='ocrx_word' id='word_1_227' title='bbox 858 2467 937 2529; x_wconf 89' lang='lat' dir='ltr'><strong>ad</strong></span> <span class='ocrx_word' id='word_1_228' title='bbox 958 2471 1217 2531; x_wconf 88' lang='lat' dir='ltr'><strong>salutem</strong></span> <span class='ocrx_word' id='word_1_229' title='bbox 1240 2467 1478 2544; x_wconf 84' lang='lat' dir='ltr'><strong>patriae</strong></span> <span class='ocrx_word' id='word_1_230' title='bbox 1504 2470 1955 2531; x_wconf 81' lang='lat' dir='ltr'><strong>defendendam</strong></span> <span class='ocrx_word' id='word_1_231' title='bbox 1981 2467 2215 2531; x_wconf 83' lang='lat' dir='ltr'><strong>excita·</strong></span> 
     </span>
     <span class='ocr_line' id='line_1_29' title="bbox 160 2550 2214 2628; baseline -0 -15"><span class='ocrx_word' id='word_1_232' title='bbox 160 2556 285 2616; x_wconf 81' lang='lat' dir='ltr'><strong>vit?</strong></span> <span class='ocrx_word' id='word_1_233' title='bbox 330 2553 565 2614; x_wconf 89' lang='lat' dir='ltr'><strong>Servus</strong></span> <span class='ocrx_word' id='word_1_234' title='bbox 588 2560 685 2613; x_wconf 86' lang='lat' dir='ltr'><strong>est</strong></span> <span class='ocrx_word' id='word_1_235' title='bbox 714 2568 893 2614; x_wconf 89' lang='lat' dir='ltr'><strong>nemo</strong></span> <span class='ocrx_word' id='word_1_236' title='bbox 932 2551 1037 2628; x_wconf 91' lang='lat' dir='ltr'><strong>qui</strong></span> <span class='ocrx_word' id='word_1_237' title='bbox 1058 2553 1246 2615; x_wconf 87' lang='lat' dir='ltr'><strong>modo</strong></span> <span class='ocrx_word' id='word_1_238' title='bbox 1271 2550 1572 2614; x_wconf 85' lang='lat' dir='ltr'><strong>tolerabili</strong></span> <span class='ocrx_word' id='word_1_239' title='bbox 1593 2550 1958 2613; x_wconf 84' lang='lat' dir='ltr'><strong>condicione</strong></span> <span class='ocrx_word' id='word_1_240' title='bbox 1981 2551 2060 2613; x_wconf 91' lang='lat' dir='ltr'><strong>sit</strong></span> <span class='ocrx_word' id='word_1_241' title='bbox 2081 2568 2214 2612; x_wconf 88' lang='lat' dir='ltr'><strong>ser·</strong></span> 
     </span>
     <span class='ocr_line' id='line_1_30' title="bbox 161 2634 2213 2711; baseline -0.003 -11"><span class='ocrx_word' id='word_1_242' title='bbox 161 2636 386 2708; x_wconf 77' lang='lat' dir='ltr'><strong>vitutiS,</strong></span> <span class='ocrx_word' id='word_1_243' title='bbox 420 2634 525 2710; x_wconf 89' lang='lat' dir='ltr'><strong>qui</strong></span> <span class='ocrx_word' id='word_1_244' title='bbox 546 2652 673 2698; x_wconf 84' lang='lat' dir='ltr'><strong>non</strong></span> <span class='ocrx_word' id='word_1_245' title='bbox 700 2634 1017 2698; x_wconf 85' lang='lat' dir='ltr'><strong>audaciam</strong></span> <span class='ocrx_word' id='word_1_246' title='bbox 1042 2636 1268 2698; x_wconf 90' lang='lat' dir='ltr'><strong>civium</strong></span> <span class='ocrx_word' id='word_1_247' title='bbox 1291 2634 1741 2711; x_wconf 85' lang='lat' dir='ltr'><strong>perhorrescat,</strong></span> <span class='ocrx_word' id='word_1_248' title='bbox 1771 2634 1877 2709; x_wconf 87' lang='lat' dir='ltr'><strong>qui</strong></span> <span class='ocrx_word' id='word_1_249' title='bbox 1908 2651 2030 2697; x_wconf 89' lang='lat' dir='ltr'><strong>non</strong></span> <span class='ocrx_word' id='word_1_250' title='bbox 2054 2635 2213 2695; x_wconf 89' lang='lat' dir='ltr'><strong>haec</strong></span> 
     </span>
     <span class='ocr_line' id='line_1_31' title="bbox 160 2714 2216 2795; baseline -0.005 -10"><span class='ocrx_word' id='word_1_251' title='bbox 160 2732 328 2785; x_wconf 87' lang='lat' dir='ltr'><strong>stare</strong></span> <span class='ocrx_word' id='word_1_252' title='bbox 351 2718 573 2794; x_wconf 87' lang='lat' dir='ltr'><strong>cupiat,</strong></span> <span class='ocrx_word' id='word_1_253' title='bbox 600 2720 837 2794; x_wconf 86' lang='lat' dir='ltr'><strong>quinon</strong></span> <span class='ocrx_word' id='word_1_254' title='bbox 861 2714 1095 2782; x_wconf 85' lang='lat' dir='ltr'><strong>tantum</strong></span> <span class='ocrx_word' id='word_1_255' title='bbox 1109 2727 1405 2795; x_wconf 85' lang='lat' dir='ltr'><strong>quantum</strong></span> <span class='ocrx_word' id='word_1_256' title='bbox 1421 2718 1608 2779; x_wconf 88' lang='lat' dir='ltr'><strong>audet</strong></span> <span class='ocrx_word' id='word_1_257' title='bbox 1620 2724 1682 2779; x_wconf 87' lang='lat' dir='ltr'><strong>et</strong></span> <span class='ocrx_word' id='word_1_258' title='bbox 1695 2726 1986 2794; x_wconf 87' lang='lat' dir='ltr'><strong>quantum</strong></span> <span class='ocrx_word' id='word_1_259' title='bbox 2005 2725 2216 2793; x_wconf 84' lang='lat' dir='ltr'><strong>potest</strong></span> 
     </span>
     <span class='ocr_line' id='line_1_32' title="bbox 160 2800 2212 2877; baseline -0.004 -9"><span class='ocrx_word' id='word_1_260' title='bbox 160 2806 437 2867; x_wconf 79' lang='lat' dir='ltr'><strong>conferat</strong></span> <span class='ocrx_word' id='word_1_261' title='bbox 452 2803 529 2862; x_wconf 86' lang='lat' dir='ltr'><strong>ad</strong></span> <span class='ocrx_word' id='word_1_262' title='bbox 545 2819 925 2867; x_wconf 87' lang='lat' dir='ltr'><strong>communem</strong></span> <span class='ocrx_word' id='word_1_263' title='bbox 940 2807 1203 2865; x_wconf 85' lang='lat' dir='ltr'><strong>salutem</strong></span> <span class='ocrx_word' id='word_1_264' title='bbox 1214 2800 1569 2864; x_wconf 80' lang='lat' dir='ltr'><strong>voluntatis,</strong></span> <span class='ocrx_word' id='word_1_265' title='bbox 1604 2801 1632 2859; x_wconf 89' lang='lat'>1</span> <span class='ocrx_word' id='word_1_266' title='bbox 1651 2806 1701 2862; x_wconf 86' lang='grc'><strong>7.</strong></span> <span class='ocrx_word' id='word_1_267' title='bbox 1717 2802 1846 2877; x_wconf 85' lang='lat' dir='ltr'><strong>Qua</strong></span> <span class='ocrx_word' id='word_1_268' title='bbox 1869 2818 1938 2863; x_wconf 88' lang='lat' dir='ltr'><strong>re</strong></span> <span class='ocrx_word' id='word_1_269' title='bbox 1959 2802 2012 2863; x_wconf 89' lang='lat' dir='ltr'><strong>si</strong></span> <span class='ocrx_word' id='word_1_270' title='bbox 2028 2814 2212 2874; x_wconf 89' lang='lat' dir='ltr'><strong>quem</strong></span> 
     </span>
     <span class='ocr_line' id='line_1_33' title="bbox 158 2883 2213 2961; baseline -0.004 -11"><span class='ocrx_word' id='word_1_271' title='bbox 158 2898 433 2950; x_wconf 84' lang='lat' dir='ltr'><strong>vestrum</strong></span> <span class='ocrx_word' id='word_1_272' title='bbox 449 2887 607 2949; x_wconf 85' lang='lat' dir='ltr'><strong>rorte</strong></span> <span class='ocrx_word' id='word_1_273' title='bbox 622 2896 971 2951; x_wconf 86' lang='lat' dir='ltr'><strong>commovet</strong></span> <span class='ocrx_word' id='word_1_274' title='bbox 982 2888 1121 2959; x_wconf 88' lang='lat' dir='ltr'><strong>hoc,</strong></span> <span class='ocrx_word' id='word_1_275' title='bbox 1138 2886 1308 2961; x_wconf 84' lang='lat' dir='ltr'><strong>quod</strong></span> <span class='ocrx_word' id='word_1_276' title='bbox 1331 2883 1604 2945; x_wconf 83' lang='lat' dir='ltr'><strong>auditum</strong></span> <span class='ocrx_word' id='word_1_277' title='bbox 1619 2892 1728 2959; x_wconf 89' lang='lat' dir='ltr'><strong>est,</strong></span> <span class='ocrx_word' id='word_1_278' title='bbox 1746 2888 1985 2947; x_wconf 88' lang='lat' dir='ltr'><strong>leonem</strong></span> <span class='ocrx_word' id='word_1_279' title='bbox 2001 2898 2213 2958; x_wconf 86' lang='lat' dir='ltr'><strong>quem-</strong></span> 
     </span>
     <span class='ocr_line' id='line_1_34' title="bbox 158 2968 2217 3044; baseline -0.005 -9"><span class='ocrx_word' id='word_1_280' title='bbox 158 2974 301 3035; x_wconf 89' lang='lat' dir='ltr'><strong>dam</strong></span> <span class='ocrx_word' id='word_1_281' title='bbox 325 2969 559 3031; x_wconf 88' lang='lat' dir='ltr'><strong>Lentuli</strong></span> <span class='ocrx_word' id='word_1_282' title='bbox 574 2987 948 3034; x_wconf 85' lang='lat' dir='ltr'><strong>concursare</strong></span> <span class='ocrx_word' id='word_1_283' title='bbox 970 2970 1199 3031; x_wconf 89' lang='lat' dir='ltr'><strong>circum</strong></span> <span class='ocrx_word' id='word_1_284' title='bbox 1222 2969 1528 3041; x_wconf 81' lang='lat' dir='ltr'><strong>tabernas,</strong></span> <span class='ocrx_word' id='word_1_285' title='bbox 1542 2968 1740 3043; x_wconf 86' lang='lat' dir='ltr'><strong>pretio</strong></span> <span class='ocrx_word' id='word_1_286' title='bbox 1755 2984 2008 3044; x_wconf 86' lang='lat' dir='ltr'><strong>sperare</strong></span> <span class='ocrx_word' id='word_1_287' title='bbox 2022 2981 2217 3043; x_wconf 85' lang='lat' dir='ltr'><strong>posse</strong></span> 
     </span>
     <span class='ocr_line' id='line_1_35' title="bbox 160 3050 2220 3131; baseline -0.004 -14"><span class='ocrx_word' id='word_1_288' title='bbox 160 3054 471 3117; x_wconf 85' lang='lat' dir='ltr'><strong>sollicitari</strong></span> <span class='ocrx_word' id='word_1_289' title='bbox 493 3054 731 3117; x_wconf 86' lang='lat' dir='ltr'><strong>animos</strong></span> <span class='ocrx_word' id='word_1_290' title='bbox 755 3053 1065 3131; x_wconf 80' lang='lat' dir='ltr'><strong>egentium</strong></span> <span class='ocrx_word' id='word_1_291' title='bbox 1087 3059 1274 3129; x_wconf 90' lang='lat' dir='ltr'><strong>atque</strong></span> <span class='ocrx_word' id='word_1_292' title='bbox 1295 3050 1735 3127; x_wconf 86' lang='lat' dir='ltr'><strong>imperitorum,</strong></span> <span class='ocrx_word' id='word_1_293' title='bbox 1765 3060 1860 3113; x_wconf 87' lang='lat' dir='ltr'><strong>est</strong></span> <span class='ocrx_word' id='word_1_294' title='bbox 1881 3050 1943 3112; x_wconf 91' lang='lat' dir='ltr'><strong>id</strong></span> <span class='ocrx_word' id='word_1_295' title='bbox 1967 3050 2220 3126; x_wconf 86' lang='lat' dir='ltr'><strong>quidem</strong></span> 
     </span>
     <span class='ocr_line' id='line_1_36' title="bbox 160 3132 2218 3214; baseline -0.003 -15"><span class='ocrx_word' id='word_1_296' title='bbox 160 3148 450 3214; x_wconf 84' lang='lat' dir='ltr'><strong>coeptum</strong></span> <span class='ocrx_word' id='word_1_297' title='bbox 484 3144 673 3212; x_wconf 85' lang='lat' dir='ltr'><strong>atque</strong></span> <span class='ocrx_word' id='word_1_298' title='bbox 712 3142 1103 3213; x_wconf 85' lang='lat' dir='ltr'><strong>temptatum,</strong></span> <span class='ocrx_word' id='word_1_299' title='bbox 1148 3137 1264 3196; x_wconf 84' lang='lat' dir='ltr'><strong>sed</strong></span> <span class='ocrx_word' id='word_1_300' title='bbox 1301 3132 1452 3197; x_wconf 89' lang='lat' dir='ltr'><strong>nulli</strong></span> <span class='ocrx_word' id='word_1_301' title='bbox 1487 3142 1631 3196; x_wconf 82' lang='lat' dir='ltr'><strong>sunt</strong></span> <span class='ocrx_word' id='word_1_302' title='bbox 1668 3134 1902 3196; x_wconf 86' lang='lat' dir='ltr'><strong>inventi</strong></span> <span class='ocrx_word' id='word_1_303' title='bbox 1941 3141 2066 3195; x_wconf 90' lang='lat' dir='ltr'><strong>tam</strong></span> <span class='ocrx_word' id='word_1_304' title='bbox 2109 3141 2218 3193; x_wconf 83' lang='lat' dir='ltr'><strong>aut</strong></span> 
     </span>
     <span class='ocr_line' id='line_1_37' title="bbox 159 3216 2218 3295; baseline -0.002 -14"><span class='ocrx_word' id='word_1_305' title='bbox 159 3223 407 3283; x_wconf 82' lang='lat' dir='ltr'><strong>fortuna</strong></span> <span class='ocrx_word' id='word_1_306' title='bbox 436 3220 643 3281; x_wconf 86' lang='lat' dir='ltr'><strong>miseri</strong></span> <span class='ocrx_word' id='word_1_307' title='bbox 661 3228 771 3281; x_wconf 89' lang='lat' dir='ltr'><strong>aut</strong></span> <span class='ocrx_word' id='word_1_308' title='bbox 794 3220 1109 3279; x_wconf 87' lang='lat' dir='ltr'><strong>voluntate</strong></span> <span class='ocrx_word' id='word_1_309' title='bbox 1136 3216 1362 3295; x_wconf 90' lang='lat' dir='ltr'><strong>perditi</strong></span> <span class='ocrx_word' id='word_1_310' title='bbox 1382 3218 1487 3294; x_wconf 91' lang='lat' dir='ltr'><strong>qui</strong></span> <span class='ocrx_word' id='word_1_311' title='bbox 1521 3234 1644 3279; x_wconf 89' lang='lat' dir='ltr'><strong>non</strong></span> <span class='ocrx_word' id='word_1_312' title='bbox 1675 3218 1842 3280; x_wconf 89' lang='lat' dir='ltr'><strong>illum</strong></span> <span class='ocrx_word' id='word_1_313' title='bbox 1865 3218 2068 3293; x_wconf 86' lang='lat' dir='ltr'><strong>ipsum</strong></span> <span class='ocrx_word' id='word_1_314' title='bbox 2098 3218 2218 3278; x_wconf 86' lang='lat' dir='ltr'><strong>sel-</strong></span> 
     </span>
     <span class='ocr_line' id='line_1_38' title="bbox 160 3299 2219 3379; baseline -0.001 -16"><span class='ocrx_word' id='word_1_315' title='bbox 160 3306 256 3364; x_wconf 82' lang='lat' dir='ltr'><strong>lae</strong></span> <span class='ocrx_word' id='word_1_316' title='bbox 278 3314 466 3379; x_wconf 87' lang='lat' dir='ltr'><strong>atque</strong></span> <span class='ocrx_word' id='word_1_317' title='bbox 492 3300 700 3377; x_wconf 77' lang='lat' dir='ltr'><strong>operis</strong></span> <span class='ocrx_word' id='word_1_318' title='bbox 732 3310 795 3363; x_wconf 87' lang='lat' dir='ltr'><strong>et</strong></span> <span class='ocrx_word' id='word_1_319' title='bbox 826 3309 1122 3377; x_wconf 84' lang='lat' dir='ltr'><strong>quaestus</strong></span> <span class='ocrx_word' id='word_1_320' title='bbox 1154 3300 1445 3364; x_wconf 88' lang='lat' dir='ltr'><strong>cotidiani</strong></span> <span class='ocrx_word' id='word_1_321' title='bbox 1473 3304 1697 3372; x_wconf 88' lang='lat' dir='ltr'><strong>locum,</strong></span> <span class='ocrx_word' id='word_1_322' title='bbox 1731 3300 1837 3375; x_wconf 89' lang='lat' dir='ltr'><strong>qui</strong></span> <span class='ocrx_word' id='word_1_323' title='bbox 1867 3317 1991 3361; x_wconf 89' lang='lat' dir='ltr'><strong>non</strong></span> <span class='ocrx_word' id='word_1_324' title='bbox 2015 3299 2219 3361; x_wconf 88' lang='lat' dir='ltr'><strong>cubile</strong></span> 
     </span>
     <span class='ocr_line' id='line_1_39' title="bbox 161 3382 2218 3461; baseline -0.001 -16"><span class='ocrx_word' id='word_1_325' title='bbox 161 3392 348 3461; x_wconf 87' lang='lat' dir='ltr'><strong>atque</strong></span> <span class='ocrx_word' id='word_1_326' title='bbox 376 3386 667 3446; x_wconf 85' lang='lat' dir='ltr'><strong>lectulum</strong></span> <span class='ocrx_word' id='word_1_327' title='bbox 691 3401 889 3456; x_wconf 88' lang='lat' dir='ltr'><strong>suum,</strong></span> <span class='ocrx_word' id='word_1_328' title='bbox 916 3382 1021 3458; x_wconf 90' lang='lat' dir='ltr'><strong>qui</strong></span> <span class='ocrx_word' id='word_1_329' title='bbox 1042 3384 1308 3461; x_wconf 90' lang='lat' dir='ltr'><strong>denique</strong></span> <span class='ocrx_word' id='word_1_330' title='bbox 1335 3401 1460 3447; x_wconf 89' lang='lat' dir='ltr'><strong>non</strong></span> <span class='ocrx_word' id='word_1_331' title='bbox 1483 3399 1730 3446; x_wconf 85' lang='lat' dir='ltr'><strong>cursum</strong></span> <span class='ocrx_word' id='word_1_332' title='bbox 1753 3384 1917 3445; x_wconf 85' lang='lat' dir='ltr'><strong>hunc</strong></span> <span class='ocrx_word' id='word_1_333' title='bbox 1947 3382 2218 3445; x_wconf 79' lang='lat' dir='ltr'><strong>otiosum</strong></span> 
     </span>
    </p>
   </div>
  </div>
 </body>
</html>
