2459 3817
260 138 340 199 68
731 134 804 193 ΙΝ
835 134 896 193 C.
927 132 1251 193 VERREM
1278 132 1442 191 ACT.
1480 133 1549 189 11.
1578 132 1721 191 LlB.
1750 132 1851 190 lv.

261 301 450 345 emere
477 300 648 357 quam
674 300 905 357 roqare.
969 284 1096 340 Vll.
1162 280 1258 341 13.
1324 279 1495 339 Dicet
1527 279 1775 352 aliquis=
1836 276 2035 352 Quid?
2076 286 2135 337 tu
2182 276 2295 337 ista

265 380 591 440 permagno
623 364 947 425 aestimas?
1006 365 1134 438 Ego
1165 378 1307 421 vero
1342 361 1421 420 ad
1450 377 1642 420 meam
1673 359 1967 419 rationem
1994 375 2295 431 usumque

265 463 464 507 meum
496 462 614 507 non
647 445 930 515 aestimo,
967 461 1176 505 verum
1205 452 1403 503 tamen
1437 460 1473 501 a
1512 442 1689 503 vobis
1734 441 1813 501 ita
1858 440 2115 501 arbitror
2156 456 2289 515 spe-

266 526 412 589 ctari
442 536 752 603 oportere,
790 527 994 603 quanti
1022 527 1174 585 haec
1203 540 1411 585 eorum
1443 522 1687 595 iudicio,
1732 522 1835 598 qui
1867 520 2125 583 studiosi
2156 531 2296 583 sunt

263 612 476 669 harum
524 624 752 682 rerum,
803 608 1209 679 aestimentur,
1265 605 1472 680 quanti
1520 603 1727 665 venire
1772 605 2033 675 soleant,
2087 604 2293 679 quanti

263 694 416 751 haec
446 691 613 765 ipsa,
643 691 696 750 si
727 693 924 765 palam
953 689 1262 763 libereque
1294 686 1594 759 venirent,
1640 683 1849 747 venire
1872 694 2157 761 possent,
2190 686 2293 745 de-

265 774 450 847 nique
488 772 624 846 ipse
652 774 878 833 Verres
923 770 1130 846 quanti
1171 769 1461 831 aestimet.
1526 769 1895 843 Numquam,
1938 767 1989 827 si
2030 766 2295 827 denariis

267 854 719 929 quadringentis
744 853 1094 928 Cupidinem
1123 852 1287 911 illum
1310 860 1601 926 putasset,
1632 848 2037 911 commisisset
2054 858 2121 909 ut
2154 864 2293 923 pro-

266 946 400 1011 pter
430 953 568 997 eum
601 936 662 996 in
696 952 1034 996 sermonem
1063 934 1369 995 hominum
1413 943 1593 1007 atque
1629 931 1689 992 in
1732 938 1952 991 tantam
1992 930 2293 1006 vitupera—

266 1019 488 1079 tionem
523 1018 772 1078 veniret.
837 1016 933 1077 14.
1006 1014 1152 1089 Quis
1183 1025 1450 1076 vestrum
1479 1014 1658 1089 igitur
1684 1000 1879 1074 nescit
1910 1011 2115 1087 quanti
2142 1012 2295 1071 haec

264 1100 694 1160 aestimentur?
760 1100 826 1157 ln
878 1097 1158 1157 auctione
1209 1096 1447 1172 signum
1495 1099 1746 1157 aeneum
1798 1111 1920 1154 non
1975 1095 2295 1153 maximum

262 1181 364 1239 HS
395 1198 468 1239 xl.
495 1179 732 1241 milibus
765 1178 968 1240 venire
991 1196 1110 1240 non
1141 1179 1443 1239 vidimus?
1494 1176 1666 1251 Quid,
1699 1176 1753 1237 si
1782 1176 1956 1236 velim
1986 1174 2294 1236 nominare

265 1263 538 1323 homines
563 1262 668 1335 qui
687 1271 790 1323 aut
811 1278 932 1322 non
961 1261 1208 1322 minoris
1236 1268 1338 1320 aut
1356 1259 1533 1320 etiam
1558 1256 1749 1333 pluris
1782 1258 2061 1329 emerint,
2092 1272 2295 1317 nonne

265 1351 559 1417 possum?
587 1343 816 1405 Etenim
848 1344 952 1417 qui
975 1345 1190 1403 modus
1212 1341 1378 1401 estin
1406 1341 1503 1400 his
1530 1342 1715 1401 rebus
1743 1340 2101 1415 cupiditatis,
2134 1337 2291 1397 idem

265 1433 362 1484 est
387 1424 840 1485 aestimationis.
909 1420 1166 1483 Difficile
1205 1432 1301 1483 est
1328 1422 1485 1482 enim
1516 1424 1695 1482 finem
1727 1423 1926 1482 facere
1956 1420 2184 1495 pretio,
2240 1420 2293 1479 si

265 1503 496 1564 libidini
548 1521 667 1565 non
722 1503 958 1565 feceris.
1033 1505 1230 1564 Video
1282 1504 1459 1579 igitur
1484 1503 1697 1563 Heium
1744 1519 1944 1578 neque
1988 1503 2292 1562 voluntate

266 1601 466 1662 neque
491 1584 846 1649 difficultate
877 1586 1080 1661 aliqua
1101 1585 1391 1660 temporis
1421 1602 1533 1645 nee
1555 1585 1967 1659 magnitudine
1995 1584 2293 1658 pecuniae

265 1669 588 1731 adductum
629 1685 799 1742 esse,
848 1676 913 1730 ut
951 1669 1102 1729 haec
1137 1668 1311 1742 signa
1342 1669 1655 1728 venderet=
1690 1676 1869 1741 teque
1907 1666 2025 1728 ista
2052 1667 2292 1726 simula-

265 1750 427 1813 tione
467 1752 790 1827 emptionis
832 1752 919 1825 vi,
964 1760 1154 1823 metu,
1197 1750 1480 1823 imperio,
1522 1748 1789 1809 fascibus
1821 1749 1899 1807 ab
1926 1747 2167 1807 homine
2196 1764 2289 1816 eo,

269 1850 445 1908 quem
477 1851 598 1894 una
626 1851 763 1895 cum
791 1832 1046 1896 caeteris
1081 1832 1267 1895 sociis
1297 1848 1416 1892 non
1447 1834 1643 1893 solum
1672 1830 1954 1905 potestati
1983 1837 2149 1902 tuae,
2181 1830 2291 1889 sed

265 1914 439 2053 etiam
482 1915 623 1974 fidei
669 1917 932 1992 populus
960 1918 1271 1976 Romanus
1318 1913 1723 1985 commiserat,
1764 1910 2063 1987 eripuisse
2109 1920 2293 1985 atque

268 2012 304 2053 a
347 1996 614 2055 stulisse.

432 2076 528 2137 15.
588 2075 738 2149 Quid
773 2076 912 2135 mihi
941 2085 1061 2136 tam
1090 2077 1451 2151 optandum,
1496 2074 1758 2149 iudices,
1805 2083 2003 2149 potest
2045 2090 2189 2135 esse
2234 2075 2294 2133 in

265 2158 380 2218 hoc
411 2156 684 2232 crimine,
734 2174 910 2231 quam
937 2164 1004 2216 ut
1043 2158 1194 2216 haec
1233 2158 1445 2215 eadem
1487 2155 1647 2216 dicat
1690 2158 1823 2231 ipse
1850 2155 2081 2217 Heius?
2142 2156 2295 2215 Nihil

265 2242 571 2313 prorectoz
617 2241 727 2300 sed
769 2254 846 2298 ne
875 2237 1139 2298 difficilia
1163 2245 1460 2311 optemus.
1524 2237 1712 2298 Heius
1752 2246 1847 2298 est
1873 2236 2295 2297 Mamertinum

265 2321 615 2383 Mamertina
647 2320 860 2382 civitas
891 2319 1069 2379 istum
1101 2319 1341 2392 publice
1370 2319 1668 2379 communi
1699 2318 1953 2380 consilio
1994 2320 2127 2379 sola
2168 2320 2295 2377 lau—

251 2404 396 2463 date
428 2402 712 2464 omnibus
739 2403 852 2462 iste
881 2401 1136 2461 eaeteris
1159 2399 1379 2460 Siculis
1410 2400 1551 2461 odio
1573 2409 1695 2473 est,
1724 2401 1801 2460 ab
1830 2400 1923 2459 his
1953 2400 2101 2461 solis
2131 2414 2297 2459 ama-

274 2493 386 2544 tur.
416 2486 561 2544 Eius
596 2493 792 2545 autem
828 2480 1162 2555 legationis,
1192 2498 1350 2555 quae
1378 2483 1457 2541 ad
1485 2481 1664 2542 istum
1698 2483 2063 2542 laudandum
2106 2481 2295 2541 missa

266 2574 374 2638 est,
405 2565 692 2641 princeps
719 2574 815 2626 est
840 2564 1028 2624 Heius
1054 2592 1140 2607 -—
1165 2562 1384 2623 etenim
1412 2571 1507 2623 est
1535 2563 1764 2637 primus
1794 2562 2053 2623 civitatis
2082 2596 2184 2635 —,
2214 2578 2293 2621 ne

267 2648 448 2719 forte,
478 2649 622 2708 dum
649 2644 908 2721 publicis
937 2644 1235 2705 mandatis
1264 2646 1503 2716 serviat,
1533 2646 1612 2704 de
1641 2643 1891 2720 privatis
1922 2643 2157 2705 iniuriis
2198 2659 2293 2703 re·

265 2730 460 2789 ticeat.
507 2730 603 2790 16.
649 2730 812 2788 Haec
843 2744 1024 2802 quum
1048 2726 1266 2787 scirem
1309 2735 1369 2787 et
1390 2727 1743 2801 cogitarem,
1778 2726 2045 2787 commisi
2077 2734 2296 2798 tamen,

264 2810 530 2885 iudiceS‚
563 2812 742 2870 Heio:
784 2809 1046 2884 produxi
1075 2824 1209 2868 eum
1241 2808 1433 2881 prima
1460 2806 1721 2868 actionez
1762 2824 1961 2881 neque
2003 2809 2065 2867 id
2094 2815 2293 2867 tamen

267 2892 387 2950 ullo
421 2891 690 2965 periculo
718 2890 852 2951 reci.
919 2890 1072 2963 Quid
1109 2888 1269 2949 enim
1314 2897 1551 2964 poterat
1574 2887 1762 2951 Heius
1794 2891 2196 2964 respondere,
2242 2890 2297 2947 si

264 2980 430 3033 esset
457 2973 786 3049 improbuS,
820 2972 872 3033 si
903 2969 996 3033 sui
1019 2970 1371 3031 dissimilis?
1426 2972 1581 3033 Esse
1610 2971 1709 3030 illa
1736 2970 1909 3045 signa
1930 2971 2093 3030 domi
2122 2986 2291 3041 suae,

264 3070 384 3114 non
421 3070 562 3115 esse
609 3055 770 3128 apud
807 3056 1132 3131 Verrem?
1155 3051 1269 3126 Qui
1309 3060 1543 3127 poterat
1586 3052 1914 3127 quidquam
1954 3067 2087 3111 eius
2128 3051 2291 3111 modi

262 3134 509 3197 dicere?
562 3135 642 3196 Ut
661 3136 842 3196 homo
864 3135 1249 3210 turpissimus
1278 3143 1443 3194 esset
1462 3132 2103 3208 impudentissimeque
2126 3149 2292 3193 men-

261 3215 498 3289 tiretur,
551 3218 666 3277 hoc
715 3216 969 3288 diceret,
1021 3217 1121 3276 illa
1165 3232 1236 3275 se
1278 3214 1563 3276 habuisse
1608 3216 1845 3274 venalia
1892 3230 2087 3288 eaque
2150 3230 2295 3275 sese

265 3300 468 3369 quanti
511 3299 768 3360 voluerit
807 3298 1175 3361 vendidisse.
1238 3299 1432 3357 Homo
1474 3297 1637 3359 domi
1669 3314 1817 3358 suae
1858 3292 2294 3369 nobilissimuS,
