2459 3817
793 152 958 212 cAP.
989 157 1220 214 10-13.
1252 159 1303 222 s.
1327 156 1547 213 26—32.
2050 155 2171 218 217

141 313 362 378 summi
394 312 510 376 viri
545 322 605 376 et
640 314 960 378 clarissimi
1005 313 1175 376 cives
1211 314 1523 377 Saturnini
1567 321 1627 376 et
1671 315 2087 378 Gracchorum
2131 327 2192 376 et

137 399 342 460 Flacci
373 407 434 460 et
451 400 836 475 superiorum
862 399 1267 475 complurium
1290 400 1589 476 sanguine
1612 417 1735 462 non
1758 402 1947 461 modo
1970 416 2042 460 se
2067 415 2191 459 non

141 481 651 554 contaminarunt,
689 485 803 546 sed
835 484 1016 544 etiam
1039 483 1461 555 honestarunt,
1498 491 1666 544 certe
1690 485 2023 545 verendum
2050 481 2193 542 mihi

137 583 266 626 non
291 573 520 626 eratne
545 567 692 640 quid
715 568 834 628 hoc
854 565 1164 643 parricida
1186 567 1407 628 civium
1425 567 1745 628 interfecto
1768 567 2035 629 invidiae
2050 562 2193 626 mihi

137 649 200 708 in
223 648 648 724 posteritatem
671 652 1063 711 redundaret.
1121 650 1297 723 Quod
1323 650 1377 711 si
1409 667 1483 710 ea
1504 651 1647 711 mihi
1671 651 1934 712 maxime
1962 651 2192 726 impen-

139 733 334 804 deret,
369 739 576 793 tamen
605 735 725 794 hoc
755 733 958 794 animo
983 749 1232 808 semper
1260 733 1366 807 fui,
1399 742 1467 793 ut
1489 734 1776 795 invidiam
1808 734 2030 796 virtute
2053 749 2191 808 par·

137 822 264 875 tam
294 814 582 892 gloriam,
630 835 756 878 non
796 817 1084 879 invidiam
1118 824 1415 892 putarem.
1504 817 1602 878 30.
1644 818 2027 892 Quamquam
2066 831 2192 876 non

137 898 290 959 nulli
329 907 473 960 sunt
499 899 560 960 in
591 900 712 961 hoc
744 900 990 973 ordine,
1035 899 1140 977 qui
1169 907 1275 960 aut
1304 915 1378 959 ea
1416 916 1576 974 quae
1610 900 1923 960 imminent
1949 916 2072 960 non
2105 897 2193 958 vi·

139 983 326 1042 deant
365 989 474 1044 aut
515 999 590 1042 ea
635 1000 794 1058 quae
835 983 1051 1044 vident
1092 983 1503 1044 dissimulent:
1550 984 1654 1059 qui
1693 999 1870 1058 spem
1903 982 2195 1042 Catilinae

135 1065 424 1126 mollibus
447 1067 765 1126 sententiis
780 1069 1066 1127 aluerunt
1079 1065 1686 1141 coniurationemque
1700 1072 2056 1126 nascentem
2070 1079 2195 1124 non

136 1149 454 1209 credendo
471 1150 1063 1208 corroboraverunt:
1090 1165 1354 1222 quorum
1368 1149 1793 1210 auctoritatem
1811 1147 2009 1209 secuti
2024 1147 2197 1208 multi

133 1248 264 1291 non
299 1232 502 1289 solum
530 1229 822 1305 improbi,
857 1247 1073 1292 verum
1109 1231 1291 1292 etiam
1320 1231 1597 1307 imperiti,
1636 1233 1689 1293 si
1726 1231 1789 1291 in
1819 1232 1981 1292 hunc
2010 1231 2195 1292 anim·

132 1312 566 1384 advertissem,
601 1313 932 1375 crudeliter
963 1321 1025 1374 et
1051 1315 1220 1391 regie
1249 1317 1475 1375 sactum
1511 1331 1654 1376 esse
1684 1314 1977 1377 dicerent.
2022 1315 2195 1374 Nunc

129 1395 433 1470 intelligo,
465 1395 520 1457 si
541 1395 678 1471 iste,
713 1415 836 1472 quo
866 1397 1141 1470 intendit,
1173 1399 1233 1459 in
1260 1399 1567 1460 Manliana
1591 1407 1793 1460 castra
1821 1397 2193 1475 pervenerit,

133 1479 440 1540 neminem
466 1488 586 1540 tam
611 1483 864 1542 stultum
887 1484 1023 1542 sore
1046 1483 1148 1557 qui
1170 1498 1295 1543 non
1310 1482 1521 1544 videat
1544 1482 2022 1545 coniurationem
2049 1498 2195 1542 esse

135 1565 380 1635 factam,
411 1563 715 1624 neminem
743 1572 866 1626 tarn
907 1565 1254 1641 improbum
1286 1566 1387 1640 qui
1432 1583 1555 1626 non
1588 1569 1867 1628 fateatur.
1924 1569 2058 1628 Hoc
2089 1582 2194 1625 au-

136 1654 263 1707 tem
292 1662 420 1707 uno
453 1646 774 1710 interfecto
810 1650 1083 1724 intelligo
1121 1651 1281 1710 hanc
1312 1649 1399 1710 rei
1429 1649 1714 1726 publicae
1752 1657 1994 1725 pestem
2023 1651 2195 1724 paul-

137 1729 327 1806 lisper
346 1729 623 1805 reprimi,
653 1749 780 1792 non
815 1733 875 1792 in
910 1741 1280 1809 perpetuum
1318 1733 1633 1809 comprimi
1660 1749 1874 1808 posse.
1934 1731 2112 1805 Quod
2143 1729 2195 1792 si

137 1830 210 1874 se
231 1813 478 1875 eiecerit
500 1829 841 1890 secumque
865 1833 1015 1876 suos
1041 1813 1325 1876 eduxerit
1348 1823 1408 1875 et
1430 1817 1651 1876 eodem
1668 1822 1909 1875 ceteros
1925 1813 2197 1886 undique

139 1898 436 1958 collectos
473 1899 808 1974 naufragos
842 1898 1298 1974 adgregaverit,
1348 1898 1773 1974 exstinguetur
1812 1904 1998 1972 atque
2032 1897 2197 1956 dele-

136 1980 304 2040 bitur
331 1997 458 2040 non
488 1982 674 2040 modo
705 1982 862 2042 haec
898 1989 1024 2044 tam
1053 1983 1264 2042 adulta
1289 1980 1379 2040 rei
1409 1982 1694 2056 publicae
1722 1980 1949 2056 pestiS,
1983 1995 2193 2040 verum

139 2063 319 2124 etiam
350 2063 537 2138 stirps
572 2080 646 2124 ac
676 2080 888 2125 semen
921 2066 1219 2126 malorum
1252 2065 1537 2126 omnium.
1612 2066 1769 2125 Xlll.
1820 2063 1920 2124 31.
1956 2064 2195 2124 Etenim

138 2147 260 2207 iam
289 2147 410 2219 diu,
442 2154 654 2222 patres
692 2147 1056 2224 conscripti,
1100 2149 1159 2208 in
1187 2149 1282 2208 his
1313 2147 1603 2223 periculis
1636 2147 2076 2209 coniurationis
2107 2147 2195 2206 in·

137 2229 441 2304 sidiisque
469 2247 810 2304 versamur,
841 2233 954 2294 sed
986 2233 1196 2293 nescio
1223 2248 1346 2307 quo
1374 2238 1559 2306 pacto
1588 2231 1856 2294 omnium
1886 2235 2191 2290 scelerum

138 2330 214 2373 ac
243 2314 472 2374 veteris
503 2315 728 2375 furoris
762 2323 822 2375 et
850 2316 1145 2376 audaciae
1173 2315 1489 2377 maturitas
1521 2315 1579 2375 in
1604 2314 1801 2376 nostri
1831 2317 2191 2375 consulatus

135 2405 387 2470 tempus
421 2397 636 2473 erupit.
726 2400 904 2474 Quod
937 2398 994 2458 si·
1021 2415 1100 2458 ex
1132 2405 1299 2460 tanto
1330 2397 1652 2460 latrocinio
1684 2398 1801 2459 iste
1827 2413 1989 2458 unus
2019 2397 2193 2456 tolle-

136 2489 258 2552 tur,
290 2478 635 2560 videbimur
664 2483 932 2543 sortasse
972 2484 1052 2543 ad
1081 2483 1277 2542 breve
1308 2484 1616 2558 quoddam
1657 2489 1903 2558 tempus
1945 2497 2092 2541 cura
2133 2483 2195 2539 et

138 2570 308 2624 metu
340 2579 482 2624 esse
518 2564 804 2637 relevati,
835 2565 1172 2642 periculum
1206 2574 1407 2626 autem
1438 2566 1732 2628 residebit
1775 2574 1836 2627 et
1866 2564 1979 2626 erit
2006 2564 2194 2624 inclu-

139 2663 277 2708 sum
307 2648 554 2723 penitus
585 2648 646 2708 i‘n
687 2648 862 2713 venis
900 2660 1086 2725 atque
1115 2649 1173 2709 in
1215 2649 1561 2710 visceribus
1605 2656 1695 2709 rei
1728 2649 2027 2725 publicae.
2114 2646 2193 2706 Ut

139 2747 331 2806 saepe
361 2730 643 2792 homines
673 2735 841 2808 aegri
877 2733 1093 2794 morbo
1126 2733 1319 2808 gravi,
1354 2749 1541 2807 quum
1586 2739 1760 2793 aestu
1801 2733 2081 2806 febrique
2108 2727 2194 2788 ia-

140 2821 400 2887 ctantur,
435 2816 490 2875 si
520 2832 744 2890 aquam
767 2816 1028 2892 gelidam
1057 2815 1339 2888 biberint,
1374 2815 1572 2890 primo
1595 2815 1859 2876 relevari
1886 2815 2191 2885 videntur,

140 2899 365 2958 deinde
396 2902 585 2960 multo
627 2902 878 2975 gravius
921 2900 1475 2976 vehementiusque
1512 2898 1922 2968 adflictantur,
1968 2897 2058 2959 sic
2093 2896 2200 2969 hic,

135 2983 412 3055 morbus,
445 2983 552 3058 qui
583 2983 764 3043 estin
803 3000 872 3043 re
900 2983 1166 3058 publica,
1197 2985 1511 3045 relevatus
1544 2982 1722 3043 istius
1752 2998 1976 3058 poena,
2011 2981 2195 3041 vehe-

135 3066 402 3127 mentius
445 3065 603 3127 vivis
656 3065 908 3142 reliquis
961 3067 1373 3144 ingravescet.
1460 3065 1558 3128 32.
1618 3067 1749 3140 Qua
1790 3084 1860 3126 re
1901 3065 2198 3138 secedant

135 3147 420 3224 improbi,
455 3158 784 3211 secernant
807 3167 876 3211 se
899 3167 934 3209 a
955 3150 1157 3223 boniS,
1187 3148 1460 3211 nnumin
1489 3153 1692 3211 locum
1722 3153 2194 3224 congregentur,

135 3249 314 3293 muro
347 3234 646 3309 denique,
695 3235 757 3295 id
790 3236 955 3308 quod
989 3241 1183 3310 saepe
1221 3235 1340 3294 iam
1372 3234 1524 3307 dixi,
1559 3235 1987 3296 discernantur
2018 3245 2055 3288 a
2086 3244 2195 3288 no-

133 3315 262 3377 bis:
309 3315 594 3378 desinant
621 3316 893 3378 insidiari
925 3318 1135 3379 domui
1164 3335 1316 3379 suae
1349 3317 1617 3391 consuli,
1661 3315 2055 3378 circumstare
2094 3309 2197 3371 tri-

133 3398 321 3482 bunal
353 3401 658 3476 praetoris
682 3401 916 3480 urbani,
949 3402 1239 3464 obsidere
1270 3419 1406 3462 cum
1432 3401 1653 3476 gladiis
1679 3399 1923 3474 curiam,
1948 3395 2196 3456 malleo⁴
