2459 3817
232 143 356 211 148
695 145 845 206 PRO
873 148 940 205 Τ.
970 145 1204 205 ANNIO
1231 145 1521 206 MILONE
1548 139 1849 204 ORATIO.

231 294 446 358 rabilia
467 296 704 356 fuerunt
725 296 857 356 illa=
886 294 949 354 P.
975 293 1168 356 Clodii
1195 303 1449 356 mortem
1474 309 1673 368 aequo
1696 297 1899 358 animo
1926 298 2087 357 ferre
2112 313 2302 358 nemo

234 385 455 457 potest.
538 379 732 454 Luget
773 386 1052 450 senatus,
1093 383 1322 438 maeret
1368 382 1657 452 equester
1688 376 1871 448 ordo,
1914 383 2039 436 tota
2070 374 2299 437 civitas

235 464 514 523 confecta
547 461 719 522 senio
756 468 866 533 est,
898 460 1181 535 squalent
1206 458 1555 532 municipia,
1578 457 1962 518 adflictantur
1990 457 2298 530 coloniae,

231 543 362 620 agri
403 541 668 617 denique
694 542 814 618 ipsi
849 551 972 603 tam
999 543 1337 602 beneficum
1354 587 1369 613 ,
1424 550 1546 601 tam
1572 541 1927 615 salutarem,
1972 548 2095 602 tam
2122 556 2301 600 man·

234 633 472 686 suetum
514 624 708 684 civem
750 624 1116 685 desiderant.
1201 623 1304 686 21.
1346 623 1479 684 Non
1513 621 1620 683 suit
1652 638 1728 682 ea
1768 639 1987 695 causa,
2030 621 2299 698 iudiceS,

231 709 530 784 prolecto,
551 723 675 768 non
723 708 834 768 luit
874 723 982 768 cur
1022 705 1138 765 sibi
1177 713 1458 768 censeret
1498 703 1825 780 Pompeius
1866 705 2300 780 quaestionem

234 790 572 862 ferendam,
617 789 730 850 sed
781 789 964 850 homo
1009 790 1261 863 sapiens
1300 795 1485 863 atque
1527 789 1649 848 alta
1682 794 1742 849 et
1774 787 1979 848 divina
2026 789 2299 863 quadam

233 880 431 933 mente
469 873 778 946 praeditus
818 873 1002 934 multa
1045 871 1226 932 vidit=
1269 873 1460 931 ruisse
1502 871 1668 931 illum
1702 869 1820 930 sibi
1848 869 2175 944 inimicum,
2204 871 2295 930 ra-

232 954 521 1016 miliarem
542 954 858 1017 Milonemz
880 953 942 1014 in
965 953 1270 1015 communi
1294 953 1559 1014 omnium
1587 951 1827 1026 laetitia,
1858 952 1912 1013 si
1941 953 2119 1014 etiam
2154 954 2298 1028 ipse

231 1038 553 1114 gauderet,
612 1037 806 1099 timuit
841 1053 920 1098 ne
959 1035 1270 1098 videretur
1305 1035 1601 1097 infirmior
1650 1035 1805 1094 fides
1860 1035 2296 1097 reconciliatae

232 1119 493 1195 gratiam
519 1122 704 1180 multa
719 1119 896 1181 etiam
910 1121 1029 1180 alia
1039 1119 1208 1188 vidit,
1229 1120 1340 1180 sed
1362 1120 1505 1180 illud
1529 1117 1807 1191 maxime,
1835 1119 2113 1192 quamvis
2130 1127 2293 1179 atro·

233 1202 383 1262 citer
421 1203 556 1276 ipse
600 1204 868 1275 tulisset,
921 1218 1036 1263 vos
1081 1209 1282 1262 tamen
1324 1201 1555 1262 fortiter
1586 1200 1980 1261 iudicaturos.
2076 1202 2292 1277 ltaque

235 1284 457 1358 delegit
474 1299 554 1343 ex
567 1282 1018 1346 florentissimis
1063 1285 1377 1344 ordinibus
1418 1284 1559 1358 ipsa
1590 1283 1844 1355 lumina,
1889 1298 2093 1358 neque
2121 1300 2281 1356 vero¹

233 1368 398 1440 quod
421 1382 545 1425 non
567 1367 714 1426 nulli
735 1367 1024 1438 dictitant,
1048 1368 1313 1426 secrevit
1332 1367 1392 1426 in
1422 1366 1723 1427 iudicibus
1754 1365 2027 1439 legendis
2056 1365 2289 1426 amieos

231 1462 423 1507 meos.
507 1447 720 1522 Neque
759 1447 920 1508 enim
949 1449 1069 1508 hoc
1101 1448 1389 1524 cogitavit
1419 1447 1512 1507 vir
1540 1448 1941 1520 iustissimus,
1984 1465 2185 1524 neque
2223 1447 2291 1507 in

229 1527 408 1590 bonis
433 1525 578 1588 viris
613 1529 886 1605 legendis
917 1531 980 1591 id
1011 1530 1270 1606 adsequi
1299 1530 1628 1605 potuisset,
1670 1530 1850 1592 etiam
1896 1530 1951 1590 si
1993 1530 2290 1604 cupisset.

229 1611 362 1672 Non
387 1610 547 1670 enim
569 1628 702 1673 mea
725 1611 917 1688 gratia
939 1612 1439 1693 familiaritatibus
1464 1613 1822 1686 continetur,
1854 1628 2014 1689 quae
2036 1614 2158 1673 late
2183 1629 2292 1689 pa-

232 1704 359 1755 tere
392 1710 514 1754 non
548 1705 836 1771 possunt,
877 1703 1202 1773 propterea
1232 1696 1399 1771 quod
1429 1696 1902 1758 consuetudines
1936 1694 2134 1755 victus
2164 1711 2291 1756 non

232 1785 492 1853 possunt
519 1793 661 1838 esse
691 1795 826 1840 cum
862 1778 1093 1840 multis:
1125 1779 1256 1852 sed,
1290 1777 1343 1839 si
1373 1778 1519 1854 quid
1548 1794 1901 1854 possumne,
1930 1794 2008 1838 ex
2036 1793 2111 1838 eo
2142 1794 2261 1853 pos

234 1877 465 1935 sumuS,
493 1861 658 1936 quod
688 1878 788 1922 res
816 1863 1060 1936 publica
1089 1878 1202 1921 nos
1227 1860 1541 1922 coniunxit
1568 1877 1704 1921 curn
1726 1859 1937 1922 bonis=
1964 1876 2043 1920 ex
2067 1861 2290 1933 quibus

230 1940 332 2003 ille
354 1960 538 2019 quum
567 1944 831 2018 optimos
848 1945 1016 2005 viros
1050 1945 1280 2019 legeret
1304 1943 1494 2019 idque
1522 1943 1781 2003 maxime
1809 1943 1888 2002 ad
1908 1941 2092 2002 fidem
2112 1957 2291 2003 suam

233 2026 530 2097 pertinere
557 2025 973 2100 arbitraretur,
1011 2042 1134 2086 non
1176 2026 1372 2101 potuit
1410 2027 1614 2098 legere
1654 2043 1776 2087 non
1813 2024 2125 2086 studiosos
2150 2026 2290 2086 mei.

229 2103 332 2166 22.
360 2107 536 2180 Quod
558 2123 704 2167 vero
727 2116 805 2180 te,
833 2108 898 2167 L.
922 2106 1160 2180 Domiti,
1184 2108 1324 2168 huic
1350 2108 1692 2182 quaestioni
1715 2121 2007 2183 praeesse
2027 2108 2292 2168 maxime

231 2187 449 2260 voluit,
482 2187 627 2247 nihil
658 2188 959 2263 quaesivit
984 2191 1149 2250 aliud
1183 2190 1303 2251 nisi
1337 2191 1641 2264 iustitiam,
1674 2189 2047 2266 gravitatem,
2076 2189 2289 2250 huma·

233 2268 508 2343 nitatem,
550 2271 751 2330 fldem.
836 2273 993 2332 Tulit
1020 2282 1087 2334 ut
1121 2276 1508 2335 consularem
1536 2289 1797 2335 necesse
1838 2280 2031 2333 esset=
2078 2274 2285 2344 credo,

233 2352 400 2426 quod
455 2351 797 2427 principum
843 2371 1064 2416 munus
1117 2371 1260 2416 esse
1312 2356 1575 2417 ducebat
1626 2355 1915 2418 resistere
1956 2363 2018 2414 et
2058 2354 2289 2416 levitati

232 2433 629 2495 multitudinis
669 2444 730 2495 et
771 2438 1144 2510 perditorum
1203 2439 1539 2500 temeritati.
1636 2441 1730 2498 Ex
1763 2435 2191 2498 consularibus
2230 2446 2289 2498 te

233 2515 463 2577 creavit
492 2515 906 2590 potissimum:
943 2520 1203 2580 dederas
1236 2521 1395 2581 enim
1432 2539 1609 2597 quam
1639 2529 2059 2582 contemneres
2094 2535 2289 2595 popu·

231 2599 392 2659 lares
421 2599 690 2660 insanias
719 2600 839 2660 iam
867 2601 946 2661 ab
977 2602 1393 2664 adolescentia
1434 2606 1798 2665 documenta
1823 2602 2103 2662 maxima.
2186 2601 2285 2666 IX.

229 2680 332 2745 23.
365 2681 554 2754 Quam
587 2682 665 2745 ob
694 2700 850 2758 rem,
884 2682 1150 2756 iudices,
1193 2693 1261 2746 ut
1293 2685 1620 2761 aliquando
1650 2686 1730 2745 ad
1760 2701 2006 2746 causam
2036 2682 2287 2744 crimen·

234 2779 356 2838 que
389 2764 734 2840 veniamuS,
779 2766 834 2828 si
875 2783 1078 2843 neque
1107 2769 1306 2828 omnis
1340 2768 1649 2829 confessio
1682 2767 1824 2829 facti
1859 2774 1955 2828 est
1986 2766 2285 2839 inusitata,

228 2860 435 2920 neque
474 2848 552 2908 de
597 2865 786 2910 causa
816 2861 1026 2910 nostra
1070 2851 1402 2926 quidquam
1445 2851 1619 2912 aliter
1656 2867 1729 2912 ac
1769 2865 1885 2910 nos
1914 2850 2208 2910 vellemus
2251 2865 2289 2908 a

233 2936 448 2989 senatu
477 2929 803 2993 iudicatum
834 2941 946 3004 est,
979 2942 1039 2994 et
1066 2935 1222 2994 lator
1257 2933 1395 3008 ipse
1423 2934 1593 3008 legis,
1624 2949 1811 3009 quum
1843 2938 2009 2992 esset
2048 2938 2286 2993 contro·

233 3009 439 3071 versia
479 3014 640 3073 nulla
673 3014 846 3089 faeti,
887 3014 1036 3075 iuris
1065 3023 1264 3075 tamen
1296 3015 1796 3091 disceptationem
1826 3028 1969 3074 esse
1990 3014 2188 3074 voluit
2228 3022 2290 3074 et

240 3089 296 3149 ei
317 3090 460 3151 lecti
479 3089 712 3152 iudices
734 3093 916 3166 isque
949 3101 1045 3152 est
1069 3095 1461 3168 praepositus
1498 3091 1859 3167 quaestioni,
1896 3091 1998 3167 qui
2019 3089 2292 3150 haeciu-.

234 3179 329 3232 ste
353 3173 786 3249 sapienterque
807 3174 1127 3251 disceptet,
1157 3176 1461 3250 reliquum
1482 3183 1591 3244 est,
1617 3172 1866 3245 iudieeS,
1901 3181 1969 3235 ut
1990 3172 2135 3233 nihil
2158 3166 2278 3232 iam

240 3270 538 3327 quaerere
560 3257 724 3317 aliud
763 3257 1037 3318 debeatis
1071 3257 1188 3318 nisi
1222 3265 1359 3319 uter
1392 3255 1777 3318 utriinsidias
1803 3256 2032 3318 feeerit.
2100 3255 2276 3328 Quod
