2459 3817
237 148 365 219 238
534 150 613 215 m
639 151 721 215 M.
748 149 1458 217 ANTONIUMDRATm
1486 145 1907 213 PHILlPPICA
1930 151 2006 213 11,

240 298 581 377 exstinctis,
607 302 779 380 quod
809 300 875 365 in
900 302 1138 366 bostem
1165 311 1438 379 togatum
1464 301 1714 365 decerni
1739 311 1840 365 est
1867 298 2110 365 solitum
2137 322 2352 371 more*

240 384 555 450 maiorum.
650 385 726 447 Et
768 392 836 447 tu
872 385 1039 459 apud
1072 394 1280 463 patres
1321 386 1712 462 conscriptos
1741 393 2072 449 contremo
2103 389 2352 453 «ficere

241 483 436 531 ausus
465 484 556 543 es,
580 482 765 544 quum
794 467 873 527 ab
901 466 1025 527 hoc
1051 468 1268 529 ordine
1289 485 1408 545 ego
1441 476 1840 531 conservator
1859 485 2082 543 essem,
2113 479 2190 533 tu
2215 474 2337 535 ho-

241 549 356 613 stis
384 550 476 613 rei
503 549 789 625 publicae
814 547 1164 612 iudicatus?
1201 550 1708 613 commemoratio
1749 551 1909 613 illius
1938 551 2022 615 tui
2049 556 2336 619 sceleris

240 628 585 693 intermissa
610 641 739 704 est,
773 646 899 693 non
924 632 1217 695 memoria
1255 635 1474 697 deleta.
1560 635 1718 697 Dum
1749 650 1944 710 genus
1974 634 2332 712 hominum,

239 714 383 777 dum
415 711 631 791 populi
657 714 916 779 Romani
947 732 1165 777 nomen
1188 717 1470 790 exstabit,
1497 748 1583 763 -—
1611 719 1780 793 quod
1810 718 2056 793 quidem
2083 720 2240 795 erit,
2274 723 2340 783 si

226 813 351 875 -per
376 806 439 859 te
472 796 707 874 licebit,
750 797 1183 873 sempiternum
1221 834 1325 874 —‚
1361 809 1464 863 tua
1490 799 1593 861 illa
1622 799 1912 875 pestilera
1943 802 2330 866 intercessio

237 880 662 945 nominabitur.
760 879 864 943 52.
894 880 1048 955 Quid
1079 882 1307 959 cupide
1344 900 1383 945 a
1411 891 1644 954 senatu,
1673 883 1824 957 quid
1851 893 2082 945 temere
2107 886 2328 961 tiebat,

239 982 425 1041 quum
447 972 512 1027 tu
538 981 701 1027 unus
731 964 1098 1028 adolescens
1132 967 1486 1028 universum
1533 965 1808 1027 ordinem
1851 968 2200 1030 decernere
2243 972 2329 1030 de

238 1050 437 1113 salute
460 1046 554 1110 rei
581 1046 862 1123 publicae
885 1046 1246 1122 prohibuisti
1263 1094 1280 1121 ‚
1314 1046 1632 1125 nequead]
1661 1052 1872 1121 semel,
1887 1052 2004 1111 sed
2031 1053 2320 1126 saepius,

237 1147 439 1208 neque
477 1138 543 1193 tu
576 1139 777 1193 tecum
804 1130 885 1191 de
913 1138 1161 1193 senatus
1191 1131 1550 1195 auctoritate
1573 1130 1674 1207 agi
1695 1148 1923 1207 passus
1945 1139 2065 1194 est
2151 1134 2320 1207 Quid

238 1222 439 1278 autem
473 1214 767 1290 agebatur
805 1211 924 1275 nisi
964 1228 1043 1276 ne
1070 1214 1260 1276 deleri
1308 1225 1370 1277 et
1393 1213 1584 1276 everti
1611 1229 1739 1275 rem
1773 1213 2080 1290 publicam
2110 1216 2317 1277 fundi-

236 1305 335 1360 tus
369 1299 580 1371 velles,
618 1313 804 1374 quum
832 1302 893 1357 te
920 1313 1122 1371 neque
1152 1296 1466 1374 principes
1500 1296 1760 1359 civitatis
1789 1298 2068 1373 rogando
2103 1315 2316 1375 neque

234 1378 501 1441 maiores
544 1389 689 1442 natu
726 1380 1033 1441 monendo
1076 1396 1279 1455 neque
1319 1383 1610 1455 frequens
1653 1388 1906 1443 senatus
1945 1383 2197 1456 agendo
2234 1385 2316 1443 de

234 1461 483 1523 vendita
524 1469 707 1537 atque
746 1459 993 1523 addicta
1034 1464 1335 1525 sententia
1391 1478 1640 1526 movere
1685 1463 1927 1540 potuitr
1962 1466 2114 1527 Tum
2161 1466 2312 1527 illud

236 1543 437 1607 multis
460 1544 649 1607 rebus
662 1551 806 1607 ante
822 1544 1135 1621 temptatis
1148 1546 1504 1608 necessario
1519 1545 1625 1608 tibi
1637 1548 1864 1608 vulnus
1879 1548 2182 1609 inflictum
2199 1557 2310 1621 est,

236 1629 406 1705 quod
435 1624 653 1703 paucis
680 1633 821 1688 ante
849 1632 928 1699 te,
961 1642 1221 1701 quorum
1249 1625 1570 1691 incolumis
1598 1626 1712 1689 tuit
1737 1642 1940 1691 nemo.
2021 1626 2128 1691 53.
2155 1628 2308 1691 Tum

237 1718 450 1774 contra
474 1718 537 1772 te
563 1709 731 1773 dedit
748 1725 917 1771 arma
936 1709 1037 1771 iiic
1060 1712 1213 1775 ordo
1247 1710 1604 1773 consulibus
1629 1709 2010 1788 reliquisque
2030 1709 2310 1785 imperiis
2420 1786 2421 1789 Ἴ

236 1805 297 1857 et
324 1794 757 1871 potestatibus=
792 1808 951 1869 quae
982 1808 1105 1855 non
1139 1793 1500 1871 effugisses,
1540 1791 1660 1855 nisi
1689 1803 1750 1856 te
1777 1795 1858 1855 ad
1885 1810 2057 1857 arma
2083 1794 2306 1856 caesa·
2419 1790 2421 1880 Ι

236 1876 321 1940 ris
363 1876 752 1941 contulisses.
836 1874 1019 1937 XXII.
1054 1877 1172 1950 Tu,
1202 1885 1302 1952 tu,
1329 1878 1595 1954 inquam,
1619 1876 1701 1939 M.
1733 1878 1980 1951 Antoni,
2012 1876 2310 1953 princeps

237 1960 299 2020 C.
332 1959 579 2021 Caesari
602 1960 807 2020 omnia
836 1960 1192 2035 perturbare
1221 1959 1488 2036 cupienti
1515 1976 1763 2023 causam
1783 1960 1930 2023 belli
1958 1969 2172 2023 comm
2195 1975 2307 2035 pa·
2417 2004 2419 2031 ³

234 2042 405 2105 triam
437 2043 734 2103 inferendi
766 2041 1007 2107 dedisti.
1096 2041 1250 2117 Quid
1279 2042 1440 2104 enim
1468 2042 1634 2105 aliud
1661 2042 1764 2105 ille
1795 2042 2080 2105 dicebat?
2115 2058 2310 2118 quam
2417 2036 2420 2162 J

235 2141 484 2187 causam
510 2124 609 2187 sui
630 2122 1073 2187 dementissimi
1094 2124 1335 2187 consilii
1365 2134 1427 2187 et
1460 2125 1600 2187 facti
1628 2126 1958 2197 adferebat,
1989 2124 2109 2187 nisi
2134 2126 2309 2202 quod

234 2206 593 2270 intercessio
616 2210 912 2285 neglecta,
934 2208 1031 2269 ius
1050 2206 1436 2270 tribunicium
1459 2209 1782 2283 sublatum,
1805 2208 2308 2285 circumscriptus
2415 2286 2417 2291 .

234 2308 275 2351 a
301 2299 521 2353 senatu
548 2299 721 2353 esset
746 2290 1096 2353 Antonius?
1135 2290 1354 2353 Omitto
1399 2307 1580 2368 quam
1610 2291 1764 2353 haec
1799 2292 1974 2368 falsa,
2003 2307 2188 2367 quam
2215 2292 2304 2353 le·

233 2375 352 2448 via,
379 2374 740 2450 praesertim
770 2388 957 2450 quum
980 2374 1226 2435 omnino
1255 2376 1418 2436 nulla
1447 2390 1638 2436 causa
1663 2374 1824 2435 iusta
1849 2375 2135 2451 cuiquam
2157 2391 2306 2437 esse
2415 2322 2417 2444 1

233 2455 435 2532 possit
460 2462 671 2518 contra
693 2456 948 2532 patriam
980 2472 1151 2519 arma
1176 2458 1477 2533 capiendi.
1568 2456 1692 2519 Sed
1725 2458 1870 2519 nibil
1897 2458 1978 2518 de
2006 2458 2300 2521 Caesarei

233 2538 340 2601 tibi
384 2546 550 2601 certe
589 2540 1001 2601 confitendum
1036 2549 1136 2601 est
1178 2556 1431 2602 causam
1485 2539 1991 2615 perniciosissimi
2047 2539 2191 2623 belli
2235 2540 2302 2601 iu

238 2636 510 2697 persona
536 2626 644 2681 tua
667 2618 1040 2679 constitisse.
1095 2618 1198 2678 54.
1236 2618 1283 2677 0
1308 2616 1598 2676 miserum
1623 2622 1700 2686 te,
1732 2614 1787 2673 si
1813 2615 1970 2674 haec
1991 2612 2299 2687 intelligis,
2413 2620 2415 2663 ι

237 2705 641 2778 miseriorem,
666 2700 719 2765 si
750 2716 874 2765 non
906 2698 1193 2777 intelligis
1214 2699 1339 2761 hoc
1362 2697 1577 2760 litteris
1599 2696 1897 2768 mandari,
1926 2696 2050 2757 hoc
2071 2709 2302 2754 memo-

238 2787 369 2847 riae
400 2786 598 2861 prodi,
626 2785 806 2847 huius
833 2784 923 2844 rei
951 2799 1029 2844 ne
1056 2781 1474 2858 posteritatem
1513 2780 1758 2857 quidem
1788 2775 2056 2839 omnium
2089 2790 2302 2836 saecu·

240 2870 441 2931 lorum
458 2885 743 2945 umquam
768 2868 1178 2929 immemorem
1207 2867 1357 2937 fore,
1383 2864 1672 2941 consules
1694 2878 1774 2922 ex
1792 2859 1964 2921 Italia
1984 2859 2306 2933 expulsoS,

244 2968 509 3027 cumque
555 2950 633 3012 iis
664 2950 772 3012 Cn.
802 2948 1185 3026 Pompeium,
1211 2948 1378 3023 quod
1401 2945 1637 3021 imperii
1674 2942 1884 3021 populi
1909 2940 2170 3003 Romani
2196 2938 2302 2999 de-

242 3051 355 3099 cus
400 3051 475 3095 ac
515 3035 718 3095 lumen
758 3032 899 3105 luit,
947 3048 1161 3093 omnes
1186 3031 1578 3103 consulares,
1624 3028 1730 3104 qui
1760 3043 1873 3103 per
1899 3023 2304 3086 valetudinem

240 3117 507 3195 exsequi
535 3118 770 3178 cladem
811 3114 971 3175 illam
1004 3116 1333 3189 rugamque
1363 3112 1738 3189 potuissent,
1769 3116 2105 3186 praetores,
2130 3121 2299 3182 prae·

241 3201 451 3273 torios,
481 3200 757 3261 tribunos
784 3196 1003 3274 plebis,
1035 3212 1314 3271 magnam
1341 3204 1572 3271 partem
1597 3202 1866 3267 senatus
1896 3205 2137 3255 omnem
2162 3188 2297 3251 sub-

244 3283 401 3342 olem
435 3280 793 3353 iuventutis,
831 3294 1082 3355 unoque
1121 3278 1311 3338 verbo
1354 3293 1482 3339 rem
1513 3277 1818 3354 publicam
1853 3274 2176 3351 expulsam
2213 3281 2297 3331 at-

244 3377 370 3435 que
400 3363 858 3424 exterminatam
886 3359 1017 3419 suis
1044 3358 1334 3420 sedibus!
1422 3359 1524 3423 55.
1564 3359 1645 3420 Ut
1672 3359 1849 3437 igitur
1873 3357 1936 3419 in
1971 3352 2296 3419 seminibus
