2459 3817
191 175 274 239 22
339 200 344 205 ·
532 186 679 247 PRO
716 185 882 244 SEX.
910 183 1187 245 ROSCIO
1215 183 1566 245 AMERINO
1603 182 1904 244 ORATIO.

199 340 412 411 digna,
452 346 648 397 tamen
683 336 800 395 hoc
830 334 975 394 nihil
1008 350 1210 408 neque
1253 333 1535 395 acerbius
1570 350 1771 410 neque
1800 331 2067 409 iniquius
2099 349 2241 409 pro-

201 420 343 479 ferri
370 425 604 493 potestz
638 420 849 478 mortis
870 425 1159 491 paternae
1181 417 1259 476 de
1283 416 1484 477 servis
1514 416 1785 491 paternis
1820 417 2246 491 quaestionem

197 503 423 561 habere
454 501 580 560 filio
609 516 730 559 non
773 500 930 559 licet.
1001 501 1090 559 Ne
1125 508 1244 558 tam
1284 500 1389 559 diu
1422 499 1667 573 quidem
1702 498 1984 559 dominus
2026 499 2140 560 erit
2182 500 2250 559 in

200 600 368 655 suoS,
405 584 548 643 dum
578 600 658 643 ex
685 583 761 643 iis
786 584 862 642 de
885 583 1074 657 patris
1105 590 1297 641 morte
1331 589 1695 656 quaeratur?
1734 580 2010 653 Veniam,
2042 596 2252 657 neque

198 667 281 728 ita
313 668 498 726 multo
529 675 704 741 post,
736 664 817 725 ad
843 665 1004 725 hunc
1034 668 1266 726 locum.
1314 680 1451 723 nam
1496 664 1615 724 hoc
1646 672 1835 725 totum
1866 665 1946 722 ad
1978 664 2251 725 Roscios

202 748 486 825 pertinet,
542 750 620 807 de
667 763 926 821 quorum
969 746 1227 807 audacia
1271 755 1396 807 tum
1441 762 1538 805 me
1596 746 1895 806 dicturum
1938 738 2251 821 pollicitus

201 849 370 902 sum,
415 847 600 904 quum
652 829 854 892 Erucii
909 828 1158 889 crimina
1211 828 1547 890 diluissem.
1623 828 1829 889 XXIX.
1877 826 1977 891 79.
2040 828 2247 900 Nunc,

201 913 408 986 Eruci,
461 915 541 973 ad
568 921 624 973 te
657 913 855 977 venio.
920 912 1254 973 Conveniat
1297 911 1442 971 mihi
1483 920 1685 971 tecum
1728 926 1986 971 necesse
2016 920 2138 985 est,
2194 912 2253 971 si

197 998 277 1055 ad
300 996 460 1054 hunc
489 997 850 1056 maleficium
881 995 1044 1056 istud
1073 995 1363 1070 pertinet,
1407 1002 1512 1055 aut
1538 993 1737 1069 ipsum
1784 1010 1896 1054 sua
1933 1011 2117 1054 manu
2156 996 2249 1053 fe-

198 1079 387 1150 cisse,
433 1077 496 1137 id
542 1079 708 1152 quod
753 1094 976 1153 negata,
1019 1084 1124 1138 aut
1164 1094 1275 1152 per
1310 1075 1555 1151 aliquos
1596 1076 1822 1138 liberos
1862 1084 1966 1136 aut
2006 1092 2252 1137 servos.

194 1160 570 1221 Liberosne?
611 1177 767 1235 quos
799 1176 1000 1235 neque
1022 1168 1088 1220 ut
1115 1160 1445 1219 convenire
1473 1158 1738 1234 potuerit
1766 1175 1965 1233 neque
1999 1176 2123 1233 qua
2150 1176 2253 1218 ra-

196 1242 359 1304 tione
386 1242 679 1304 inducere
712 1260 914 1320 neque
941 1242 1044 1302 ubi
1074 1258 1275 1318 neque
1302 1258 1414 1318 per
1442 1258 1599 1318 quos
1622 1257 1821 1316 neque
1851 1258 1974 1317 qua
2000 1257 2114 1317 spe
2142 1250 2255 1303 aut

199 1343 318 1399 quo
345 1322 542 1399 pretio
588 1335 766 1401 potes
794 1326 1138 1386 ostendere.
1213 1325 1345 1399 Ego
1379 1332 1587 1385 contra
1616 1326 1875 1385 ostendo
1908 1340 2029 1383 non
2060 1326 2251 1385 modo

195 1406 344 1467 nihil
373 1424 584 1468 eorum
613 1408 837 1469 fecisse
865 1407 1011 1467 Sex.
1039 1407 1363 1481 Roscium,
1411 1408 1524 1467 sed
1567 1423 1643 1466 ne
1671 1406 1948 1481 potuisse
1998 1406 2252 1482 quidem

197 1491 432 1561 facere,
477 1491 646 1564 quod
678 1506 882 1565 neque
918 1492 1150 1550 Romae
1188 1491 1391 1550 multis
1442 1489 1617 1549 annis
1672 1488 1851 1549 suerit
1906 1505 2109 1564 neque
2168 1491 2249 1550 de

195 1571 467 1647 praediis
499 1589 785 1647 umquam
815 1581 1042 1633 temere
1071 1572 1443 1633 discesserit.
1510 1572 1766 1633 Restare
1794 1569 1903 1632 tibi
1923 1571 2251 1632 videbat-ur

197 1671 512 1715 servorum
543 1672 762 1715 nomen
779 1701 794 1729 ,
840 1673 961 1729 quo
1007 1654 1184 1729 quasi
1220 1654 1283 1714 in
1324 1662 1565 1730 portum
1604 1654 1867 1715 reiectus
1906 1670 1945 1715 a
1984 1654 2247 1715 caeteris

199 1735 654 1811 suspicionibus
683 1740 1015 1813 confugere
1047 1754 1305 1813 posseS,
1333 1736 1437 1798 ubi
1466 1740 1783 1812 scopulum
1815 1736 2079 1799 offendis
2106 1736 2249 1798 eius

197 1819 390 1893 modi,
433 1828 498 1880 ut
539 1837 658 1881 non
700 1822 883 1881 modo
924 1820 1001 1880 ab
1042 1821 1160 1881 hoc
1203 1821 1429 1881 crimen
1472 1820 1707 1880 resilire
1740 1820 1987 1893 videas,
2027 1836 2247 1880 verum

197 1919 437 1963 omnem
494 1903 907 1979 suspicionem
952 1905 1013 1969 in
1066 1912 1305 1964 vosmet
1355 1902 1529 1978 ipsos
1582 1903 1857 1963 recidere
1916 1901 2245 1976 intelligas.

193 1984 294 2047 80.
342 1984 497 2057 Quid
528 2000 673 2059 ergo
703 1995 799 2046 est
828 2004 950 2060 quo
980 1987 1223 2047 tandem
1252 1992 1571 2047 accusator
1614 1984 1821 2061 inopia
1858 1993 2239 2060 argmncnto-

192 2083 328 2127 rum
361 2068 740 2141 confugerit?
798 2067 946 2128 Eius
970 2068 1136 2129 modi
1164 2076 1403 2143 tempus
1427 2076 1584 2142 erat,
1613 2068 1839 2143 inquit,
1867 2075 1935 2129 ut
1959 2066 2245 2130 homines

194 2150 377 2225 vulgo
406 2150 652 2224 impune
680 2149 1127 2223 occiderentur,
1175 2167 1362 2223 quare
1390 2158 1455 2211 tu
1481 2150 1599 2212 hoc
1632 2158 1884 2227 propter
1911 2149 2243 2211 multitudi-

195 2249 334 2292 nem
368 2230 724 2293 sicariorum
763 2234 928 2293 nullo
968 2230 1214 2307 negotio
1260 2235 1463 2293 facere
1491 2231 1761 2307 potuisti.
1824 2232 2065 2294 Interim
2094 2232 2243 2293 mihi

194 2312 420 2375 videris
437 2360 455 2390 ,
482 2315 694 2389 Eruci,
720 2331 840 2376 una
869 2316 1151 2375 mercede
1177 2315 1333 2391 duas
1358 2332 1462 2375 res
1489 2315 1747 2389 adsequi
1777 2317 1963 2389 velle,
2006 2331 2119 2375 nos
2150 2316 2240 2376 iu-

197 2396 358 2457 dicio
393 2398 790 2472 perfundere,
823 2413 1119 2458 accusare
1151 2406 1351 2459 autem
1380 2414 1491 2459 eos
1521 2398 1727 2472 ipsos,
1758 2414 1797 2457 a
1826 2397 2049 2472 quibus
2080 2414 2239 2457 mer·
2290 2392 2297 2401 '

195 2480 408 2539 cedem
435 2479 748 2556 accepisti.
796 2480 952 2553 Quid
983 2482 1120 2541 ais?
1167 2482 1368 2556 Vulgo
1398 2480 1871 2541 occidebantur?
1930 2480 2044 2541 Per
2078 2497 2238 2554 quos

197 2571 257 2621 et
285 2579 322 2620 a
364 2561 632 2635 quibus?
717 2561 932 2623 Nonne
964 2561 1196 2638 cogitas
1225 2572 1285 2624 te
1318 2580 1355 2623 a
1384 2561 1726 2623 sectoribus
1754 2562 1875 2623 huc
1908 2563 2238 2623 adductum

195 2652 379 2703 esse?
451 2642 608 2717 Quid
659 2652 926 2720 postea?
985 2645 1303 2707 Nescimus
1342 2661 1453 2721 per
1488 2644 1606 2705 ista
1655 2653 1932 2721 tempora
1980 2646 2237 2705 eosdem

193 2727 320 2785 fere
349 2736 623 2787 sectores
651 2728 844 2791 fuisse
874 2730 1166 2789 collorum
1197 2738 1258 2789 ct
1297 2730 1638 2790 bonorum?
1694 2726 1797 2790 81.
1861 2727 1911 2787 li
1947 2727 2235 2802 denique,

195 2807 301 2884 qui
345 2817 470 2869 tum
507 2810 719 2871 armati
758 2809 893 2871 dies
947 2817 1285 2887 noctesque
1337 2811 1813 2885 concursabant,
1860 2809 1965 2885 qui
2003 2811 2237 2871 Romae

191 2894 362 2951 erant
391 2890 660 2965 adsidui,
695 2892 799 2969 qui
828 2893 989 2955 omni
1018 2902 1293 2969 tempore
1318 2894 1377 2953 in
1420 2893 1652 2969 praeda
1688 2902 1749 2955 et
1810 2892 1871 2953 in
1938 2891 2237 2968 sanguine

195 2974 616 3047 versabantur,
661 2974 805 3035 Se-x.
833 2976 1059 3037 Roscio
1092 2976 1383 3051 temporis
1412 2975 1574 3037 illius
1604 2975 1990 3036 acerbitatem
2017 2974 2234 3049 iniqui-

197 3064 504 3133 tatemque
546 3057 877 3120 obiiciant?
916 3068 976 3119 et
1025 3059 1188 3119 illam
1238 3058 1596 3119 sicariorum
1647 3056 2119 3131 multitudinem,
2171 3056 2232 3117 in

191 3156 313 3213 qua
352 3140 472 3215 ipsi
525 3140 716 3201 duces
759 3158 830 3202 ac
871 3140 1180 3216 principes
1221 3150 1417 3213 erant,
1468 3140 1609 3201 huic
1662 3139 1895 3201 crimini
1938 3141 2233 3217 putabunt

189 3222 349 3294 rore,
394 3224 499 3297 qui
538 3240 658 3283 non
702 3225 882 3284 modo
913 3226 1146 3286 Romae
1177 3240 1300 3285 non
1330 3223 1469 3297 ruit,
1516 3225 1629 3283 sed
1658 3222 1904 3285 omnino
1936 3223 2088 3298 quid
2113 3223 2231 3281 Ro·

188 3319 322 3363 mae
351 3312 630 3379 ageretur
661 3306 935 3381 nescivit,
967 3316 1294 3383 propterea
1321 3306 1487 3382 quod
1513 3305 1640 3367 ruri
1668 3304 1986 3377 adsiduuS‚
2024 3320 2222 3381 quern·

187 3385 515 3448 admodum
557 3396 678 3450 tute
721 3390 1059 3463 confiteris,
1107 3389 1262 3451 fuit?
1328 3388 1430 3453 82.
1505 3390 1737 3452 Vereor
1786 3404 1865 3449 ne
1908 3396 2011 3449 aut
2049 3388 2228 3447 mole-
