2459 3817
0 0 2412 46 —

448 206 611 266 CAP.
658 213 925 268 53—56.
967 211 1019 272 s.
1067 213 1397 266 119—124.
1815 193 1936 264 109

0 375 22 420 ι·
48 359 345 419 vidcatur.
404 356 613 431 Pugna
642 361 772 416 erat
802 356 1103 430 equestris
1127 355 1454 430 Agathocli
1481 354 1646 430 regis
1677 354 1736 414 in
1767 356 1940 416 tabu-

0 443 176 516 oicta=
206 441 303 500 his
334 447 535 499 autem
570 439 789 498 tabulis
818 436 1137 498 interiores
1171 438 1376 514 templi
1412 437 1676 512 parietes
1717 440 1942 498 vestie-

4 534 113 586 tur.
169 519 329 582 Nihil
362 531 491 582 erat
519 537 593 580 ea
622 521 859 596 pictura
898 519 1191 594 nobilius,
1236 519 1383 580 nihil
1414 520 1742 596 Syracusis
1776 521 1945 596 quod

0 607 71 682 gis
104 605 428 666 visendum
456 611 786 679 putaretur.
848 603 977 663 Has
1000 604 1240 662 tabulas
1280 604 1362 662 M.
1391 603 1736 673 Marcellus,
1759 619 1945 678 quum

0 689 83 748 iia
111 688 369 748 victoria
395 688 499 747 illa
528 703 642 747 s-ua
670 687 930 760 profana
958 685 1240 759 fecisset,
1285 695 1485 746 tamen
1514 686 1809 760 religione
1837 686 1944 744 im·

0 773 125 832 ‚itus
166 786 288 829 non
319 769 539 844 attigit:
586 768 732 840 iste,
777 784 964 843 quum
1004 767 1108 826 illa
1150 769 1272 828 iam
1309 777 1561 844 propter
1603 770 1948 829 diuturnam

0 870 94 914 em
134 854 613 926 fidelitatemque
656 851 865 926 populi
900 850 1276 926 Syracusani
1319 867 1497 910 sacra
1536 851 1949 926 religiosaque

0 938 253 1012 episset,
308 950 522 996 omnes
570 949 679 994 eas
718 935 958 993 tabulas
998 933 1276 994 abstulit=
1345 933 1640 1008 parietes,
1691 949 1950 1008 quorum

0 1027 133 1080 atus
160 1026 251 1079 tot
272 1019 521 1078 saecula
548 1019 916 1088 manserant,
944 1023 1035 1076 tot
1063 1017 1225 1076 bella
1253 1016 1612 1090 effugerant,
1639 1017 1842 1076 nudos
1873 1029 1950 1073 ac

0 1109 257 1161 armato-s
300 1100 564 1174 reliquit.
626 1098 768 1160 123.
823 1099 901 1158 Et
924 1099 1284 1172 Marcellus,
1355 1098 1459 1173 qui
1514 1099 1567 1158 si
1609 1098 1952 1176 Syracusas

0 1183 182 1254 isset,
216 1185 340 1242 duo
370 1183 597 1255 templa
630 1197 701 1241 se
731 1183 965 1241 Romae
995 1182 1420 1242 dedicaturum
1461 1189 1742 1252 voverat,
1787 1180 1842 1240 is
1871 1179 1954 1252 id,

0 1267 57 1322 »d
90 1273 221 1324 erat
247 1263 681 1324 aedificaturus
700 1309 717 1336 ,
765 1263 843 1322 iis
874 1265 1061 1323 rebus
1096 1279 1334 1336 ornare,
1367 1279 1523 1338 quas
1553 1272 1816 1338 ceperat,
1844 1279 1952 1322 no-

8 1369 23 1400 :
64 1349 315 1418 Verres,
346 1343 451 1420 qui
474 1361 596 1405 non
622 1345 855 1404 Honori
884 1362 1085 1419 neque
1113 1347 1356 1420 Virtuti,
1389 1363 1570 1420 quem
1598 1348 1678 1406 ad
1707 1345 1955 1406 modum

0 1473 17 1502 ,
50 1430 165 1488 sed
191 1429 420 1488 Veneri
448 1436 511 1489 et
540 1428 821 1502 Cupidini
864 1439 1007 1489 vota
1042 1430 1324 1503 deberet,
1368 1429 1424 1488 is
1454 1430 1766 1490 Minervae
1805 1435 1956 1487 tem-

0 1527 51 1570 m
82 1512 351 1585 spoliare
383 1519 639 1571 conatus
684 1519 795 1570 est.
852 1512 960 1572 Ille
990 1513 1143 1572 deos
1189 1515 1446 1573 deorum
1488 1513 1705 1588 spoliis
1751 1510 1956 1572 ornari

0 1595 103 1654 uit:
132 1594 232 1654 hic
258 1602 612 1655 ornamenta
638 1594 951 1655 Minervae
991 1595 1248 1670 virginis
1291 1595 1353 1654 in
1399 1594 1800 1655 meretriciam
1843 1595 1952 1653 do·

0 1693 43 1736 11
74 1677 391 1738 transtulit.
446 1674 668 1748 Viginti
700 1681 763 1734 et
790 1683 1027 1750 septem
1055 1687 1377 1751 praeterea
1401 1679 1642 1737 tabulas
1671 1677 1954 1750 pulcher·

0 1775 31 1819 e
58 1759 256 1834 pictas
286 1776 367 1820 ex
405 1761 621 1819 eadem
654 1761 809 1818 aede
844 1760 1118 1820 sustulit:
1162 1761 1224 1818 in
1269 1760 1493 1832 quibus
1535 1767 1708 1818 erant
1745 1758 1954 1830 imagi-

18 1842 263 1902 Siciliae
288 1857 503 1916 regum
534 1858 609 1900 ac
638 1851 1054 1916 tyrannorum,
1088 1857 1248 1915 quae
1275 1857 1399 1899 non
1425 1843 1620 1899 solum
1653 1840 1956 1914 pictorum

0 1925 137 1984 ficio
166 1925 583 1993 delectabant,
642 1923 757 1982 sed
797 1923 977 1983 etiam
1024 1923 1600 1982 commemoratione
1645 1922 1954 1982 hominum

0 2005 337 2079 cognitione
381 2007 730 2065 formarum.
787 2007 881 2063 Ac
925 2003 1127 2066 videte
1168 2013 1398 2080 quanto
1445 2005 1692 2065 tae-trior
1733 2006 1832 2065 liic
1860 2013 1955 2080 ty·

0 2105 114 2147 nus
128 2086 540 2163 Syracusanis
564 2085 741 2146 fuerit
768 2103 949 2160 quam
976 2088 1302 2163 quisquam
1327 2089 1738 2163 superiorum,
1767 2105 1955 2163 quum

11 2178 213 2230 tamen
258 2168 529 2229 ornarint
568 2170 796 2244 templa
832 2172 1087 2230 deorum
1127 2170 1582 2244 immortalium,
1629 2171 1728 2232 hic
1775 2171 1956 2231 etiam

0 2271 125 2313 rum
154 2260 546 2312 monumenta
572 2261 759 2328 atque
790 2261 1142 2314 ornamenta
1170 2253 1500 2328 sustulerit.

48 2337 203 2396 LVI.
263 2334 406 2396 124.
472 2335 599 2394 Iam
650 2353 799 2396 vero
851 2337 999 2412 quid
1049 2353 1164 2412 ego
1222 2339 1302 2397 de
1349 2338 1550 2396 valvis
1597 2335 1758 2396 illius
1807 2344 1962 2396 tem-

0 2425 513 2479 commemorem?
570 2420 809 2479 Vereor
836 2436 931 2494 nc,
965 2421 1118 2480 haec
1156 2421 1263 2494 qui
1291 2436 1414 2480 non
1430 2420 1736 2486 viderunt,
1757 2418 1959 2479 omnia

12 2501 191 2560 nimis
220 2518 447 2576 augere
466 2510 653 2576 atque
684 2518 901 2562 ornare
932 2503 1325 2562 arbitrentur:
1359 2505 1528 2576 quod
1549 2511 1749 2562 tamen
1779 2517 1956 2562 nemo

0 2584 191 2658 picari
230 2585 448 2657 debet,
492 2594 615 2643 tam
660 2601 803 2644 esse
834 2601 933 2645 me
967 2585 1255 2660 cupidum
1274 2632 1289 2659 ,
1329 2593 1398 2646 ut
1421 2592 1508 2645 tot
1534 2583 1703 2644 viros
1733 2583 1960 2659 prima-

0 2683 13 2726 ³
55 2668 233 2726 velim
251 2713 267 2739 ,
323 2668 680 2742 praesertim
722 2683 801 2726 ex
845 2667 1113 2729 iudicum
1162 2685 1446 2741 numero,
1491 2666 1596 2745 qui
1627 2667 1957 2744 Syracusis

0 2748 139 2826 rint,
175 2749 281 2824 qui
308 2750 464 2812 haec
494 2749 785 2824 viderint,
828 2767 971 2812 esse
1000 2749 1320 2812 temeritati
1349 2759 1410 2811 et
1453 2751 1774 2812 mendacio
1818 2766 1954 2811 meo

0 2831 197 2892 scios.
266 2833 635 2893 confirmare
664 2833 785 2892 hoc
814 2832 1079 2909 liquido,
1122 2833 1390 2907 iudiceS,
1425 2849 1712 2908 possum,
1746 2836 1957 2894 valvas

0 2914 477 2990 gnificentiores,
494 2931 573 2974 ex
596 2931 749 2976 auro
773 2921 961 2991 atque
974 2917 1161 2977 ebore
1184 2917 1608 2992 perfectiores,
1623 2921 1824 2980 nullas
1839 2937 1966 2978 um-

0 3015 79 3057 tm
114 2999 176 3058 in
207 2999 333 3057 ullo
357 2999 589 3072 templo
613 2997 827 3060 fuisse.
875 2999 1238 3059 Incredibile
1271 3001 1440 3062 dictu
1469 3010 1566 3062 est
1589 3019 1772 3076 quarn
1793 2999 1964 3064 multi

0 3096 106 3140 teci
132 3090 447 3144 denarum
476 3091 789 3146 valvarum
832 3088 1238 3162 pulcritudine
1267 3092 1560 3168 scriptum
1587 3097 1962 3170 reliquerint.

0 3163 151 3224 iium
193 3166 447 3228 forsitan
474 3169 629 3229 haec
658 3169 745 3229 illi
774 3171 1063 3233 mirentur
1088 3181 1274 3250 atque
1307 3175 1579 3239 efferant.
1637 3180 1817 3238 Esto=
1857 3193 1963 3238 ve-

0 3265 23 3306 i
60 3256 262 3309 tamen
307 3251 624 3314 honestius
670 3262 767 3315 est
802 3255 893 3316 rei
920 3257 1204 3332 publicae
1235 3269 1511 3333 nostrae,
1554 3260 1824 3334 iudiceS,
1867 3276 1961 3336 ea,

0 3348 51 3391 te
100 3332 220 3392 illis
266 3336 479 3407 pulcra
520 3352 663 3397 esse
703 3337 1053 3416 videantur,
1096 3340 1524 3415 imperatorem
1575 3351 1850 3403 nostrum
1895 3343 1955 3404 in

0 3415 51 3475 lo
73 3415 401 3492 reliquisse
426 3424 606 3494 quam
628 3430 972 3496 praetorem
994 3425 1053 3484 in
1076 3441 1231 3498 pace
1255 3425 1603 3486 abstulisse.
1649 3425 1743 3484 Ex
1771 3429 1959 3489 ebore
