2459 3817
678 121 844 183 CAP.
879 130 944 183 51
961 131 1143 184 ·-·53.
1187 130 1240 189 s.
1277 131 1466 185 109—-
1492 131 1608 187 114.
1636 184 1645 191 ,
1878 144 1884 147 ·
2091 120 2174 187 85

114 281 221 335 est
252 280 485 348 actum,
517 282 698 349 capta
726 274 877 335 urbe
907 266 1090 348 atque
1121 289 1457 349 oppressa,
1490 273 1775 346 Gellium,
1806 269 2173 345 Firmidium,

111 355 337 419 Titium
353 403 369 430 ,
403 358 675 417 eiusdem
707 353 872 415 modi
897 356 1082 416 furias
1098 356 1215 417 illis
1230 355 1665 416 mercennariis
1680 357 1971 431 gregibus
1985 356 2178 416 duces

118 447 181 499 et
210 448 493 501 auctores
527 438 749 510 fuisse,
796 455 980 514 quum
1020 439 1157 514 ipse
1188 440 1343 500 lator
1381 440 1527 500 nihil
1568 441 1645 500 ab
1679 441 1895 501 horum
1926 438 2177 513 turpitu-

119 521 300 595 dine,
347 520 636 596 audacia,
679 520 965 582 sordibus
999 522 1371 583 abhorreret.
1441 525 1523 583 At
1560 540 1745 599 quum
1777 522 1854 581 de
1886 520 2177 599 dignitate

115 620 262 665 mea
289 604 620 678 ferebatur,
663 621 843 665 nemo
884 604 1001 666 sibi
1033 621 1147 665 nec
1175 605 1541 668 valetudinis
1574 604 2032 666 excusationem
2060 620 2176 665 nec

117 688 453 769 senectutis
471 689 624 750 satis
639 690 860 752 iustam
871 691 1055 749 ullam
1068 692 1336 763 putavit:
1369 705 1546 749 nemo
1561 688 1671 748 suit
1695 688 1884 763 quise
1900 702 2026 749 non
2047 704 2176 747 rem

115 769 424 845 publicam
457 786 691 831 mecum
721 770 898 831 simul
926 786 1219 831 revocare
1252 772 1314 830 in
1344 788 1489 832 suas
1522 770 1705 832 sedes
1739 770 2144 833 arbitraretur.
2221 826 2228 833 .

289 852 435 913 LIII.
482 850 622 915 113.
675 852 1008 915 Videamus
1037 870 1197 915 nunc
1225 854 1467 915 comitia
1500 854 1977 929 magistratuum.
2040 852 2175 913 Fuit

116 936 447 1012 collegium
475 953 670 1012 nuper
693 935 1103 1010 tribunicium,
1132 938 1192 996 in
1228 954 1352 1012 quo
1377 944 1500 997 tres
1526 936 1799 1010 minime,
1851 936 2172 996 vehemen-

116 1029 211 1080 ter
237 1021 360 1080 duo
387 1022 719 1096 populares
750 1019 1266 1081 existimabantur.
1308 1018 1403 1079 Ex
1423 1018 1519 1094 iis,
1551 1021 1657 1096 qui
1691 1020 2021 1095 populares
2050 1036 2174 1079 non

116 1103 526 1175 habebantur,
574 1101 794 1178 quibus
835 1102 897 1161 in
931 1102 1034 1162 illo
1075 1118 1304 1179 genere
1346 1104 1781 1163 conductarum
1825 1101 2174 1163 contionum

119 1184 503 1245 consistendi
533 1192 810 1259 potestas
839 1202 960 1245 non
992 1194 1152 1261 erat,
1203 1187 1327 1246 duo
1362 1202 1399 1245 a
1426 1187 1658 1262 populo
1687 1186 1963 1246 Romano
1994 1200 2173 1259 prae·

120 1276 289 1327 tores
329 1266 510 1327 video
553 1284 694 1329 esse
740 1270 966 1329 factost
1020 1279 1111 1343 et,
1163 1277 1456 1345 quantum
1496 1267 1878 1330 sermonibus
1920 1266 2086 1342 vulgi
2115 1277 2175 1328 et

123 1350 432 1427 suffragiis
461 1350 796 1428 intelligere
837 1352 1039 1428 potui,
1077 1370 1225 1431 prae
1262 1370 1331 1413 se
1376 1352 1645 1428 populus
1673 1353 1985 1413 Romanus
2014 1351 2171 1411 fere·

121 1436 228 1496 bat
264 1432 381 1495 sibi
422 1432 587 1493 illum
630 1435 690 1495 in
729 1434 1036 1497 tribunatu
1071 1436 1176 1501 Cn.
1203 1436 1448 1497 Domitii
1482 1436 1746 1496 animum
1790 1439 2171 1496 constantem

121 1526 184 1579 et
214 1516 524 1593 egregium
552 1524 614 1578 et
647 1518 715 1591 Q.
744 1517 1033 1579 Ancharii
1075 1520 1259 1580 fidem
1303 1536 1377 1579 ac
1414 1518 1852 1592 fortitudinem,
1894 1516 2074 1578 etiam
2117 1514 2171 1577 si

121 1600 270 1661 nihil
298 1617 482 1677 agere
513 1601 889 1677 potuissent,
933 1610 1132 1663 tamen
1166 1604 1476 1664 voluntate
1511 1602 1649 1678 ipsa
1686 1609 1920 1677 gratum
1959 1598 2170 1661 luisse.

120 1686 248 1744 Iam
278 1684 356 1745 de
386 1684 448 1743 C.
476 1683 707 1744 Fannio
739 1701 901 1759 quae
934 1686 1012 1745 sit
1042 1685 1407 1746 existimatio
1453 1687 1762 1744 videmus=
1810 1684 1979 1758 quod
2016 1680 2171 1741 iudi·

122 1765 281 1827 cium
313 1765 524 1842 populi
563 1766 822 1827 Romani
865 1766 926 1825 in
969 1768 1307 1829 honoribus
1356 1766 1491 1827 eius
1535 1768 1799 1827 futurum
1841 1764 1921 1825 sit
1950 1762 2171 1823 nemini

122 1848 371 1909 dubium
408 1864 550 1909 esse
579 1848 778 1910 debet.
823 1847 965 1911 114.
1003 1850 1202 1923 Quid?
1230 1849 1560 1924 populares
1593 1848 1678 1907 illi
1711 1850 1832 1907 duo
1860 1845 2007 1921 quid
2030 1860 2169 1919 ege-

121 1940 300 1993 runt?
351 1932 552 2002 Alter,
587 1928 692 2006 qui
724 1939 921 1995 tamen
953 1948 1021 1991 se
1051 1932 1459 2005 continuerat,
1504 1932 1723 1992 tulerat
1750 1928 1928 2003 nihil,
1956 1944 2169 1988 sense·

120 2023 219 2091 rat
247 2022 472 2075 tantum
507 2014 584 2073 de
617 2030 685 2073 re
717 2013 962 2089 publica
989 2014 1153 2077 aliud
1181 2023 1367 2089 atque
1396 2014 1677 2074 homines
1709 2011 2170 2088 exspectabant,

126 2096 218 2157 vir
260 2105 322 2159 et
359 2098 560 2158 bonus
603 2106 664 2157 et
703 2096 997 2159 innocens
1041 2108 1102 2159 et
1155 2096 1337 2159 bonis
1383 2096 1530 2158 viris
1572 2112 1817 2172 semper
1856 2093 2167 2169 probatus,

125 2181 293 2256 quod
339 2196 553 2256 parum
605 2180 891 2241 videlicet
929 2180 1224 2243 intellexit
1258 2180 1319 2240 in
1355 2178 1661 2242 tribunatu
1704 2179 1849 2254 quid
1880 2192 2027 2237 vero
2059 2194 2169 2253 po-

123 2266 268 2342 pulo
308 2264 697 2340 probaretur,
760 2272 824 2325 et
867 2264 1032 2339 quod
1070 2265 1236 2325 illum
1280 2280 1423 2325 esse
1470 2263 1763 2341 populum
1812 2263 2171 2332 Romanum,

126 2346 322 2423 quiin
353 2346 638 2408 contione
692 2355 850 2419 erat,
892 2347 1321 2420 arbitrabatur,
1366 2364 1489 2408 non
1532 2344 1724 2408 tenuit
1767 2360 1906 2406 eum
1947 2344 2169 2415 locum,

125 2431 183 2490 in
209 2446 417 2505 quem,
443 2429 562 2491 nisi
588 2427 910 2507 popularis
932 2446 1076 2491 esse
1101 2428 1429 2503 voluisset,
1460 2429 1742 2490 facillime
1764 2426 2169 2503 pervenisset.

124 2515 320 2587 Alter,
352 2513 455 2589 qui
482 2511 566 2573 ita
589 2530 659 2574 se
686 2513 745 2573 in
777 2512 1058 2589 populari
1081 2512 1317 2573 ratione
1344 2512 1625 2585 iactarat,
1656 2521 1723 2572 ut
1742 2507 2051 2584 auspicia,
2086 2510 2171 2567 le·-

126 2612 259 2671 gem
287 2596 554 2669 Aeliam,
584 2604 832 2657 senatus
866 2594 1309 2670 auctoritatem,
1345 2596 1694 2668 consulem,
1730 2594 2032 2666 collegas,
2065 2589 2172 2649 bo·

129 2694 338 2747 norum
373 2678 660 2740 iudicium
685 2676 855 2740 nihili
875 2687 1138 2754 putaret,
1180 2678 1543 2740 aedilitatem
1584 2675 1798 2753 petivit
1826 2690 1961 2734 cum
1990 2672 2171 2732 bonis

129 2760 272 2823 viris
307 2770 368 2821 et
394 2761 744 2824 hominibus
774 2762 1017 2837 primis,
1061 2762 1174 2823 sed
1205 2778 1328 2823 non
1366 2756 1910 2837 praestantissimis
1945 2754 2169 2831 opibus

129 2851 190 2903 et
213 2842 436 2918 gratias
487 2844 701 2904 tribum
747 2861 922 2905 suam
965 2861 1087 2911 non
1129 2842 1292 2919 tulit,
1338 2842 1668 2903 Palatinam
1710 2839 2007 2913 denique,
2059 2853 2171 2912 per

132 2942 306 3000 quam
339 2942 553 2989 omnes
597 2925 737 2987 illae
781 2933 994 3001 pestes
1039 2942 1265 2986 vexare
1304 2942 1433 2986 rem
1461 2924 1766 3002 publicam
1796 2921 2171 2991 dicebantur,

132 3008 418 3085 perdidit:
470 3024 586 3069 nec
627 3006 960 3085 quidquam
989 3006 1107 3068 illis
1139 3007 1399 3069 comitiis
1433 3008 1601 3084 quod
1626 3005 1775 3068 boni
1806 3003 1921 3066 viri
1948 3004 2176 3063 vellent

129 3090 243 3151 nisi
270 3092 579 3166 repulsam
608 3090 758 3153 tulit.
815 3090 1056 3151 Videtis
1086 3089 1267 3165 igitur
1295 3092 1587 3167 populum
1620 3091 1852 3166 ipsum,
1878 3092 1947 3147 ut
1973 3087 2057 3146 ita
2081 3085 2171 3179 di:

131 3190 290 3246 cam,
320 3174 439 3233 iam
467 3190 590 3235 non
619 3190 761 3236 esse
790 3174 1180 3251 popularem,
1215 3174 1322 3249 qui
1360 3174 1444 3235 ita
1470 3173 1862 3235 vehementer
1894 3184 2035 3239 eoS,
2067 3182 2173 3239 qm

133 3257 458 3333 populares
490 3257 818 3329 habentur,
858 3264 1141 3333 respuat,
1190 3273 1303 3317 eos
1332 3265 1563 3330 autem,
1609 3256 1713 3334 qui
1743 3256 1801 3316 ei
1829 3248 2037 3331 generi
2064 3248 2170 3308 ad·

133 3345 472 3407 versantur,
495 3338 730 3400 honore
759 3338 1151 3416 dignissimos
1181 3338 1425 3401 iudicet.
