2459 3817
237 134 320 202 68
836 134 986 198 PRO
1013 135 1076 196 Ρ.
1106 133 1373 197 SESTIO
1405 131 1708 196 ORATIO.

234 304 395 366 quae
420 285 574 348 ratio
604 295 709 350 aut
740 285 985 348 flandae
1013 293 1117 348 aut
1144 283 1510 348 conflandae
1545 283 1842 360 pecuniae
1871 297 1995 345 non
2027 281 2294 359 reperie-

231 375 452 434 batur?
512 389 670 446 quae
719 371 889 446 regio
940 387 1127 431 orave
1165 378 1462 430 terrarum
1509 377 1639 428 erat
1679 368 1854 430 latior
1897 367 1960 427 in
2009 383 2134 440 qua
2172 382 2298 427 non

229 472 485 532 regnum
506 455 757 530 aliquod
788 461 1191 516 statueretur?
1214 453 1354 528 quis
1375 460 1574 512 autem
1600 468 1712 512 rex
1733 459 1862 512 erat
1885 449 1989 525 qui
2009 449 2114 510 illo
2134 465 2302 510 armo

233 556 357 600 non
399 545 503 598 aut
542 539 868 598 emendum
915 535 1032 597 sibi
1065 537 1233 611 quod
1274 552 1398 596 non
1441 534 1704 595 habebat
1741 540 1850 595 aut
1878 531 2304 594 redimendum

236 621 403 696 quod
429 619 693 682 habebat
714 621 1145 682 arbitraretur?
1176 617 1316 693 quis
1344 617 1752 693 provinciam,
1790 616 1930 692 quis
1959 616 2306 690 pecuniam,

235 704 377 781 quis
405 702 770 777 legationem
800 720 837 764 a
860 711 1076 764 senatu
1112 703 1398 777 petebat?
1443 701 1753 761 Damnatis
1783 701 1864 760 de
1891 700 1953 758 vi
1979 697 2303 773 restitutio,

236 787 590 848 consulatus
630 787 839 862 petitio
870 785 992 861 ipsi
1030 785 1117 846 illi
1156 784 1440 859 populari
1480 783 1788 845 sacerdoti
1815 782 2304 856 comparabatur.

235 872 401 930 Haec
447 871 769 944 gemebant
812 870 987 941 boni,
1045 869 1377 943 sperabant
1417 865 1708 942 improbi,
1759 865 1980 980 agebat
2023 864 2303 926 tribunus

236 954 466 1030 plebIS,
502 956 787 1014 consules
823 952 1209 1013 adiuvabant.
1481 985 1485 990 ,

400 1036 609 1096 XXXI.
639 1035 741 1098 67.
786 1035 929 1108 Hic,
970 1036 1286 1132 aliquanto
1317 1031 1514 1094 setius
1550 1047 1730 1107 quam
1770 1030 1908 1106 ipse
1935 1033 2148 1102 vellet,
2196 1031 2304 1090 Cn.

236 1118 595 1194 Pompeiae,
641 1117 1023 1179 invitissimis
1054 1116 1162 1191 iis,
1213 1114 1321 1191 qui
1348 1122 1610 1176 mentem
1644 1114 1854 1190 optimi
1885 1131 1958 1175 ac
1989 1113 2305 1175 fortissimi

234 1203 349 1263 viri
385 1202 515 1264 suis
546 1200 820 1263 consiliis
859 1201 1147 1276 fictisque
1171 1198 1508 1260 terroribus
1536 1215 1575 1258 a
1607 1197 1967 1258 defensione
2001 1211 2173 1257 meae
2203 1213 2305 1257 sa·

236 1286 379 1346 lutis
403 1291 774 1357 averterant,
802 1284 1088 1345 excitavit
1110 1282 1274 1343 illam
1299 1298 1473 1342 suam
1496 1296 1617 1341 non
1639 1281 1930 1355 sopitam,
1965 1281 2078 1340 sed
2098 1278 2305 1354 >suspi-

235 1369 405 1427 tione
472 1367 681 1442 aliqua
727 1367 1091 1428 retardatam
1140 1365 1646 1426 consuetudinem
1693 1365 1782 1423 rei
1825 1361 2106 1439 publicae
2145 1363 2310 1423 bene

238 1450 567 1525 gerendae.
627 1450 761 1511 Non
792 1457 887 1510 est
914 1465 1141 1524 passus
1160 1447 1265 1509 ille
1292 1448 1412 1521 vir,
1449 1447 1557 1522 qui
1579 1446 2088 1508 sceleratissimos
2117 1445 2310 1520 cives,

242 1531 348 1606 qui
376 1531 709 1594 acerrimos
740 1531 985 1603 hosteS,
1033 1532 1137 1607 qui
1164 1530 1462 1592 maximas
1492 1531 1800 1604 nationes,
1831 1531 1942 1605 qui·
1961 1545 2173 1603 regeS,
2203 1527 2312 1603 qui

239 1620 453 1689 gentes
488 1615 651 1677 feras
696 1623 881 1690 atque
920 1613 1259 1689 inauditaS,
1314 1612 1419 1689 qui
1458 1614 1836 1688 praedonum
1864 1611 2157 1674 infinitam
2183 1627 2310 1672 ma-

240 1715 415 1770 num,
470 1697 575 1774 qui
610 1698 791 1760 etiam
827 1697 1081 1759 'servitia
1123 1696 1340 1759 virtute
1380 1696 1762 1772 victoriaque
1789 1695 2156 1767 domuisset,
2205 1692 2312 1769 qui

244 1743 530 1842 omni’bus
570 1782 748 1844 bellis
794 1791 955 1843 terra
996 1780 1272 1856 marique
1316 1780 1690 1855 compressis
1735 1778 2054 1854 imperium
2095 1775 2311 1852 populi

241 1864 503 1926 Romani
554 1865 722 1926 orbis
770 1873 1065 1926 terrarum
1105 1862 1378 1926 terminis
1428 1861 1772 1934 definisset,
1825 1877 1954 1922 rem
2003 1859 2313 1936 publicam

244 1947 436 2010 everti
464 1950 697 2009 scelere
718 1965 1081 2024 paucorum,
1114 1965 1298 2022 quam
1321 1947 1459 2022 ipse
1488 1961 1610 2007 non
1635 1947 1834 2008 solum
1857 1923 2162 2018 consiliis,
2199 1943 2314 2005 sed

245 2031 425 2090 etiam
456 2031 753 2105 sanguine
778 2048 895 2092 suo
924 2045 1113 2104 saepe
1143 2037 1484 2092 servasset·
1518 2028 1784 2090 accessit
1809 2028 1888 2088 ad
1918 2042 2168 2088 causam
2199 2041 2312 2102 pu·

244 2113 493 2172 blicam·
481 2153 494 2166 .
548 2113 767 2174 restitit
808 2114 1163 2173 auctoritate
1205 2130 1319 2175 sua
1357 2111 1611 2188 reliquis
1653 2113 1870 2172 rebus2
1931 2117 2187 2185 questus
2219 2115 2315 2171 est

246 2195 325 2256 de
364 2194 725 2270 praeteritis.
796 2194 955 2255 Fieri
999 2195 1303 2270 quaedam
1333 2197 1414 2256 ad
1447 2195 1758 2255 meliorem
1789 2209 1964 2269 spem
2005 2189 2314 2253 inclinatio

244 2277 384 2338 visa
422 2286 536 2339 est.
616 2277 720 2338 68.
758 2279 1040 2339 Decrevit
1070 2287 1321 2339 senatus
1355 2279 1647 2353 frequens
1687 2278 1768 2338 de
1799 2293 1938 2338 meo
1965 2275 2166 2337 reditu
2192 2275 2314 2335 Ka-

246 2358 449 2420 lendis
474 2358 697 2433 Iuniis,
742 2359 1137 2422 dissentiente
1176 2364 1376 2434 nullo,
1419 2361 1722 2422 referente
1749 2361 1816 2420 L.
1842 2359 2093 2433 Ninnio,
2137 2357 2312 2419 cuius

246 2441 307 2502 in
355 2457 491 2502 mea
531 2459 720 2503 causa
760 2459 1091 2520 numquam
1129 2445 1288 2506 fides
1320 2443 1637 2518 virtusque
1667 2442 2043 2512 contremuit.
2126 2443 2313 2502 Inter-

248 2524 437 2586 cessit
464 2525 650 2600 Ligus
679 2525 795 2586 iste
824 2527 1037 2588 nescio
1069 2527 1203 2603 qui,
1238 2527 1712 2588 additamentum
1742 2525 2120 2587 inimicorum
2147 2537 2315 2584 meo·

248 2625 403 2668 rum.
456 2609 581 2669 Res
611 2618 739 2670 erat
766 2618 827 2671 et
854 2627 1045 2671 causa
1066 2618 1278 2671 nostra
1307 2627 1382 2670 eo
1411 2608 1530 2670 iam
1556 2609 1710 2682 loci,
1741 2619 1808 2671 ut
1835 2610 2070 2684 erigere
2099 2609 2318 2668 oculos

250 2699 313 2752 et
354 2690 561 2752 vivere
602 2691 926 2754 videretur.
1011 2693 1304 2768 Quisquis
1345 2701 1502 2766 erat,
1547 2692 1650 2768 qui
1681 2692 1948 2768 aliquam
1990 2699 2222 2766 partem
2253 2687 2321 2749 in

240 2789 388 2834 meo
434 2776 596 2836 luctu
637 2777 889 2837 sceleris
924 2776 1198 2838 Clodiani
1225 2775 1555 2851 attigisset,
1616 2789 2009 2851 quocumque
2047 2779 2321 2846 venerat,

252 2857 421 2932 quod
450 2856 739 2919 iudicium
774 2876 1035 2934 cumque
1071 2861 1367 2930 subierat,
1415 2860 1846 2919 damnabatur=
1896 2857 2324 2919 inveniebatur

248 2955 433 3001 nemo
476 2941 580 3014 qui
622 2959 692 3002 se
722 2939 1078 3017 suffragium
1106 2945 1185 3003 de
1219 2959 1317 3004 me
1356 2942 1573 3004 tulisse
1601 2942 2007 3003 confiteretur.
2089 2941 2320 3000 Deces-

253 3030 418 3084 serat
444 3039 523 3084 ex
550 3023 703 3085 Asia
734 3027 917 3087 frater
943 3042 1117 3088 meus
1153 3041 1372 3100 magno
1403 3027 1722 3100 squalore,
1769 3026 1885 3086 sed
1915 3024 2103 3084 multo
2135 3021 2322 3083 etiam

252 3106 481 3166 maiore
506 3123 802 3169 maerore.
864 3109 1020 3168 Huic
1048 3110 1127 3168 ad
1150 3109 1362 3168 urbem
1383 3106 1647 3169 venienti
1676 3115 1802 3170 tota
1827 3105 2070 3168 obviam
2099 3103 2322 3166 civitas

251 3205 392 3249 cum
443 3189 707 3250 lacrimis
760 3188 1111 3264 gemituque
1167 3198 1587 3265 processeram
1644 3191 2011 3264 loquebatur
2063 3186 2322 3249 liberius

252 3281 503 3333 senatus
521 3293 535 3327 ε
566 3274 1008 3334 concurrebant
1028 3272 1267 3349 equites
1290 3274 1578 3335 Romania
1601 3271 1744 3334 Piso
1766 3272 1888 3348 ille,
1910 3286 2102 3348 gener
2120 3285 2318 3342 meus,

253 3353 352 3412 cui
374 3355 630 3416 fructum
648 3353 891 3430 pietatis
914 3371 1065 3421 suae
1083 3371 1285 3432 neque
1297 3373 1379 3418 ex
1399 3373 1498 3419 me
1517 3372 1722 3432 neque
1741 3373 1778 3417 a
1791 3355 2024 3432 populo
2037 3355 2320 3416 Romano
