2459 3817
227 105 313 172 66
826 113 977 178 PRO
1010 117 1073 176 P.
1112 115 1380 177 SESTIO
1419 113 1718 178 ORATIO.

229 265 376 344 quid
407 267 759 344 magnitudo
790 266 1002 342 animi,
1046 269 1194 344 quid
1223 267 1488 344 denique
1523 266 1714 330 virtus
1743 268 2002 342 valeret,
2047 285 2208 345 quae
2237 271 2300 332 in

228 360 587 427 tempestate
618 368 807 413 saeva
839 351 1046 427 quieta
1073 361 1169 413 est
1196 361 1258 412 et
1285 354 1448 414 lucet
1471 352 1534 412 in
1565 352 1835 412 tenebris
1863 362 1924 414 et
1953 355 2134 428 pulsa
2155 355 2302 416 loco

225 445 429 505 manet
474 444 675 496 tamen
722 443 909 510 atque
956 435 1165 496 haeret
1205 435 1268 495 in
1314 436 1512 511 patria
1553 436 1959 511 splendetque
2000 453 2113 511 per
2154 453 2305 498 sese

228 535 474 593 semper
502 535 705 593 neque
744 519 960 579 alienis
991 533 1282 594 umquam
1316 519 1602 580 sordibus
1639 519 1990 580 obsolescit.
2047 520 2184 580 Non
2213 519 2304 581 illi

228 603 566 663 ornandum
596 603 677 661 M.
710 601 1028 677 Catonem,
1062 604 1175 663 sed
1203 603 1628 678 relegandum,
1665 618 1779 661 nec
1808 602 1892 662 illi
1922 602 2302 664 committen-

228 686 373 746 dum
414 684 564 745 illud
610 688 954 763 negotium,
1006 686 1120 747 sed
1159 685 1597 760 imponendum
1642 693 2037 761 putaverunt,
2090 687 2196 761 qui
2237 687 2302 747 in

227 768 514 829 contione
546 771 745 844 palam
771 769 1036 831 dixerint
1055 769 1324 844 linguam
1355 785 1424 829 se
1452 769 1741 830 evellisse
1762 769 1844 828 M.
1871 769 2101 842 Catoni,
2139 786 2302 845 quac

228 869 475 929 semper
498 863 708 913 contra
732 853 1248 915 extraordinarias
1272 859 1609 929 potestates
1637 853 1827 913 libera
1855 852 2092 916 fuisset.
2143 853 2301 914 Sen-

227 936 403 1010 tient,
455 944 521 997 ut
549 954 767 1012 spero,
818 936 991 997 brevi
1020 947 1296 1012 tempore
1324 953 1569 997 manere
1599 936 1936 997 libertatem
1969 939 2158 1011 illam,
2207 945 2300 998 at-

230 1036 351 1094 que
382 1019 501 1080 hoc
531 1023 739 1094 etiam,
790 1019 844 1080 si
884 1020 1015 1080 fieri
1056 1020 1353 1096 potuerit,
1400 1037 1543 1081 esse
1583 1019 1907 1092 maiorem,
1957 1021 2126 1096 quod
2158 1037 2302 1080 cum

229 1105 583 1164 consulibus
614 1103 731 1162 illis
753 1103 833 1162 M.
866 1103 1043 1177 Cato,
1078 1104 1258 1166 etiam
1282 1121 1466 1179 quum
1499 1103 1617 1163 iam
1643 1105 2038 1178 desperasset
2064 1102 2300 1177 aliquid

226 1188 580 1248 auctoritate
612 1202 723 1247 sua
754 1187 971 1261 profici
1000 1204 1224 1262 posse,
1257 1196 1456 1248 tamen
1490 1202 1644 1248 voce
1673 1185 1811 1262 ipsa
1839 1203 1911 1246 ac
1941 1189 2154 1247 dolore
2185 1203 2296 1261 pu-

226 1271 463 1343 gnavit,
515 1278 576 1329 et
626 1277 768 1344 post
815 1287 1017 1331 meum
1065 1272 1412 1332 discessum
1457 1270 1534 1331 iis
1563 1269 1848 1330 Pisonem
1891 1270 2096 1331 verbis
2135 1268 2299 1329 flens

225 1368 426 1410 meum
456 1360 516 1412 et
541 1352 631 1413 rei
668 1352 948 1427 publicae
982 1369 1192 1415 casum
1220 1353 1494 1427 vexavit,
1531 1362 1597 1414 ut
1625 1353 1793 1414 illum
1824 1353 2126 1414 hominem
2158 1369 2298 1428 per·

226 1434 590 1494 ditissimum
640 1443 827 1510 atque
877 1436 1471 1512 impudentissimum
1523 1453 1722 1512 paene
1771 1437 1892 1498 iam
1943 1435 2301 1513 provinciae

225 1516 582 1595 poeniteret.
660 1518 926 1579 61.'Cur
964 1520 1145 1594 igitur
1180 1520 1483 1596 rogationi
1525 1521 1770 1595 paruit?
1795 1554 1880 1566 —-
1919 1519 2106 1594 Quasi
2149 1537 2301 1580 vero

224 1603 326 1662 ille
356 1619 476 1662 non
507 1601 569 1662 in
600 1599 751 1663 alias
790 1620 1040 1680 quoque
1070 1603 1274 1680 le‘geS,
1321 1620 1476 1678 quas
1505 1604 1729 1664 iniuste
1759 1613 2007 1678 rogatas
2037 1611 2300 1678 putaret,

225 1684 343 1745 iam
392 1695 534 1748 ante
574 1683 822 1748 iurarit!
925 1689 1058 1749 Non
1090 1688 1270 1749 offert
1299 1703 1368 1748 se
1398 1686 1501 1748 ille
1532 1687 1667 1748 istis
1697 1687 2166 1759 temeritatibuS,
2213 1696 2298 1760 ut,

227 1788 411 1844 quum
440 1771 530 1831 rei
561 1770 841 1846 publicae
870 1771 1017 1831 nihil
1046 1771 1272 1847 prosit,
1322 1786 1391 1831 se
1433 1769 1553 1830 civi
1579 1787 1708 1830 rem
1742 1771 2050 1845 publicam
2077 1770 2298 1846 privet.

225 1853 491 1916 Consule
532 1871 628 1916 me
672 1872 858 1930 quum
902 1865 1071 1917 esset
1106 1855 1462 1931 designatus
1491 1853 1768 1915 tribunus
1804 1855 2033 1929 plebiS,
2085 1853 2300 1915 obtulit

223 1935 284 1996 in
316 1937 641 1998 discrimen
670 1938 854 1998 vitam
886 1955 1090 2000 suarm
1146 1939 1297 2000 dixit
1332 1955 1466 2000 eam
1496 1938 1887 2012 sententiam,
1939 1936 2115 1998 cuius
2145 1937 2296 1996 invi-

227 2021 386 2079 diam
424 2021 640 2095 capitis
675 2021 945 2095 periculo
982 2021 1099 2083 sibi
1142 2023 1575 2098 praestandam
1603 2021 1878 2082 videbat=
1932 2019 2084 2081 dixit
2114 2021 2295 2080 vehe-

226 2111 487 2162 mentem
546 2105 669 2176 egit
718 2105 965 2165 acriter:
1022 2123 1097 2166 ea
1148 2121 1308 2180 quae
1356 2104 1576 2178 sensit,
1627 2121 1775 2180 prae
1821 2121 1892 2164 se
1937 2104 2100 2164 tulit=
2150 2105 2296 2176 dux,

225 2195 465 2257 auctor,
517 2195 688 2246 actor
723 2203 925 2248 rerum
966 2188 1202 2248 illarum
1245 2189 1380 2250 fuit:
1433 2205 1557 2248 non
1591 2204 1713 2262 quo
1747 2186 2083 2264 periculum
2119 2203 2296 2246 suum

226 2285 346 2328 non
388 2268 654 2342 videret,
703 2271 814 2330 sed
856 2270 919 2331 in
962 2279 1125 2332 tanta
1165 2272 1254 2332 rei
1294 2271 1576 2346 publicae
1610 2279 1973 2346 tempestate
2002 2269 2146 2331 nihil
2179 2267 2294 2330 sibi

224 2352 344 2413 nisi
372 2354 449 2412 de
483 2352 712 2427 patriae
742 2352 1034 2428 periculis
1062 2354 1454 2430 cogitandum
1485 2356 1752 2428 putabat.

358 2498 361 2501 ,
390 2437 599 2494 ΧΧΙΧ.
634 2434 737 2495 62.
782 2437 1165 2498 Consecutus
1195 2447 1290 2499 est
1325 2437 1522 2512 ipsius
1551 2437 1910 2499 tribunatus.
1990 2435 2145 2510 Quid
2178 2451 2292 2510 ego

224 2519 304 2579 de
334 2517 625 2592 singulari
654 2520 1068 2594 magnitudine
1102 2520 1288 2581 animi
1317 2521 1450 2582 eius
1481 2537 1554 2581 ac
1593 2523 1671 2581 de
1705 2520 2047 2581 incredibili
2077 2519 2296 2580 virtute

226 2602 471 2661 dicam?
523 2602 887 2664 Meministis
927 2605 1092 2664 illum
1135 2605 1326 2678 diem,
1381 2621 1566 2679 quum
1596 2606 1825 2680 templo
1855 2620 1892 2664 a
1923 2605 2158 2678 collega
2190 2617 2295 2662 oc·

226 2694 481 2758 cupato,
532 2686 710 2746 nobis
754 2687 1036 2748 omnibus
1072 2689 1150 2748 de
1182 2687 1309 2748 vita
1349 2687 1482 2747 eius
1510 2686 1626 2747 viri
1655 2697 1715 2749 et
1745 2687 1898 2748 civis
1927 2686 2295 2758 timentibuS,

224 2767 361 2842 ipse
384 2769 585 2828 animo
603 2772 949 2832 firmissimo
966 2769 1219 2832 venitin
1246 2772 1533 2846 templum
1555 2780 1617 2832 et
1636 2773 1962 2830 clamorem
1986 2769 2296 2830 homiuum

223 2852 608 2925 auctoritate,
644 2853 937 2928 impetum
958 2855 1376 2929 improborum
1408 2853 1626 2914 virtute
1655 2854 1913 2915 sedavit.
1974 2853 2140 2912 Adiit
2169 2863 2296 2912 tum

224 2935 592 3009 periculum,
626 2938 737 2998 sed
768 2938 913 2997 adiit
940 2939 1019 2999 ob
1051 2955 1185 2998 eam
1215 2953 1498 3012 causam,
1528 2953 1688 3011 quae
1713 2946 1940 3012 quanta
1969 2935 2148 2996 fuerit
2175 2936 2296 2994 iam

224 3017 367 3076 milii
411 3019 614 3080 dicere
658 3036 779 3079 non
818 3029 917 3082 est
950 3037 1231 3081 necesse.
1317 3023 1397 3080 At
1442 3020 1496 3079 si
1536 3018 1638 3081 isti
1679 3019 1941 3098 Cypriae
1990 3017 2296 3092 rogationi

224 3102 735 3163 sceleratissimae
770 3120 892 3162 non
924 3104 1260 3178 paruisset,
1311 3103 1590 3163 haereret
1621 3103 1722 3163 illa
1755 3103 1940 3163 nihilo
1974 3101 2174 3160 minus
2203 3099 2295 3160 rei

219 3185 507 3259 publicae
534 3187 876 3259 turpitudm
911 3202 1101 3260 regno
1129 3188 1287 3246 enim
1316 3184 1431 3245 iam
1465 3185 1768 3261 publicato
1794 3187 1872 3245 de
1901 3185 2040 3260 ipso
2067 3185 2294 3244 Catone

222 3275 355 3326 erat
385 3267 735 3328 nominatim
763 3276 1059 3340 rogatum.
1118 3269 1292 3342 Quod
1324 3268 1426 3330 ille
1453 3268 1507 3329 si
1534 3269 1956 3344 repudiasset,
2005 3266 2295 3327 dubitatis

226 3348 372 3420 quin
422 3349 482 3409 ei
522 3349 619 3409 vis
663 3358 831 3410 esset
872 3351 1104 3427 adlata,
1154 3369 1340 3427 quum
1383 3351 1584 3413 omnia
1629 3360 1766 3412 acta
1803 3350 1968 3412 illius
1997 3349 2140 3410 anni
2180 3363 2294 3425 per
