2459 3817
796 206 969 270 CAP-
1012 215 1253 271 ⁵1—53.
1297 214 1350 276 §-
1396 212 1707 269 133—139.
2168 200 2291 267 165

218 387 401 452 capta
430 374 837 449 praedonum,
860 372 1292 450 archipiratam
1316 372 1394 431 ab
1419 370 1616 433 oculis
1641 370 1908 431 omnium
1939 369 2287 431 removistiz

215 467 299 530 tu,
333 458 439 533 qui
472 458 641 518 cives
664 456 927 518 Romani
956 472 1101 517 esse
1122 457 1496 527 dicerentur,
1529 455 1632 529 qui
1663 470 1699 513 a
1721 454 1924 515 multis
1951 470 2288 530 eognosce-

215 549 445 621 rentur,
465 542 671 603 securi
698 540 884 601 ferire
910 540 1195 616 potuisti:
1220 546 1291 601 tu
1313 547 1479 600 tuam
1501 539 1750 599 domum
1771 538 2004 613 piratas
2025 538 2288 599 abduce-

213 642 314 696 re,
358 634 424 686 tu
464 625 527 685 in
564 624 855 687 iudicium
882 624 1314 701 archipiratam
1357 623 1543 683 domo
1584 622 1934 697 producere
1963 637 2156 682 ausus
2185 636 2285 682 es·

214 710 351 773 137.
380 723 445 773 tu
476 710 536 771 in
566 710 887 787 provincia
915 720 1035 773 tam
1067 712 1410 787 splendida,
1433 712 1600 785 apud
1621 711 1828 773 socios
1858 711 2272 784 fidelissimo&

214 794 381 855 cives
408 796 721 857 Romanos
748 793 1254 868 honestissimos,
1295 794 1356 854 in
1402 804 1566 855 metu
1605 794 2001 869 periculoque
2029 794 2273 871 provin·

214 879 364 950 ciae,
416 878 549 939 dies
578 877 905 939 continuos
934 879 1281 952 complures
1314 878 1376 937 in
1407 877 1607 941 littore
1636 876 2062 952 conviviisque
2087 876 2274 937 iacui·

216 961 289 1021 sti
306 983 321 1015 ε
340 968 423 1019 ‘te
452 976 563 1035 per
590 975 701 1020 eos
733 961 869 1021 dies
896 976 1075 1020 nemo
1110 970 1252 1021 tuae
1275 959 1441 1021 domi
1461 959 1815 1030 convenire,
1849 974 2028 1020 nemo
2057 959 2118 1019 in
2143 961 2276 1019 roro

215 1042 426 1103 videre
456 1040 683 1117 potuit:
727 1050 790 1103 tu
822 1042 1131 1103 sociorum
1161 1051 1348 1118 atque
1389 1042 1722 1104 amicorum
1751 1043 1831 1102 ad
1877 1058 1952 1101 ea
1997 1039 2280 1103 convivia

212 1134 437 1185 matres
470 1124 726 1183 familias
761 1120 1129 1183 adhibuisti?
1153 1134 1214 1185 tu
1248 1126 1403 1185 inter
1431 1127 1566 1187 eius
1595 1124 1762 1186 modi
1785 1124 2070 1186 mulieres
2100 1140 2276 1201 prae·

215 1215 513 1267 textatum
540 1214 709 1265 tuum
736 1205 946 1279 filium,
979 1214 1261 1281 nepotem
1292 1224 1524 1281 meum,
1555 1207 1963 1280 collocavisti,
2003 1216 2071 1269 ut
2097 1206 2280 1268 aetati

214 1287 483 1349 maxime
513 1287 783 1349 lubricae
812 1296 997 1363 atque
1024 1288 1292 1351 incertae
1325 1292 1608 1366 exempla
1649 1288 1956 1364 nequitiae
2001 1290 2276 1367 parentis

216 1371 341 1432 vita
373 1371 725 1447 praeberem
763 1380 823 1431 tu
854 1378 1099 1446 praetor
1124 1371 1185 1431 in
1220 1371 1537 1448 provincia
1566 1390 1703 1434 cum
1731 1372 1938 1434 tunica
1965 1374 2278 1450 pallioque

214 1470 527 1529 purpureo
576 1453 750 1515 visus
798 1470 901 1513 es:
945 1463 1009 1515 tu
1052 1465 1306 1529 propter
1343 1470 1610 1517 amorem
1649 1456 2083 1532 libidinemque
2115 1467 2280 1519 tuam

213 1536 532 1611 imperium
565 1538 809 1597 navium
836 1538 1037 1612 legato
1068 1537 1283 1613 populi
1311 1540 1570 1600 Romani
1597 1540 1907 1612 ademisti,
1941 1540 2278 1617 Syracusa·

214 1636 295 1680 no
328 1618 659 1682 tradidisti=
690 1618 776 1681 tui
804 1620 1023 1681 milites
1052 1619 1112 1681 in
1138 1621 1456 1695 provincia
1478 1621 1684 1683 Sicilia
1711 1622 1986 1697 frugibus
2017 1624 2278 1682 frumen·

212 1713 403 1780 toque
452 1711 801 1763 caruerunt=
847 1713 951 1763 tua
994 1703 1231 1764 luxurie
1273 1712 1457 1777 atque
1509 1703 1762 1763 avaritia
1804 1704 2023 1763 classis
2066 1701 2279 1779 populi

213 1784 473 1845 Romani
502 1802 539 1845 a
568 1786 983 1860 praedonibus
1013 1795 1191 1861 capta
1214 1793 1276 1846 et
1304 1785 1558 1846 incensa
1588 1794 1714 1845 est:
1757 1783 1894 1847 138.
1924 1794 2068 1859 post
2095 1785 2279 1861 Syra-

216 1884 403 1929 cusas
438 1867 716 1931 eonditas
749 1885 930 1943 quem
958 1868 1017 1929 in
1052 1876 1294 1943 portum
1323 1884 1652 1942 numquam
1681 1866 1878 1929 hostis
1911 1878 2279 1939 accesserat,

214 1952 275 2011 in
306 1967 379 2010 eo
413 1959 473 2011 te
502 1960 782 2025 praetore
815 1950 1073 2025 primum
1104 1952 1336 2026 piratae
1367 1949 1834 2026 navigaverunt=
1879 1968 2082 2027 neque
2127 1950 2281 2012 haec

215 2042 306 2093 tot
334 2042 395 2093 et
421 2042 585 2103 tanta
618 2034 927 2094 dedecora
962 2032 1446 2094 dissimulatione
1473 2042 1577 2093 tua
1603 2051 1806 2110 neque
1838 2034 2144 2096 oblivione
2173 2035 2278 2095 ho-

214 2115 445 2175 minum
488 2132 567 2175 -ac
625 2115 1027 2177 taciturnitate
1078 2126 1284 2192 tegere
1334 2116 1610 2190 voluisti,
1663 2118 1777 2178 sed
1817 2118 2000 2178 etiam
2035 2118 2282 2179 navium

214 2200 564 2273 praefectos
613 2198 747 2261 sine
772 2242 777 2248 -
798 2201 917 2259 ulla
960 2215 1147 2260 causa
1186 2201 1264 2261 de
1310 2202 1638 2277 complexu
1666 2210 1984 2277 parentum
2011 2217 2280 2273 suorum,

213 2281 530 2355 hospitum
557 2290 829 2354 tuorum,
857 2282 937 2343 ad
970 2293 1220 2344 mortem
1257 2278 1711 2359 cruciatumque
1750 2282 2036 2359 rapuisti=
2079 2300 2283 2357 neque

216 2373 277 2437 te
305 2363 365 2423 in
400 2375 715 2439 parentum
745 2367 909 2426 luctu
933 2373 1116 2440 atque
1145 2366 1410 2427 lacrimis
1443 2366 1560 2427 mei
1607 2366 1870 2427 nominis
1915 2381 2282 2427 commemo-

213 2445 371 2507 ratio
400 2447 719 2523 mitigavit=
754 2447 861 2507 tibi
890 2448 1197 2509 hominum
1216 2450 1636 2511 ‘innocentium
1670 2449 1924 2525 sanguis
1952 2466 2075 2511 non
2096 2450 2282 2511 modo

215 2530 544 2606 voluptati,
582 2531 695 2591 sed
730 2532 908 2591 etiam
942 2532 1224 2605 quaestui
1253 2532 1391 2593 suit:
1431 2566 1518 2577 -
1545 2534 1695 2593 L111.
1725 2532 1880 2592 haec
1925 2532 1979 2593 si
1999 2532 2106 2593 tibi
2141 2541 2282 2591 tuus

215 2629 442 2687 parens
475 2614 729 2684 diceret,
766 2630 989 2687 posses
1020 2615 1096 2674 ab
1127 2630 1202 2675 eo
1231 2616 1472 2675 veniam
1503 2622 1762 2691 petere?
1799 2630 2046 2691 posses,
2085 2624 2151 2675 ut
2179 2615 2282 2674 tibi

214 2696 591 2769 ignosceret,
623 2698 979 2771 postulare?

384 2777 528 2840 139.
592 2778 753 2839 Satis
784 2788 879 2840 est
910 2781 1130 2841 facturn
1168 2779 1421 2853 SiculiS,
1468 2782 1618 2842 satis
1648 2779 1851 2842 officio
1899 2797 1974 2842 ac
2013 2779 2288 2841 necessi-

214 2861 442 2935 tudini,
486 2860 754 2934 iudices,
800 2864 949 2923 satis
980 2863 1284 2937 promisso
1331 2872 1542 2924 nostro
1571 2880 1645 2923 ac
1672 2872 1944 2939 recepto.
2026 2865 2286 2939 Reliqua

215 2953 313 3005 est
340 2961 415 3005 ea
448 2961 663 3015 causa,
721 2944 988 3018 iudices,
1043 2963 1201 3019 quae
1241 2941 1362 3002 iam
1401 2963 1525 3007 non
1585 2956 1863 3023 recepta,
1911 2948 2026 3008 sed
2059 2948 2282 3017 innata,

216 3044 423 3101 neque
446 3027 647 3087 delata
676 3030 753 3087 ad
783 3044 897 3102 me,
934 3030 1046 3089 sed
1074 3030 1131 3087 in
1162 3027 1366 3089 animo
1401 3046 1714 3105 sensuque
1744 3046 1880 3090 meo
1903 3029 2147 3105 penitus
2177 3028 2284 3088 ad-

216 3110 343 3169 fixa
377 3118 561 3185 atque
598 3110 777 3171 insita
805 3121 929 3174 esu
962 3128 1119 3186 quae
1153 3128 1275 3173 non
1303 3112 1386 3173 ad
1408 3114 1712 3174 sociorum
1742 3114 2028 3184 salutem,
2065 3112 2176 3171 sed
2207 3112 2287 3169 ad

216 3191 443 3253 civium
469 3194 901 3266 Romanorum,
932 3194 1051 3255 hoc
1078 3203 1190 3266 est,
1220 3195 1300 3254 ad
1331 3194 1512 3257 unius
1545 3195 1843 3271 cuiusque
1873 3203 2166 3265 nostrum,
2197 3191 2286 3251 vi-

217 3281 339 3338 tam
367 3282 430 3336 et
448 3275 808 3350 sanguinem
835 3277 1110 3351 pertinet.
1153 3278 1220 3337 ln
1259 3295 1380 3353 qua
1409 3278 1594 3339 nolite
1616 3296 1796 3351 ame,
1830 3275 2008 3351 quasi
2035 3274 2286 3336 dubium

216 3358 297 3419 sit
324 3356 588 3433 aliquid,
640 3368 1021 3433 argumenta,
1068 3359 1306 3421 iudices
1325 3407 1339 3433 ,
1387 3370 1782 3435 exspectaret
1840 3358 2072 3431 omnia,
2127 3374 2288 3433 quae

213 3440 445 3516 dicam,
480 3440 573 3501 sie
606 3448 783 3501 erunt
812 3440 1097 3516 illustria,
1148 3452 1215 3502 ut
1243 3444 1324 3501 ad
1353 3458 1426 3503 ea
1455 3442 1772 3517 probanda
1799 3446 1986 3500 totam
2019 3440 2287 3501 Siciliam
