2459 3817
775 182 941 248 CAP.
976 191 1236 244 12—14.
1279 188 1330 250 s.
1357 187 1623 244 34—4o.
2159 183 2238 247 13

165 344 338 396 esset
361 333 709 406 absurdum,
748 351 935 409 quum
994 342 1236 397 ceteros
1261 350 1373 394 sua
1397 341 1618 408 sponte
1647 331 2042 406 nominasset,
2069 349 2232 394 men-

168 417 393 478 tionem
426 419 627 478 facere
654 417 859 478 Sullae
889 419 1110 478 nullam
1134 415 1254 476 nisi
1287 416 1654 476 admonitum
1679 425 1741 476 et
1769 417 2232 491 interrogatumz

165 499 286 560 nisi
318 501 471 560 sorte
499 500 628 561 veri
657 501 852 560 simile
882 510 976 562 est
1002 501 1065 562 P.
1096 500 1302 560 Sullae
1343 516 1562 559 nomen
1605 498 1666 558 in
1699 499 1990 560 memoria
2019 499 2232 561 Cassio

165 599 289 643 non
322 583 532 643 fuisse.
596 582 660 644 Si
691 583 971 644 nobilitas
1002 583 1294 654 hominiS‚
1337 579 1390 642 si
1419 582 1667 642 adflicta
1698 584 1968 656 fortuna,
2018 585 2069 643 si
2098 583 2233 642 reli-

167 665 349 740 quiae
390 665 680 740 pristinae
715 666 1021 741 dignitatis
1056 684 1178 727 non
1220 674 1340 725 tam
1380 664 1649 725 illustres
1693 667 1978 738 fuissent,
2032 675 2232 727 tamen

164 748 446 810 Autronii
478 750 967 810 commemorati0
1005 749 1356 809 memoriam
1388 748 1594 808 Sullae
1621 749 1982 810 rettulisset:
2034 750 2233 820 etiam,

162 841 229 892 ut
270 831 557 904 arbitror,
614 850 797 907 quum
840 832 1230 892 auctoritates
1275 831 1616 906 principum
1667 831 2101 892 coniurationis
2153 831 2232 892 ad

158 914 509 976 incitandos
550 915 789 976 animos
828 916 1228 988 Allobrogum
1269 915 1580 988 colligeret
1611 914 1892 988 CassiuS,
1942 921 2002 974 et
2046 931 2230 988 quum

161 998 349 1059 sciret
375 1007 621 1059 exteras
653 997 933 1058 nationes
963 997 1224 1058 maxime
1256 997 1567 1058 nobilitate
1596 995 1861 1070 moveri,
1910 1013 2030 1056 non
2063 996 2232 1070 prius.

160 1081 528 1142 Autronium
571 1098 755 1155 quam
786 1080 1013 1140 Sullam
1054 1080 1512 1140 nominavisset.
1589 1079 1693 1142 38.
1737 1082 1860 1141 Iam
1889 1096 2038 1140 vero
2084 1079 2232 1139 illud

164 1163 420 1236 probari
463 1161 707 1222 minime
749 1171 981 1237 potest,
1030 1163 1236 1222 Gallos
1281 1162 1580 1223 Autronio
1625 1163 1934 1223 nominato
1983 1171 2231 1237 putasse

165 1253 417 1319 propter
451 1244 807 1306 calamitatis
852 1244 1303 1305 similitudinem
1343 1243 1461 1305 sibi
1500 1245 1730 1320 aliquid
1775 1247 1854 1306 de
1883 1246 2052 1306 Sulla
2091 1261 2232 1305 esse

167 1328 605 1402 quaerendum,
638 1326 869 1401 Cassio,
904 1326 959 1388 si
987 1327 1087 1387 hic
1117 1336 1286 1388 esset
1313 1326 1374 1388 in
1405 1329 1623 1388 eodem
1655 1331 1903 1402 scelere,
1937 1347 2014 1390 ne
2045 1345 2233 1404 quum

165 1412 543 1485 appellasset
572 1409 815 1486 quidem
843 1409 1233 1484 Autronium,
1280 1409 1462 1472 huius
1491 1410 1552 1470 in
1585 1421 1844 1472 mentem
1875 1413 2082 1474 venire
2121 1428 2232 1487 po-

162 1493 376 1554 tuisse.
465 1493 590 1555 Sed
642 1502 843 1555 tamen
892 1496 1039 1569 quid
1086 1494 1408 1570 respondit
1457 1495 1536 1554 de
1576 1495 1743 1557 Sulla
1784 1495 2075 1556 Cassius?
2151 1495 2233 1556 Se

165 1576 404 1636 nescire
446 1586 695 1639 certum.
762 1578 896 1638 Non
939 1585 1187 1653 purgat,
1230 1577 1444 1653 inquit.
1519 1577 1659 1638 Dixi
1687 1587 1894 1638 antea=
1948 1596 2024 1638 ne
2055 1577 2108 1638 si
2137 1594 2231 1636 ar-

163 1668 375 1734 gueret
398 1659 647 1736 quidem
668 1668 795 1722 tum
816 1661 1103 1736 denique,
1138 1678 1326 1735 quum
1350 1669 1520 1721 esset
1539 1660 1965 1734 interrogatus,
1993 1661 2057 1720 id
2086 1658 2232 1720 mihi

164 1742 558 1804 criminosum
584 1743 913 1805 videretur.
1002 1742 1106 1802 39.
1151 1743 1276 1802 Sed
1308 1759 1423 1816 ego
1455 1743 1516 1802 in
1563 1743 2026 1818 quaestionibus
2055 1751 2116 1802 et
2142 1743 2232 1800 in-

164 1825 342 1885 diciis
372 1842 495 1885 nou
533 1826 653 1886 hoc
694 1827 1111 1902 quaerendum
1142 1826 1428 1899 arbitror,
1483 1841 1628 1885 num
1677 1832 1973 1900 purgetur
2015 1821 2229 1895 aliqui,

166 1908 280 1968 sed
321 1924 466 1968 num
506 1918 811 1982 arguatur.
897 1908 1134 1970 Etenim
1186 1925 1372 1982 quum
1415 1923 1483 1968 se
1531 1915 1714 1982 negat
1758 1906 1916 1966 scire
1960 1905 2228 1978 Cassius,

166 1999 365 2051 utrum
394 1991 672 2052 sublevat
699 1992 926 2052 Sullam
957 2009 1033 2052 an
1067 1992 1216 2052 satis
1250 1991 1468 2065 probat
1493 2007 1564 2051 se
1594 1989 1876 2051 nescire?
1903 2023 1990 2034 -—
2018 1989 2228 2049 Suble-

165 2082 273 2134 vat
305 2074 472 2147 apud
502 2073 731 2134 Gallos.
760 2107 846 2120 —
885 2076 1039 2148 Quid
1068 2074 1190 2135 ita?
1240 2091 1318 2134 ne
1356 2072 1668 2135 indicent?
1737 2071 1937 2146 Quid?
1985 2071 2038 2132 si
2074 2070 2230 2146 peri-

166 2155 370 2216 culum
402 2171 545 2216 esse
574 2164 879 2232 putasset,
921 2175 998 2218 ne
1042 2159 1125 2217 illi
1155 2173 1440 2232 umquam
1474 2157 1839 2230 indicarent,
1883 2157 1960 2216 de
1991 2156 2230 2231 seipse

116 2271 123 2276 ›
166 2239 495 2299 confessus
552 2247 762 2300 esset?
818 2273 905 2286 --
960 2239 1191 2300 Nesciit
1216 2240 1516 2301 videlicet.
1573 2273 1662 2286 --·-
1723 2240 1918 2301 Credo
1971 2239 2231 2298 celatum

166 2337 307 2382 esse
338 2319 619 2382 Cassium
657 2322 737 2382 de
768 2322 937 2383 Sulla
976 2340 1130 2383 uno:
1184 2340 1322 2382 nam
1365 2324 1443 2383 de
1513 2321 1731 2384 ceteris
1765 2331 1928 2383 certe
1969 2321 2229 2382 sciebat=

165 2402 390 2465 etenim
444 2402 611 2464 domi
668 2405 801 2466 eius
858 2407 1151 2480 pleraque
1192 2405 1456 2466 conflata
1503 2422 1648 2467 esse
1699 2406 2037 2467 constabat.
2118 2401 2228 2477 Qui

165 2503 391 2561 negare
421 2487 613 2549 noluit
645 2504 788 2548 esse
817 2487 879 2548 in
910 2505 984 2548 eo
1014 2503 1266 2548 numero
1293 2489 1538 2561 Sullam,
1573 2506 1694 2565 quo
1720 2491 1858 2563 plus
1884 2487 2021 2562 spei
2043 2485 2232 2548 Gallis

166 2571 353 2642 daret,
393 2571 596 2632 dicere
627 2580 829 2632 autem
859 2571 1079 2633 falsum
1110 2586 1229 2630 non
1262 2589 1452 2632 ausus
1482 2581 1594 2644 est,
1626 2572 1864 2632 nescire
1892 2569 2065 2632 dixit.
2124 2572 2232 2630 At-

168 2671 289 2727 que
317 2653 436 2714 hoc
473 2656 868 2729 perspicuum
898 2664 1023 2730 est,
1076 2671 1262 2730 quum
1291 2654 1375 2728 is,
1429 2654 1534 2730 qui
1572 2655 1650 2714 de
1685 2654 1966 2716 omnibus
2007 2652 2230 2725 scierit,

167 2737 245 2797 de
270 2736 437 2796 Sulla
467 2753 537 2798 se
568 2737 726 2798 scire
754 2736 1005 2814 negarit,
1042 2740 1319 2798 eamdem
1348 2753 1491 2798 esse
1513 2736 1640 2796 'vim
1663 2736 2004 2811 negationis
2029 2734 2230 2808 huiuS,

168 2836 351 2895 quam
402 2817 457 2880 si
506 2829 679 2880 extra
718 2821 1194 2881 coniurationem
1246 2822 1407 2882 hunc
1448 2836 1594 2880 esse
1637 2836 1706 2880 se
1745 2819 1904 2880 selre
1954 2819 2233 2880 dixisset.

165 2903 315 2963 Nam
347 2899 523 2962 cuius
558 2901 873 2963 scientiam
914 2903 992 2962 de
1028 2904 1310 2965 omnibus
1355 2909 1593 2963 constat
1627 2901 1847 2975 fuisse,
1892 2901 2028 2964 eius
2061 2902 2232 2976 igno-

164 2985 319 3045 ratio
350 2987 429 3044 de
459 2983 666 3059 aliquo
703 2984 981 3061 purgatio
1016 2986 1200 3046 debet
1237 2986 1448 3046 videri.
1535 2984 1661 3044 Sed
1691 2985 1810 3045 iam
1846 3002 1969 3046 non
2001 3001 2230 3062 quaero

167 3075 467 3143 purgetne
496 3067 747 3129 Cassius
778 3069 1034 3129 Sullam:
1070 3068 1219 3130 illud
1251 3067 1396 3128 mihi
1425 3075 1653 3129 tantum
1683 3068 1833 3130 satis
1862 3075 1984 3142 est,
2021 3076 2231 3129 contra

168 3150 399 3211 Sullam
429 3151 572 3212 nihil
602 3167 745 3212 esse
774 3151 833 3210 in
863 3149 1110 3212 indicio.

333 3235 493 3296 XIV.
533 3233 634 3294 40.
683 3234 987 3294 Exclusus
1028 3234 1143 3295 hac
1186 3232 1602 3296 criminatione
1633 3235 1977 3310 Torquatus
2016 3247 2232 3292 rursus

166 3316 230 3377 in
271 3333 368 3377 me
400 3316 596 3388 irruit,
648 3329 744 3378 me
786 3326 1064 3379 accusate
1108 3316 1192 3378 ait
1230 3335 1328 3380 me
1361 3319 1533 3379 aliter
1570 3334 1645 3379 ac
1675 3317 1900 3379 dictum
1933 3315 2012 3376 sit
2049 3314 2110 3373 in
2147 3322 2230 3375 ta·

167 3400 347 3460 bulas
386 3396 660 3475 publicas
702 3400 1027 3466 rettulisse.
1121 3400 1168 3460 0
1210 3401 1270 3461 di
1312 3400 1715 3462 immortales!
1751 3434 1834 3444 —
1861 3394 2040 3458 vobis
2072 3394 2231 3458 enim
