2459 3817
205 198 336 268 244
697 206 778 268 IN
806 206 873 267 L.
905 205 1328 267 cATlLINAM
1354 203 1640 266 ORATIO
1671 205 1775 265 IV.

199 361 299 424 cio
332 361 596 422 levando
629 375 698 420 se
727 359 952 419 iactare
988 355 1136 418 etin
1171 354 1503 432 perniciem
1545 355 1759 432 populi
1792 355 2049 418 Romani
2092 363 2261 432 post-

197 444 313 506 hac
328 443 648 520 popularis
669 457 814 502 esse
837 442 1062 516 possita
1085 439 1359 514 adiungit
1376 438 1555 500 etiam
1576 438 2047 514 publicationem
2070 439 2261 500 bono-

196 544 348 599 rum,
379 534 446 588 ut
473 541 690 587 omnes
716 522 904 584 animi
932 524 1238 584 cruciatus
1270 532 1331 584 et
1364 521 1644 600 corporis
1686 519 1867 583 etiam
1897 530 2143 598 Qestas
2188 537 2264 583 ac

197 608 559 672 mendicitas
593 615 1028 683 consequatur.

364 693 468 752 Vl.
527 690 627 753 11.
687 690 878 764 Quam
906 691 986 752 ob
1014 706 1174 762 rem,
1227 687 1363 750 sive
1400 689 1521 750 hoc
1552 686 1915 762 stameritis,
1965 685 2260 749 dederitis

195 773 343 837 mihi
382 773 663 836 comitem
695 773 778 834 ad
807 773 1156 835 contionem
1189 773 1423 848 populo
1454 787 1661 833 earum
1692 779 1878 848 atque
1910 771 2261 846 iucundum,

197 859 332 920 sive
364 856 555 918 Silani
584 855 945 918 sententiam
977 855 1158 932 sequi
1186 855 1549 931 malueritis,
1582 855 1760 916 facile
1800 871 1899 916 me
1928 863 2113 933 atque
2141 869 2259 914 vos

197 939 569 1004 crudelitatis
609 939 1053 1015 vituperatione
1076 944 1312 1018 populo
1335 944 1614 1004 Romano
1640 939 2052 1012 exsolveritis,
2078 945 2266 1012 atque

196 1023 485 1087 obtinebo
547 1040 684 1084 eam
733 1025 921 1084 multo
963 1022 1259 1084 leniorem
1296 1023 1514 1088 fuisse.
1594 1033 2003 1097 Quamquam,
2057 1029 2264 1096 patres

197 1106 549 1182 conscripti,
585 1122 744 1182 quae
773 1113 979 1182 potest
1007 1122 1150 1166 esse
1177 1105 1240 1164 in
1270 1107 1423 1166 tanti
1461 1107 1711 1166 sceleris
1752 1104 2121 1190 immanitate
2150 1120 2256 1179 pu-

195 1191 420 1253 nienda
451 1188 824 1252 crudelitas?
881 1189 1012 1264 Ego
1046 1189 1205 1250 enim
1233 1188 1315 1249 de
1339 1203 1479 1250 meo
1509 1205 1699 1250 sensu
1726 1187 1953 1250 iudico.
1998 1187 2149 1248 Nam
2183 1185 2263 1247 ita

193 1273 340 1334 mihi
369 1275 544 1335 salva
573 1288 645 1333 re
679 1271 924 1348 publica
952 1273 1275 1334 vobiscum
1305 1269 1538 1346 perfrui
1577 1274 1785 1343 liceat,
1817 1278 1885 1332 ut
1908 1285 2060 1345 ego,
2092 1269 2264 1344 quod

195 1356 261 1418 in
295 1357 411 1416 hac
442 1372 632 1416 causa
664 1354 1084 1416 vehementior
1115 1371 1271 1426 sum,
1312 1371 1433 1416 non
1458 1356 1774 1416 atrocitate
1802 1352 1985 1414 animi
2012 1367 2265 1414 moveor

196 1472 284 1486 —-
312 1437 452 1515 quis
476 1447 572 1499 est
600 1435 762 1498 enim
788 1454 886 1498 me
913 1436 1156 1498 mitior?
1185 1471 1285 1510 —,
1312 1437 1426 1498 sed
1440 1437 1733 1512 singulari
1765 1437 2030 1512 quadam
2055 1436 2263 1496 huma·

200 1522 388 1585 nitate
421 1527 482 1582 et
505 1519 943 1582 misericordia.
977 1517 1213 1582 Videor
1240 1518 1401 1580 enim
1428 1519 1574 1582 mihi
1601 1519 1813 1582 videre
1841 1520 2000 1581 hanc
2032 1519 2263 1590 urbem,

196 1608 398 1667 lucem
433 1603 600 1665 orbis
641 1612 938 1664 terrarum
966 1610 1154 1679 atque
1178 1617 1382 1664 arcem
1410 1603 1680 1665 omnium
1720 1603 2019 1678 gentium,
2063 1599 2262 1663 subito

192 1704 319 1751 uno
362 1686 650 1748 >incendio
696 1685 1155 1748 concidentemz
1203 1700 1389 1747 cerno
1431 1685 1635 1748 animo
1678 1689 1919 1762 sepulta
1963 1685 2026 1746 in
2068 1683 2264 1760 patria

196 1771 456 1834 miseros
483 1779 669 1846 atque
699 1767 1044 1846 insepultos
1074 1784 1335 1830 acervos
1363 1768 1589 1831 civium
1606 1792 1623 1825 ε
1654 1778 1936 1832 versatur
1961 1767 2105 1830 mihi
2121 1775 2264 1829 ante

196 1855 414 1916 oculos
455 1860 748 1928 aspectus
779 1853 1028 1930 Cethegi
1057 1861 1119 1914 et
1147 1854 1318 1915 furor
1342 1852 1405 1913 in
1432 1862 1641 1915 vestra
1668 1853 1861 1914 caede
1888 1850 2264 1912 bacchantis

196 1939 297 2001 12.
353 1937 550 2011 Quum
592 1953 739 1998 vero
779 1935 928 1997 mihi
970 1935 1277 2012 proposui
1312 1945 1667 2011 regnantem
1708 1937 2061 2007 Lentulum,
2108 1933 2265 1996 sicut

171 2021 333 2095 ‚ipse
361 2035 432 2080 se
459 2036 753 2095 sperasse
789 2036 866 2080 ex
889 2020 1371 2081 fatiseonfessus
1393 2029 1505 2090 est,
1530 2027 1929 2096 purpuratum
1950 2033 2095 2080 esse
2121 2015 2265 2078 huic

197 2100 548 2176 Gabinium,
580 2118 720 2163 cum
749 2105 1024 2164 exercitu
1055 2102 1308 2163 venisse
1336 2102 1679 2177 catilinam,
1720 2111 1863 2164 tum‘
1888 2099 2264 2163 lamentatio·

194 2201 336 2246 nem
360 2192 618 2246 matrum
652 2182 912 2245 familias
927 2230 943 2257 ,
981 2194 1108 2246 tum
1147 2187 1353 2260 fugam
1380 2186 1682 2262 virginum
1725 2194 1909 2262 atque
1937 2198 2265 2261 puerorum

194 2285 270 2331 ac
296 2266 687 2330 vexationem
716 2265 1017 2342 virginum
1028 2268 1372 2330 Vestalium
1384 2270 1814 2345 perhorresco,
1844 2277 1925 2343 et,
1956 2267 2101 2344 quia
2121 2265 2264 2326 mihi

195 2350 593 2413 vehementer
623 2350 778 2410 haec
820 2349 1105 2412 videntur
1135 2350 1361 2412 misera
1391 2359 1577 2427 atque
1609 2352 1957 2414 miseranda
1975 2397 1992 2422 ,
2032 2349 2262 2412 idcirco

195 2436 258 2496 in
287 2449 421 2507 eoS,
451 2433 560 2507 qui
582 2449 658 2493 ea
685 2433 984 2508 perficere
1011 2436 1356 2506 voluerunt,
1380 2451 1477 2495 me
1508 2452 1791 2497 severum
1812 2435 2263 2496 vehementem·

197 2533 321 2594 que
342 2519 674 2593 praebebo.
720 2515 958 2576 Etenim
987 2534 1251 2596 quaero,
1294 2518 1349 2578 si
1380 2517 1519 2594 quis
1542 2528 1719 2594 pater
1740 2517 2029 2592 familias,
2056 2515 2263 2577 liberis

197 2601 339 2664 suis
368 2616 405 2659 a
432 2615 614 2660 servo
645 2599 1000 2674 interfectis,
1031 2616 1227 2663 uxore
1256 2599 1484 2672 occisa,
1520 2601 1773 2663 incensa
1802 2603 2004 2675 domo,
2030 2597 2263 2675 suppli-

195 2683 356 2744 cium
383 2684 462 2743 de
503 2699 685 2744 servo
717 2699 841 2743 non
883 2702 1066 2760 quam
1097 2684 1562 2746 acerbissimum
1592 2683 1951 2760 sumpserit,
1978 2691 2179 2744 utrum
2208 2681 2263 2744 is

197 2768 466 2827 clemens
495 2781 569 2826 ac
601 2764 954 2829 misericors
993 2785 1074 2829 an
1107 2767 1649 2829 inhumanissimus
1694 2776 1759 2830 et
1802 2766 2263 2830 crudelissimus

195 2865 340 2910 esse
369 2847 692 2910 videatur?
769 2850 919 2911 Mihi
955 2868 1101 2913 vero
1132 2851 1519 2926 importunus
1548 2867 1623 2911 ac
1664 2853 1932 2922 ferreus,
1992 2849 2096 2924 qui
2136 2865 2261 2910 non

193 2934 410 2994 dolore
439 2940 501 2993 et
531 2932 802 2996 cruciatu
849 2934 1130 2996 nocentis
1163 2951 1343 2997 suum
1372 2935 1648 2996 dolorem
1690 2933 2148 3008 cruciatumque
2176 2933 2261 2994 le-

195 3014 389 3077 nierit.
463 3013 566 3076 Sic
595 3033 712 3078 nos
747 3017 808 3076 in
837 3017 934 3078 his
967 3017 1335 3090 horninibuS,
1372 3017 1477 3092 qui
1505 3034 1641 3090 noS,
1672 3019 1777 3093 qui
1810 3015 2127 3092 coniugeS,
2157 3012 2264 3091 qui

191 3100 422 3161 liberos
452 3107 699 3160 nostros
723 3100 1028 3162 trucidare
1051 3101 1389 3173 voluerunt,
1424 3101 1529 3174 qui
1559 3101 1831 3177 singulas
1852 3101 2035 3162 unius
2060 3097 2265 3162 cuius*

195 3197 316 3256 que
343 3191 620 3243 nostrum
655 3183 875 3242 domos
917 3192 979 3243 et
1009 3184 1128 3244 hoc
1157 3182 1515 3244 universum
1560 3184 1649 3245 rei
1687 3181 1971 3260 publicae
2010 3179 2265 3244 domici·

191 3263 340 3324 lium
367 3265 574 3325 delere
605 3263 808 3326 conati
837 3271 1008 3337 sunt,
1043 3263 1242 3339 quiid
1272 3275 1556 3340 egerunt,
1606 3274 1673 3327 ut
1700 3274 1947 3342 gentem
1975 3265 2263 3326 Allobro-

193 3361 338 3420 gum
363 3345 428 3406 in
453 3345 731 3421 vestigiis
753 3347 934 3408 huius
960 3347 1130 3408 urbis
1151 3356 1340 3422 atque
1367 3348 1429 3408 in
1459 3351 1663 3412 cinere
1682 3347 2003 3424 deflagrati
2024 3345 2266 3424 imperii

194 3428 599 3503 collocarent,
629 3428 685 3489 si
710 3428 1231 3493 vehementissimi
1260 3431 1551 3495 fuerimus
1566 3478 1582 3508 ,
1612 3431 2044 3496 misericordes
2074 3432 2265 3494 habe·
