2459 3817
235 161 352 226 122
771 157 922 220 PRO
967 159 1079 218 CN.
1109 157 1436 219 PLANCIO
1466 157 1767 219 ORATIO.

224 312 370 376 tutis
399 327 618 374 cursus
652 309 730 370 ad
765 308 1040 384 gloriam,
1102 309 1220 370 hoc
1246 310 1479 371 facilior
1510 312 1790 381 sortasse,
1824 309 1990 384 quod
2022 324 2139 384 ego
2174 309 2293 372 huc

223 415 264 458 a
293 413 388 456 me
419 405 586 456 ortus
615 400 675 454 et
703 410 813 467 per
846 410 942 454 me
971 395 1151 454 nixus
1179 393 1453 468 ascendi,
1481 393 1659 455 istius
1684 393 1929 467 egregia
1965 391 2157 454 virtus
2182 394 2265 454 ad

223 478 528 542 iuvabitur
559 477 1082 538 commendatione
1107 478 1421 538 maiorum.
1480 476 1607 538 Sed
1638 484 1707 537 ut
1732 475 1982 538 redeam
2008 477 2083 538 ad
2120 475 2291 538 Plan·

221 565 417 635 cium,
459 577 787 635 numquam
843 576 922 620 ex
968 561 1122 620 urbe
1165 559 1318 620 aluit
1352 558 1469 620 nisi
1498 567 1681 633 sorte,
1708 559 1861 633 lege,
1894 558 2295 622 necessitate=

224 664 344 706 non
389 645 576 705 valuit
612 643 799 704 rebus
835 643 1052 703 iisdem
1087 642 1313 717 quibus
1340 643 1601 706 fortasse
1631 658 1753 703 non
1786 643 1963 702 nullia
2008 650 2069 702 at
2108 641 2297 704 valuit

223 727 606 798 adsiduitate,
637 725 828 786 valuit
858 725 1260 786 observandis
1290 726 1520 800 amicis,
1552 724 1740 788 valuit
1768 724 2151 786 liberalitatee
2186 725 2297 788 fuit

224 813 286 873 in
321 811 549 872 oculisx
591 809 829 884 petivit=
867 818 1066 886 eaest
1094 827 1246 870 usus
1272 808 1510 870 ratione
1538 809 1730 882 vitae,
1780 824 1903 883 qua
1928 806 2175 870 minima
2192 805 2293 868 ’ἰη-

223 895 390 956 vidia
431 894 574 954 novi
606 893 885 953 homines
919 891 1160 966 plurimi
1194 900 1336 954 sunt
1376 892 1627 953 eosdem
1656 893 1927 954 honores
1954 892 2293 954 consecuti.

345 976 613 1038 XXVIII.
657 975 762 1038 68.
792 976 938 1036 Nam
992 977 1160 1050 quod
1199 975 1326 1051 aia,
1356 974 1558 1048 Cassi,
1604 991 1725 1037 non
1750 977 1890 1050 plus
1920 990 2017 1036 me
2043 975 2291 1036 Plancio

223 1063 450 1124 deber-e
480 1075 662 1136 quam
688 1058 872 1119 bonis
907 1058 1208 1131 omnibus,
1250 1061 1419 1133 quod
1445 1059 1519 1118 iis
1548 1074 1750 1134 aeque
1778 1074 1915 1122 mea
1946 1059 2111 1120 salus
2143 1073 2291 1117 cara

227 1144 436 1220 merit,
483 1159 600 1219 ego
630 1159 727 1204 me
761 1143 990 1204 debere
1032 1142 1208 1203 bonis
1238 1141 1521 1204 omnibus
1552 1143 1762 1204 fateor.
1850 1141 1975 1202 Sed
2018 1141 2191 1202 etiam
2226 1140 2290 1211 ii,

225 1229 448 1304 quibus
479 1243 594 1301 ego
627 1226 846 1296 debeo,
877 1225 1024 1286 boni
1048 1225 1160 1286 viri
1189 1235 1250 1286 et
1272 1225 1441 1286 cives
1462 1225 1723 1287 comitiis
1744 1223 2040 1285 aediliciis
2060 1223 2293 1298 aliquid

221 1329 296 1372 se
325 1327 462 1372 meo
495 1309 738 1370 nomine
765 1308 1011 1369 Plancio
1027 1309 1267 1372 ‚debere
1290 1309 1591 1370 dicebant.
1627 1309 1855 1370 Verum
1884 1310 1982 1370 fac
2010 1323 2109 1368 me
2136 1309 2289 1370 mul-

226 1394 304 1454 tis
335 1393 560 1454 debere
593 1401 654 1453 et
682 1391 742 1451 in
771 1390 848 1451 iis
869 1390 1143 1452 Plancioz
1173 1400 1369 1453 utrum
1401 1391 1579 1467 igitur
1604 1409 1701 1454 me
1724 1391 2087 1452 conturbare
2110 1407 2291 1466 opor·

222 1486 310 1538 tet
328 1493 404 1536 an
479 1473 698 1535 ceteris
713 1518 727 1544 ,
757 1490 942 1546 quum
965 1473 1267 1550 cuiusque
1286 1475 1421 1536 dies
1442 1475 1693 1548 venerit,
1716 1475 1835 1535 hoe
1858 1490 2099 1549 nomen,
2124 1474 2295 1549 quod

223 1567 426 1634 urget,
473 1572 636 1617 nunc
672 1572 858 1631 quum
893 1555 1116 1632 petitur
1147 1556 1534 1618 dissolvere?
1571 1559 1947 1633 Quamquam
1976 1557 2293 1618 dissimilis

221 1651 320 1704 est
343 1641 641 1716 pecuniae
677 1638 904 1701 debitio
933 1647 992 1700 et
1021 1639 1267 1714 gratiae.
1322 1642 1467 1722 Nam
1502 1641 1607 1716 qui
1636 1643 1955 1717 pecuniam
1988 1639 2293 1715 dissolvit,

225 1725 426 1788 statim
454 1741 576 1788 non
608 1723 790 1785 habet
816 1723 896 1794 id,
931 1724 1098 1798 quod
1119 1722 1423 1784 reddidit=
1456 1724 1559 1800 qui
1590 1734 1791 1788 autem
1815 1725 2019 1799 debet,
2054 1740 2165 1784 aes
2196 1739 2293 1784 re-

222 1810 372 1870 tiuet
399 1810 692 1870 alienum:
735 1806 986 1881 gratiam
1013 1813 1211 1870 autem
1236 1815 1297 1868 et
1326 1808 1429 1882 qui
1462 1809 1647 1868 refert
1681 1808 1863 1870 habet
1890 1817 1951 1870 et
1978 1806 2081 1882 qui
2110 1807 2296 1870 habet

222 1892 284 1954 in
316 1909 392 1954 eo
417 1891 575 1966 ipso,
609 1891 776 1966 quod
811 1889 1022 1963 habet,
1045 1891 1247 1953 refert.
1332 1891 1545 1966 Neque
1576 1907 1692 1966 ego
1716 1907 1879 1952 nunc
1908 1889 2153 1951 Plancio
2184 1890 2291 1950 de-

221 1976 418 2036 sinam
447 1976 694 2045 debere‚
728 1972 782 2032 si
823 1973 941 2034 hoc
971 1975 1237 2046 solvero,
1278 1990 1390 2035 nec
1420 1975 1618 2035 minus
1648 1975 1705 2035 ei
1732 1974 2051 2034 redderem
2075 1975 2293 2034 volun-

223 2068 344 2120 tate
375 2057 532 2132 ipsa,
557 2057 610 2118 si
639 2056 758 2115 hoc
787 2055 1100 2116 molestiae
1129 2074 1251 2118 non
1285 2057 1629 2119 accidisset.
1702 2057 1802 2119 69.
1828 2055 2080 2130 Quaeris
2109 2073 2149 2117 a
2176 2073 2293 2129 me,

220 2138 416 2211 Cassi,
445 2139 592 2214 quid
621 2155 731 2214 pro
761 2139 943 2199 fratre
963 2147 1118 2211 mec,
1161 2140 1266 2214 qui
1298 2139 1440 2201 mihi
1462 2149 1558 2202 est
1578 2139 1952 2212 carissimu&
1990 2139 2143 2214 quid
2174 2155 2289 2215 pro

227 2221 378 2284 meis
402 2220 639 2293 liberis,
685 2221 906 2295 quibus
929 2221 1076 2282 nihil
1098 2221 1243 2283 mihi
1264 2232 1471 2298 potest
1490 2239 1631 2284 esse
1654 2222 1999 2295 iucundiu8‚
2028 2225 2291 2297 amplius

221 2322 406 2382 quam
431 2304 600 2380 quod
625 2319 737 2378 pro
751 2303 995 2364 Plancio
1022 2304 1177 2364 facio
1205 2307 1405 2364 facere
1420 2305 1675 2378 possim,
1702 2322 1815 2366 nec
1830 2308 2002 2368 vides
2034 2305 2289 2367 istorum

223 2389 500 2464 ipsorum
547 2385 794 2447 caritate
819 2387 901 2446 ad
929 2385 1112 2448 huius
1139 2389 1396 2450 salutem
1418 2389 1867 2450 defendendam
1896 2388 2158 2450 maxime
2188 2390 2291 2450 sti·

227 2468 440 2532 mulari
481 2484 578 2528 me
623 2477 807 2543 atque
853 2469 1125 2529 excitari.
1210 2471 1361 2532 Nam
1402 2488 1605 2545 neque
1636 2471 1757 2532 illis
1785 2471 1965 2532 huius
1998 2473 2225 2545 salute,
2256 2488 2291 2532 a

227 2570 350 2629 quo
379 2567 576 2612 meam
620 2551 822 2612 sciunt
847 2567 992 2612 esse
1019 2551 1368 2626 defensam,
1414 2553 1745 2628 quidquam
1774 2562 1869 2616 est
1892 2555 2189 2630 optatius,
2232 2563 2295 2616 et

220 2653 339 2712 ego
369 2635 507 2709 ipse
538 2651 868 2711 numquam
897 2633 1034 2695 illos
1061 2635 1299 2710 aspicio
1338 2636 1501 2710 quin,
1538 2655 1722 2712 quum
1754 2654 1865 2712 per
1894 2638 2055 2699 hunc
2088 2650 2188 2698 me
2215 2637 2291 2698 iis

219 2726 650 2780 conservatum
681 2734 824 2780 esse
847 2717 1235 2793 meminerim,
1268 2719 1447 2782 huius
1461 2720 1739 2782 meritum
1773 2721 1834 2782 in
1864 2737 1961 2781 me
1979 2721 2293 2781 recorder.

348 2800 646 2876 Opimium
671 2803 1016 2864 damnatum
1041 2818 1184 2864 esse
1207 2818 1669 2877 commemoraS,
1692 2813 2067 2864 servatorem
2088 2803 2293 2879 ipsum

223 2883 314 2944 rei
345 2885 656 2960 publicaez
692 2885 983 2947 Calidium
1018 2884 1320 2960 adiungis,
1352 2885 1525 2947 euius
1555 2887 1691 2962 lege
1724 2887 1791 2960 Q.
1814 2887 2095 2948 Metellus
2116 2887 2179 2946 in
2210 2887 2295 2947 ei·

223 2966 466 3028 vitatem
499 2970 576 3029 sit
602 2969 944 3030 restitutusz
991 2969 1391 3044 reprehendis
1433 2985 1605 3030 meas
1635 2987 1747 3044 pro
1774 2968 2021 3031 Plancio
2051 2985 2291 3045 preces,

227 3051 394 3126 quod
431 3067 630 3126 neque
661 3051 934 3126 Opimius
978 3069 1090 3112 suo
1131 3051 1375 3112 nomine
1402 3052 1693 3114 liberatus
1754 3052 1837 3114 sit
1890 3069 2099 3128 neque
2164 3053 2290 3114 Me-

223 3135 348 3196 telli
378 3133 662 3195 Calidius.
707 3136 914 3194 XXIX.
946 3134 1034 3194 De
1065 3133 1293 3196 Calidio
1326 3135 1432 3196 tibi
1460 3143 1689 3197 tantum
1716 3136 2089 3210 respondeo,
2120 3135 2289 3210 quod
2377 3140 2394 3192 t

221 3216 358 3291 ipse
386 3215 544 3276 vidi=
603 3217 669 3290 Q.
695 3217 1010 3278 Metellum
1047 3217 1215 3278 Pium
1272 3219 1587 3278 consulem
1646 3218 1967 3294 praetoriis
2007 3217 2285 3292 comitiis,
2364 3281 2373 3302 Ἴ

147 3329 152 3332 -
225 3305 466 3374 petente
495 3301 562 3372 Q.
597 3298 858 3371 Calidio,
905 3301 1134 3374 populo
1159 3301 1435 3362 Romano
1472 3301 1890 3376 supplicasse,
1937 3317 2124 3376 quum
2156 3300 2306 3386 quiss
2355 3319 2385 3374 *x-

222 3377 360 3438 dem
385 3398 510 3441 non
542 3380 844 3443 dubit-aret
873 3391 934 3443 et
966 3385 1180 3444 consul
1213 3392 1276 3444 et
1304 3384 1484 3444 homa
1515 3382 1931 3470 mollissimus
1964 3387 2459 3502 patronumrx
