2459 3817
706 176 870 235 cAP.
905 184 1167 256 *of—42.
1212 180 1263 241 s.
1292 182 1589 237 96-102
2065 185 2186 251 133

118 342 275 401 prae
308 342 586 387 maerore
609 324 832 401 potuit!
867 326 914 386 0
941 342 1068 385 rem
1101 340 1285 401 quum
1315 325 1528 386 auditu
1559 326 1865 387 crudelem
1900 336 2025 388 tum
2055 329 2193 395 visu

117 410 450 470 nefariam!
505 426 542 470 o
565 410 843 485 reliquos
876 424 1091 470 omnes
1129 407 1265 469 dies
1294 416 1633 485 noctesque
1663 426 1789 482 eas,
1826 410 2049 487 quibus
2077 412 2195 475 iste

115 511 154 551 a
208 508 308 552 me
365 506 484 551 non
528 493 826 553 recedens
867 492 1361 553 Thessalonicam
1419 508 1516 553 me
1558 493 1617 553 in
1654 495 2195 572 quaestoriumque
2286 555 2291 559 .

113 575 438 651 perduxit!
485 574 598 636 Hic
639 592 754 651 ego
779 590 940 635 nunc
968 578 1046 635 de
1075 582 1357 651 praetore
1382 575 1783 637 Macedoniae
1817 576 1962 637 nihil
1992 578 2193 641 dicam

112 658 380 734 amplius
423 658 542 719 nisi
576 674 714 719 eum
745 668 806 719 et
841 657 1035 733 civem
1070 659 1359 733 optimum
1390 674 1636 733 semper
1658 668 1733 720 ·et
1762 659 1903 719 mihi
1928 662 2189 727 amicum
2258 665 2289 715 ,⁹

115 740 331 814 fuisse,
359 742 472 802 sed
497 742 710 802 eadem
734 740 1006 803 timuisse
1031 757 1191 817 quae
1254 750 1521 803 ceteros=
1548 743 1649 801 Cn.
1665 742 1970 805 Plancium
2000 746 2193 807 ruisse

117 842 327 903 unum,
360 842 481 886 non
518 824 626 900 qui
649 825 850 885 minus
879 825 1132 897 timeret,
1167 826 1301 897 sed,
1332 823 1388 885 si
1419 824 1769 886 acciderent
1794 842 1901 899 ea,
1938 846 2096 904 quae
2122 830 2189 889 ti·

115 917 446 979 merentur,
476 922 712 969 mecum
745 926 821 969 ea
850 908 1056 968 subire
1084 917 1144 969 et
1172 905 1412 983 perpeti
1436 907 1633 968 vellet.
1678 908 1821 972 100.
1844 909 1973 982 Qui,
2006 929 2191 986 quum

109 993 192 1052 ad
214 995 312 1052 me
339 992 406 1051 L.
433 992 702 1063 Tuber0,
743 1006 920 1051 meus
964 988 1383 1065 necessariuS‚
1430 989 1533 1064 qui
1578 990 1743 1052 tratri
1786 1010 1923 1053 meo
1952 997 2200 1069 legatus,

113 1074 366 1147 fuisset,
411 1074 722 1134 decedens
765 1088 845 1133 ex
889 1072 1041 1133 Asia
1082 1073 1357 1134 venisset
1413 1090 1647 1148 easque
1687 1073 1974 1148 insidiaS‚
2033 1090 2193 1153 quas

110 1156 260 1217 mihi
293 1165 543 1231 paratas
576 1156 655 1217 ab
685 1156 1004 1217 exsulibus
1035 1156 1367 1217 coniuratis
1398 1156 1700 1231 audierat,
1744 1160 1824 1219 ad
1855 1175 1951 1218 me
1984 1162 2190 1220 animo‘·

109 1237 489 1301 amicissimo
520 1239 868 1312 detulisset,
909 1238 968 1299 in
997 1239 1210 1299 Asiam
1253 1256 1351 1300 me
1377 1239 1467 1300 ire
1499 1250 1751 1315 propter
1777 1241 1911 1302 eius
1940 1242 2188 1319 provin-

111 1322 247 1383 ciae
276 1338 514 1383 mecum
545 1330 770 1383 etcum
798 1338 934 1383 meo
963 1322 1144 1383 fratre
1175 1322 1690 1384 necessitudinem
1734 1336 2189 1400 comparantem

115 1416 238 1459 non
267 1410 364 1459 est
411 1414 668 1473 passus:
707 1400 901 1471 virne,
929 1398 1005 1472 vi,
1028 1399 1295 1475 inquam,
1328 1400 1607 1460 Plancius
1634 1409 1698 1460 et
1717 1402 2045 1475 complexu
2066 1418 2185 1462 suo
2223 1430 2236 1439 -

7 1532 24 1543 .
113 1481 364 1542 retinuit
411 1484 763 1553 multosque
784 1497 1030 1543 menses
1051 1500 1086 1542 a
1111 1484 1309 1557 capite
1334 1498 1472 1542 meo
1498 1498 1619 1542 non
1640 1482 1931 1543 discessit
1950 1485 2191 1545 abiecta

117 1559 466 1634 quaestoria
496 1574 762 1633 persona
792 1559 1158 1633 comitisque
1184 1564 1446 1632 sumpta,

235 1642 413 1701 XLII.
451 1640 594 1703 101.
639 1640 688 1701 Ο
717 1642 1012 1700 excubias
1041 1647 1196 1713 tuaS,
1224 1639 1339 1700 Cn.
1364 1637 1589 1711 Planci,
1626 1638 1915 1700 miseras!
1948 1658 1985 1699 o
2015 1639 2187 1700 flebi-

112 1729 208 1785 les
239 1722 508 1798 vigilias!
547 1740 584 1783 o
609 1734 821 1784 noctes
844 1724 1130 1783 acerbast
1161 1741 1200 1782 o
1232 1720 1577 1783 custodiam
1609 1720 1789 1781 etiam
1818 1721 1937 1782 mei
1968 1723 2189 1796 capitis

113 1804 451 1868 infelicem!
483 1804 538 1865 si
563 1804 810 1879 quidem
833 1822 952 1880 ego
977 1804 1082 1865 tibi
1113 1804 1295 1865 vivus
1328 1820 1449 1865 non
1482 1820 1752 1878 prosum,
1786 1803 1891 1879 qui
1926 1805 2191 1865 fortasse

113 1898 390 1949 mortuus
421 1888 814 1964 profuissem.
899 1886 1146 1946 Memini
1177 1887 1357 1959 enim,
1387 1884 1632 1947 memini
1662 1903 1865 1960 neque
1900 1902 2188 1962 umquam

120 1971 455 2033 obliviscar
481 1968 682 2031 noctis
714 1968 904 2043 illiuS,
951 1987 1138 2045 quum
1166 1968 1274 2030 tibi
1304 1968 1605 2045 vigilanti,
1647 1968 1984 2042 adsidenti,
2025 1986 2189 2029 mae-

112 2053 269 2116 renti
309 2070 467 2114 vana
509 2053 809 2129 quaedam
851 2052 1038 2115 miser
1079 2062 1266 2128 atque
1310 2051 1511 2113 inania
1554 2052 1705 2112 falsa
1746 2068 1861 2127 spe
1901 2052 2189 2114 inductus

115 2126 483 2214 pollicebar-z
531 2152 659 2208 me,
707 2135 762 2197 si
803 2152 1009 2197 essem
1049 2136 1109 2197 in
1147 2138 1405 2213 patriam
1436 2134 1768 2209 restitutuS,
1799 2144 2189 2212 praesentem

115 2220 223 2281 tibi
254 2220 480 2295 gratias
507 2222 868 2280 relaturum=
918 2220 1013 2281 sin
1061 2233 1265 2282 autem
1312 2222 1491 2281 vitam
1520 2219 1662 2279 mihi
1695 2220 1823 2280 sors
1852 2218 2189 2281 ademisset

117 2310 224 2365 aut
262 2302 355 2363 vis
394 2302 601 2378 aliqua
639 2302 835 2363 maior
873 2303 1132 2364 reditum
1163 2301 1559 2381 peremisset,
1591 2302 1737 2375 hoS,
1768 2303 1885 2362 hos
1909 2336 1998 2349 —-
2026 2318 2187 2377 quos

118 2388 276 2449 enim
311 2402 430 2461 ego
458 2394 584 2447 tum
613 2386 770 2447 alios
800 2386 998 2447 animo
1022 2387 1343 2448 intuebar?
1374 2420 1447 2431 --
1485 2384 1687 2447 omnia
1712 2384 1815 2447 tibi
1836 2386 2073 2446 illorum
2102 2386 2185 2445 la-

120 2471 335 2530 borum
379 2468 649 2544 praemia
689 2485 804 2546 pro
851 2486 948 2529 me
997 2472 1445 2545 persoluturos⁸
1535 2467 1690 2541 Quid
1728 2484 1827 2529 me
1854 2476 2188 2545 aspectas?

122 2552 266 2627 qmd
296 2569 434 2613 mea
462 2552 772 2629 promissa
799 2552 1074 2628 repetis?
1104 2552 1252 2629 quid
1278 2570 1473 2613 meam
1496 2552 1680 2612 fidem
1714 2551 2048 2628 imploras?
2086 2551 2187 2610 Ni-

120 2636 202 2696 hil
226 2634 331 2697 tibi
354 2652 471 2711 ego
497 2645 624 2697 tum
651 2636 730 2695 de
759 2635 912 2696 meis
943 2636 1164 2711 opibus
1187 2636 1537 2711 pollicebar,
1568 2636 1681 2695 sed
1702 2634 1781 2694 de
1806 2634 2021 2696 horum
2042 2650 2189 2709 erga

123 2736 219 2779 me
245 2718 674 2780 benevolentia
703 2718 1156 2795 promittebam=
1197 2719 1315 2780 hos
1361 2736 1476 2795 pro
1518 2734 1615 2778 me
1654 2718 1895 2791 lugere,
1938 2718 2052 2778 hos
2082 2732 2187 2791 ge-

124 2818 316 2875 mere,
359 2802 476 2861 hos
500 2802 815 2863 decertare
847 2818 961 2877 pro
995 2819 1133 2863 meo
1164 2801 1365 2876 capite
1404 2803 1503 2863 vel
1532 2800 1693 2861 vitae
1723 2798 1994 2874 periculo
2027 2799 2189 2860 velle

128 2884 406 2945 videbam
425 2907 441 2940 ε
471 2885 549 2944 de
580 2883 793 2945 horum
826 2885 1164 2955 desiderio,
1193 2886 1379 2958 luctu,
1394 2881 1682 2957 querellis
1704 2880 1929 2943 cotidie
1954 2882 2189 2957 aliquid

127 2978 322 3030 tecum
350 2967 530 3029 simul
554 2968 908 3027 audiebam=
943 2984 1107 3029 nunc
1135 2976 1317 3029 timeo
1341 2983 1420 3028 ne
1446 2964 1552 3025 tibi
1582 2964 1726 3025 nihil
1748 2975 1988 3039 praeter
2012 2966 2189 3026 lacri-

126 3068 253 3111 mas
277 3068 497 3127 queam
524 3051 814 3124 reddere,
863 3068 1020 3126 quas
1065 3059 1132 3113 tu
1158 3049 1220 3110 in
1255 3049 1409 3111 meis
1434 3048 1864 3111 acerbitatibus
1896 3044 2221 3124 plurimas·

124 3132 412 3195 effudisti.
498 3132 642 3196 102.
685 3132 844 3207 Quid
887 3134 1048 3194 enim
1082 3149 1341 3210 possum
1376 3131 1540 3195 aliud
1568 3130 1686 3192 nisi
1725 3148 2028 3203 maerere,
2072 3128 2191 3191 nisi

125 3217 300 3290 flere,
343 3216 462 3278 nisi
496 3224 558 3279 te
589 3233 728 3277 cum
767 3232 906 3277 mea
935 3218 1132 3278 salute
1165 3216 1533 3290 complecti?
1574 3214 1841 3275 Salutem
1872 3214 1978 3275 tibi
2004 3212 2191 3273 iidem

127 3300 271 3360 dare
313 3306 608 3374 possunt,
653 3299 758 3375 qui
801 3299 946 3360 mihi
986 3298 1407 3360 reddiderunt.
1490 3298 1574 3358 Te
1617 3306 1851 3369 tamen,
1901 3312 2187 3371 exsurge,

128 3398 378 3456 quaeso,
403 3380 678 3443 retinebo
719 3391 781 3444 et
814 3384 1214 3458 complectar,
1239 3398 1355 3443 nec
1384 3397 1479 3441 me
1510 3381 1709 3441 solum
1732 3379 2190 3455 deprecatorem
