2459 3817
694 118 865 180 cAP.
898 125 1057 179 14-
1076 124 1161 181 17.
1202 122 1256 185 s.
1282 124 1546 183 31-36-
2032 115 2160 181 263

91 268 267 331 novis
300 268 523 344 opibus
558 266 884 344 copiisque
918 265 1246 329 renovarit.
1307 268 1467 328 XVI.
1505 270 1600 329 Ac
1631 268 1685 329 si
1717 268 1860 331 mihi
1889 286 2050 331 nunc
2079 272 2156 331 de

88 355 275 415 rebus
305 351 495 427 gestis
523 361 691 413 esset
722 350 912 412 nostri
941 350 1248 418 exercitus
1277 351 1786 429 imperatorisque
1811 352 2154 426 dicendum,

90 436 347 513 plurima
378 444 440 497 et
466 434 731 497 maxima
762 434 995 515 proelia
1024 451 1221 497 comm
1262 451 1500 496 morare
1545 452 1826 511 possem=
1879 438 1994 497 sed
2035 454 2154 498 non

89 522 151 581 id
180 518 439 595 agimus,
498 516 599 579 34.
642 518 772 578 Hoc
802 517 973 579 dico=
1004 517 1058 579 si
1086 519 1205 579 bess
1339 519 1477 593 hoc,
1509 518 1562 578 si
1593 518 1692 579 hic
1725 518 1942 593 hostiS,
1975 519 2028 579 si
2055 519 2156 581 ille

88 598 721 665 rex'co-ntemnendds
754 600 999 672 ruisset,
1044 596 1242 675 nequ'
1343 611 1446 665 nta
1482 619 1628 663 cura
1670 611 1920 663 senatus
1957 610 2017 664 et
2047 620 2151 679 po-

90 688 273 761 pulus
300 687 615 747 Romanus
646 684 1104 761 suscipiendum
1138 694 1414 759 putasset
1443 702 1644 761 neque
1677 695 1764 749 tot
1790 704 1986 747 annos
2015 703 2146 761 ges-

88 771 275 831 sisset
312 785 512 844 neque
552 777 719 829 tanta
760 766 953 845 gloria
974 770 1041 831 L.
1058 770 1384 831 Lucullus:
1411 786 1612 843 neque
1649 786 1795 831 vero
1841 770 1974 831 eius
2014 770 2156 830 belli

86 854 537 915 conficiendum
566 854 793 913 exitum
832 860 1000 913 tanto
1046 854 1248 913 studio
1293 853 1560 928 populus
1588 854 1900 913 Romanus
1933 853 2014 913 ad
2051 855 2155 913 Cn.

87 936 440 1011 Pompeium
476 935 823 997 detulisset:
881 933 1057 997 cuius
1102 951 1183 995 ex
1216 935 1498 997 omnibus
1530 934 1784 1011 pugnis,
1827 952 1985 1009 quae
2017 946 2158 997 sunt

88 1018 579 1091 innumerabiles,
620 1020 717 1079 vel
744 1018 1042 1079 acerrima
1073 1017 1217 1079 mihi
1249 1017 1491 1079 videtur
1515 1017 1636 1091 illa,
1669 1034 1828 1093 quae
1853 1035 1990 1078 cum
2011 1034 2156 1093 rege

88 1102 421 1163 commissa
450 1110 549 1161 est
577 1110 638 1162 et
666 1118 905 1161 summa
932 1098 1320 1163 contentione
1350 1110 1640 1176 pugnata.
1698 1100 1827 1175 Qua
1849 1118 1926 1161 ex
1949 1118 2154 1176 pugna

86 1202 275 1260 quum
305 1202 375 1245 se
404 1185 503 1243 ille
526 1183 855 1259 eripuisset
880 1194 941 1245 et
960 1184 1351 1259 Bosphorum
1379 1185 1776 1259 confugisset,
1827 1201 1950 1259 quo
1983 1201 2152 1247 excr-

88 1269 245 1329 citus
279 1266 449 1326 adire
484 1284 605 1327 non
637 1275 871 1341 posset,
908 1266 1087 1327 etiam
1116 1268 1175 1327 in
1212 1276 1486 1329 extrema
1516 1270 1756 1330 fortuna
1783 1276 1846 1329 et
1875 1268 2020 1342 fuga
2047 1285 2155 1329 no·

88 1368 223 1413 men
256 1358 452 1411 tame-n
479 1348 722 1411 retinuit
745 1350 995 1425 regium.
1049 1350 1261 1427 Itaque
1282 1349 1422 1425 ipso
1445 1350 1772 1427 Pompeius
1796 1368 1986 1425 regno
2011 1368 2151 1427 pos-

88 1450 301 1507 sesse,
344 1450 421 1493 ex
454 1432 735 1495 omnibus
766 1433 892 1495 oris
924 1450 997 1494 ac
1025 1433 1185 1494 notis
1218 1434 1473 1495 sedibus
1503 1436 1681 1496 hoste
1708 1435 1924 1511 pulso,
1957 1442 2152 1495 tamen
2213 1446 2219 1450 ·

88 1526 313 1579 tantum
342 1516 399 1577 in
434 1517 615 1578 unius
650 1516 851 1579 anima
884 1516 1111 1593 posuit,
1147 1526 1229 1590 ut,
1267 1535 1453 1593 quum
1485 1518 1706 1590 omnia,
1743 1534 1904 1594 quae
1939 1517 2039 1579 ille
2068 1528 2150 1579 te-

88 1610 317 1673 nuerat,
352 1600 600 1673 adierat,
636 1606 933 1677 sperarat,
970 1600 1223 1676 victoria
1247 1602 1616 1677 possideret,
1645 1610 1844 1662 tamen
1871 1619 1992 1663 non
2015 1610 2156 1662 ante

88 1702 269 1761 quam
311 1683 477 1745 illum
520 1683 641 1745 vita
674 1686 911 1759 expulit
948 1686 1173 1745 bellum
1209 1688 1554 1745 confectum
1595 1684 1892 1745 iudicarit.
1979 1686 2154 1744 Hunc

86 1780 149 1830 tu
177 1769 449 1836 hostem,
482 1768 657 1839 Cato,
692 1767 1053 1839 contemnis,
1082 1783 1348 1842 quocum
1377 1784 1488 1842 per
1517 1775 1604 1827 tot
1632 1783 1828 1825 annos
1859 1774 1948 1828 tot
1975 1783 2153 1841 proe-

88 1852 183 1911 liis
226 1860 313 1913 tot
352 1850 752 1924 imperatores
786 1851 949 1911 bella
976 1857 1344 1923 gesserunt?
1395 1848 1570 1910 cuius
1612 1848 1858 1925 expulsi
1889 1858 1950 1909 et
1979 1849 2154 1909 eiecti

89 1935 210 1995 vita
239 1932 387 1995 tanti
416 1931 733 1993 aestimata
759 1942 875 2004 est,
929 1940 996 1993 ut
1028 1940 1221 1993 morte
1255 1934 1388 1993 eius
1433 1932 1704 1991 nuntiata
1733 1940 1856 1991 tum
1889 1931 2156 2005 denique

86 2018 309 2077 betium
352 2018 697 2077 confectum
736 2013 1168 2077 arbitraretur?
1224 2016 1358 2076 Hoc
1400 2014 1583 2090 igitur
1624 2014 1682 2073 in
1725 2014 1886 2075 bello
1927 2016 1994 2075 L.
2023 2014 2149 2075 Mu-

85 2116 325 2171 renam,
361 2100 623 2173 legatum
660 2096 970 2159 fortissimi
1003 2097 1215 2172 animi,
1247 2098 1466 2160 summi
1495 2096 1764 2170 consilii,
1795 2096 2036 2157 maximi
2070 2100 2150 2157 la·

84 2183 253 2243 boris
296 2182 605 2256 cognitum
638 2198 781 2243 esse
811 2181 1223 2255 defendimus,
1271 2191 1331 2244 et
1369 2182 1527 2241 hanc
1568 2180 1700 2241 eius
1743 2197 1994 2255 operam
2029 2198 2150 2241 non

84 2266 285 2327 minus
334 2266 413 2326 ad
470 2266 853 2327 consulatum
902 2265 1372 2341 adipiscendum
1429 2280 1612 2339 quam
1665 2264 1824 2325 hanc
1881 2274 2153 2325 nostram

85 2352 389 2411 forensem
418 2348 777 2410 industriam
808 2347 1115 2423 dignitatis
1146 2348 1458 2410 habuisse.

252 2431 562 2496 xv11.35.
592 2436 675 2492 At
695 2432 853 2493 enim
877 2431 937 2493 in
967 2442 1291 2507 praeturae
1315 2430 1608 2507 petitione
1638 2431 1806 2508 prior
1842 2427 2150 2493 renuntia-

84 2525 183 2577 tus
206 2524 302 2577 est
324 2515 597 2577 Servius.
651 2514 990 2591 pergitisne
1012 2533 1127 2576 vos
1155 2525 1460 2591 tamquam
1485 2532 1564 2577 ex
1591 2514 1948 2593 syngrapha
1969 2530 2153 2589 agere

84 2616 221 2661 cum
253 2600 515 2674 populo,
556 2608 623 2659 ut
652 2614 833 2675 quem
862 2600 1065 2661 locum
1100 2600 1291 2664 semel
1321 2597 1574 2659 honoris
1605 2599 1866 2675 cuipiam
1898 2596 2151 2667 dederit,

84 2682 365 2743 eumdem
415 2681 668 2757 reliquis
723 2682 1059 2745 honoribus
1118 2684 1378 2743 debeat?
1469 2682 1647 2755 Quod
1705 2680 1865 2743 enim
1915 2682 2150 2750 fretum,

86 2779 270 2841 quem
298 2764 591 2841 Euripum
622 2772 709 2825 tot
736 2774 969 2837 motuS,
1002 2774 1231 2837 tantaS,
1278 2774 1398 2825 tam
1430 2764 1630 2825 varias
1665 2764 1890 2825 habere
1923 2762 2150 2837 putatis

88 2844 455 2918 agitationes
472 2846 1108 2919 commutationesque
1126 2846 1440 2915 fluctuum,
1461 2842 2136 2919 quantas-perturbatio·
2198 2876 2202 2880 -

88 2944 201 2989 nes
226 2936 291 2987 et
314 2936 577 3003 quantos
601 2936 813 2989 aestus
838 2929 1023 2989 habet
1046 2929 1200 2989 ratio
1218 2928 1643 2989 comitiorum?
1674 2927 1816 2987 Dies
1841 2923 2138 2985 intermis-

77 3020 189 3075 sus
240 3020 347 3071 aut
396 3027 522 3071 nox
573 3007 932 3083 interposita
984 3024 1175 3081 saepe
1224 3006 1538 3083 perturbat
1591 3006 1796 3069 omnia
1849 3015 1911 3067 et
1959 3014 2145 3067 totam

78 3094 427 3169 opinionem
485 3110 677 3169 parva
726 3108 847 3151 non
905 3107 1233 3167 numquam
1285 3098 1615 3151 commutat
1665 3106 1813 3150 aura
1863 3088 2142 3150 rumoris.

80 3178 281 3255 Saepe
325 3176 503 3238 etiam
545 3174 678 3237 sine
717 3174 839 3235 ull'a
869 3182 1080 3249 aperta
1116 3189 1304 3233 causa
1333 3174 1400 3235 fit
1427 3174 1592 3233 aliud
1624 3181 1809 3247 atque
1838 3169 2141 3232 existima-

80 3279 194 3335 ηε,
254 3276 322 3323 ut
384 3277 507 3322 non
549 3274 879 3333 numquam
908 3258 991 3319 ita
1023 3260 1245 3318 sactum
1273 3272 1418 3317 esse
1447 3256 1626 3315 etiam
1661 3254 1930 3329 populus
1957 3251 2142 3313 admi-

76 3352 271 3420 retur,
314 3346 493 3419 quasi
535 3360 681 3406 vero
724 3358 845 3403 non
884 3340 1023 3417 ipse
1064 3337 1293 3403 fecerit,
1378 3336 1478 3399 36.
1523 3336 1678 3395 Nihil
1721 3344 1816 3395 est
1857 3334 2145 3395 incertius
