2459 3817
750 186 917 247 cAP.
948 194 1209 251 236—ae.
1253 192 1306 254 s.
1341 194 1666 249 145—151.
2141 188 2266 257 169

184 350 657 409 racusanorum,
714 352 869 411 quas
913 334 1031 397 iste
1085 337 1165 397 ad
1208 335 1520 397 arbitrium
1549 350 1728 395 suum
1761 336 2074 399 confectas
2109 354 2257 401 esse

186 418 541 479 arbitratum
584 419 738 479 cedo
773 418 1069 479 rationem
1100 420 1396 493 carceris,
1431 434 1590 495 quae
1619 417 2082 493 diligentissime
2114 437 2260 483 con-

185 501 415 574 ficitur,
459 518 585 577 quo
634 500 897 577 quisque
932 502 1033 562 die
1078 502 1259 563 datus
1297 502 1360 561 in
1391 501 1764 575 custodiam,
1809 520 1932 577 quo
1961 513 2260 579 mortuus,

188 601 314 659 quo
353 593 607 647 necatus
646 584 744 645 sit.
806 584 1113 644 [ΜΔΕ
1161 600 1700 647 εγιιᾼσυεᾼκοιωιι.
1786 583 1928 649 148.
2016 586 2259 647 Videtis

187 669 359 727 cives
389 668 704 729 Romanos
732 668 1027 743 gregatim
1056 668 1369 730 coniectos
1409 668 1473 728 in
1513 667 1870 729 lautumias=
1915 668 2138 730 videtis
2167 670 2258 729 in-

186 748 546 825 dignissimo
575 750 637 810 in
667 752 805 812 loeo
848 759 1270 811 coacervatam
1314 750 1753 813 multitudinem
1792 761 2134 813 vestrorum
2175 754 2258 813 ci-

185 832 371 893 vium.
446 832 727 907 Quaerite
764 850 926 894 nunc
957 833 1244 909 vestigia,
1294 835 1516 908 quibus
1551 833 1752 894 exitus
1781 851 1994 896 eorum
2033 852 2112 895 ex
2153 835 2257 896 illo

184 918 324 977 loco
356 924 767 991 compareant.
830 917 1009 977 Nulla
1036 925 1197 978 sunt.
1261 916 1568 977 Omnesne
1590 918 1852 977 mortui?
1913 917 1980 977 Si
2007 917 2090 977 ita
2110 934 2258 992 pos·

184 1007 283 1060 set
323 1000 685 1072 defendere,
730 1007 929 1060 tamen
970 1000 1129 1061 fides
1174 999 1318 1060 huic
1349 997 1696 1059 defensioni
1736 1016 1858 1059 non
1909 1000 2256 1060 haberetur.

186 1081 309 1141 Sed
343 1081 637 1157 scriptum
683 1090 886 1143 exstat
912 1081 974 1140 in
1005 1081 1223 1142 iisdem
1267 1081 1514 1155 litteriS,
1559 1082 1727 1155 quod
1757 1082 1872 1143 iste
1900 1082 2084 1141 homo
2119 1083 2256 1141 bar-

181 1166 371 1224 barus
400 1180 475 1223 ac
502 1164 840 1225 dissolutus
882 1180 1085 1238 neque
1114 1164 1426 1225 attendere
1455 1181 1746 1238 umquam
1795 1181 1998 1241 neque
2039 1163 2256 1226 intelli-

180 1262 331 1321 gere
361 1246 587 1320 potuit=
628 1246 1365 1320 ΕΔΚΑΙΩΘΗΣΑΝ,
1405 1245 1632 1321 inquit,
1661 1246 1780 1307 hoc
1809 1257 1934 1320 est,
1975 1255 2039 1308 ut
2067 1247 2255 1308 Siculi

182 1333 550 1405 loquuntur,
602 1326 908 1403 supplicio
951 1328 1175 1391 adfecti
1218 1344 1295 1389 ac
1337 1329 1536 1390 necati
1587 1337 1748 1390 sunt.
1824 1331 2033 1391 LVlll.
2112 1328 2254 1391 149.

182 1412 251 1471 Si
282 1410 387 1485 qui
417 1428 558 1483 rex,
604 1411 659 1471 si
694 1427 817 1486 qua
850 1410 1064 1473 civitas
1096 1420 1440 1473 exterarum
1487 1412 1786 1487 gentium,
1827 1413 1882 1475 si
1924 1430 2047 1488 qua
2089 1414 2254 1475 natio

182 1494 437 1556 fecisset
469 1493 705 1570 aliquid
729 1493 789 1553 in
822 1495 993 1555 cives
1018 1496 1332 1556 Romanos
1362 1494 1498 1557 eius
1531 1494 1730 1569 modi,
1773 1512 1978 1557 nonne
2005 1497 2254 1572 publice

180 1576 679 1638 vindicaremus?
720 1593 925 1638 nonne
953 1578 1113 1639 bello
1144 1586 1700 1654 persequeremur?
1730 1596 2063 1655 possemus
2095 1580 2254 1639 hanc

182 1659 463 1721 iniuriam
483 1659 999 1735 ignominiamque
1026 1661 1288 1722 nominis
1311 1660 1568 1723 Romani
1596 1662 1845 1723 inultam
1867 1662 2253 1736 impunitam-

186 1761 309 1817 que
338 1742 679 1804 dimittere?
745 1742 904 1817 Quot
945 1743 1107 1803 bella
1140 1746 1406 1806 maiores
1452 1751 1704 1804 nostros
1745 1752 1808 1804 et
1845 1752 2076 1817 quanta
2116 1759 2253 1803 sus-

182 1825 431 1901 cepisse
455 1826 853 1900 arbitramini,
884 1826 1052 1901 quod
1083 1826 1252 1887 cives
1274 1824 1535 1886 Romani
1561 1823 1782 1885 iniuria
1810 1824 2050 1897 adfecti,
2085 1826 2254 1900 quod

182 1908 543 1970 navicularii
567 1909 817 1983 retenti,
849 1908 1018 1983 quod
1049 1916 1423 1970 mercatores
1453 1907 1700 1983 spoliati
1732 1906 2119 1969 dicerentur?
2171 1909 2256 1967 At

185 2008 303 2067 ego
334 1992 455 2053 iam
483 2000 755 2053 retentos
785 2008 910 2053 non
942 2007 1197 2066 queror:
1244 1990 1542 2066 spoliatos
1575 1992 1892 2051 ferendum
1923 1999 2103 2066 puto=
2145 2004 2253 2051 na·

180 2074 394 2148 vibus,
443 2073 797 2151 mancipiiS,
830 2075 1133 2135 mercibus
1165 2074 1500 2150 ademptis,
1540 2073 1600 2133 in
1654 2072 1854 2133 vincla
1882 2082 2252 2135 mercatores

181 2174 329 2218 esse
359 2157 672 2219 coniectos
702 2166 764 2219 et
788 2156 851 2218 in
899 2156 1118 2217 vinclis
1162 2156 1333 2217 cives
1359 2158 1672 2219 Romanos
1703 2165 1958 2219 necatos
1987 2174 2130 2218 esse
2155 2174 2250 2217 ar-

180 2252 328 2315 guo.
392 2241 532 2302 150.
597 2240 664 2302 Si
694 2242 847 2301 haec
880 2241 1050 2315 apud
1085 2239 1349 2317 Scythas
1383 2240 1648 2301 dicerem
1671 2286 1688 2313 ,
1717 2257 1842 2301 non
1870 2239 1970 2301 hic
1995 2239 2058 2299 in
2091 2248 2254 2299 tanta

183 2322 566 2385 multitudine
596 2323 817 2385 civium
848 2325 1294 2397 Romanorum,
1329 2340 1452 2385 non
1482 2323 1649 2399 apud
1685 2330 2004 2384 senatores
2052 2320 2252 2383 lectis-

184 2406 377 2467 simos
418 2406 711 2480 civitatiS,
753 2423 875 2467 non
918 2406 980 2465 in
1026 2408 1162 2467 foro
1209 2406 1426 2482 populi
1451 2405 1738 2479 Romani,
1794 2406 1872 2465 de
1917 2412 2008 2466 tot
2049 2413 2252 2466 ettam

180 2488 430 2551 acerbis
472 2488 795 2565 suppliciis
836 2487 1061 2550 civium
1088 2491 1524 2563 Romanorum,
1558 2497 1758 2549 tamen
1787 2488 2027 2549 animos
2070 2487 2248 2549 etiam

182 2572 589 2635 barbarorum
626 2571 937 2634 hominum
988 2588 1430 2648 permoverem.
1494 2573 1684 2632 Tanta
1731 2571 1891 2633 enim
1930 2571 2112 2633 huius
2141 2570 2250 2629 im·
2329 2589 2352 2603 κ

180 2655 341 2731 perii
394 2655 761 2731 amplitude,
806 2664 973 2717 tanta
1017 2655 1278 2717 nominis
1325 2656 1582 2717 Romani
1629 2653 1891 2730 dignitas
1941 2664 2040 2715 est
2085 2653 2252 2729 apud

183 2751 401 2799 omnes
456 2739 767 2812 nationes,
822 2747 891 2801 ut
934 2738 1053 2799 ista
1080 2738 1142 2797 in
1176 2748 1425 2801 nostros
1459 2736 1742 2799 homines
1771 2738 2102 2799 crudelitas
2145 2752 2252 2797 ne·

178 2822 325 2881 mini
360 2838 662 2882 concessa
699 2838 843 2882 esse
873 2821 1172 2883 videatur.
1230 2822 1405 2882 Nunc
1434 2819 1543 2881 tibi
1581 2836 1699 2895 ego
1741 2822 1944 2882 ullam·
1973 2822 2252 2893 salutem,

180 2907 372 2967 ullum
400 2904 746 2982 perfugium
776 2913 981 2980 putem
999 2950 1015 2977 ,
1057 2922 1244 2980 quum
1287 2912 1348 2965 te
1389 2902 1760 2980 implicatum
1805 2907 2128 2967 severitate
2161 2904 2250 2964 iu-

78 3032 91 3036 -
180 2988 405 3062 dicum,
432 2988 897 3050 circumretitum
922 2986 1263 3062 frequentia
1285 2988 1500 3063 populi
1521 2988 1780 3049 Romani
1803 3005 1948 3051 esse
1968 2988 2253 3048 videam?

182 3070 325 3133 151.
387 3070 453 3133 Si
492 3072 839 3132 mehercule
875 3104 963 3117 ——
1002 3072 1064 3131 id
1106 3070 1275 3147 quod
1316 3070 1452 3133 fieri
1489 3089 1611 3133 non
1640 3088 1834 3147 posse
1868 3070 2138 3145 intelligo
2165 3100 2253 3113 -

181 3168 261 3215 ex
285 3154 384 3215 his
418 3163 480 3215 te
507 3154 749 3230 laqueis
776 3154 1022 3217 exueris
1052 3171 1127 3215 ac
1156 3163 1213 3216 te
1241 3153 1448 3231 aliqua
1474 3155 1575 3215 via
1618 3172 1692 3217 ac
1719 3155 1953 3217 ratione
1984 3151 2251 3227 explica-

178 3237 295 3310 ris,
327 3236 387 3297 in
418 3238 553 3299 illas
584 3237 692 3298 tibi
726 3239 987 3299 maiores
1024 3239 1240 3313 plagas
1268 3237 1660 3299 incidendum
1693 3247 1817 3310 est,
1859 3235 1920 3295 in
1946 3234 2170 3309 quibus
2193 3242 2252 3294 te

178 3321 263 3381 ab
301 3321 525 3381 eodem
581 3337 681 3381 me
722 3321 1040 3397 superiore
1085 3338 1164 3381 ex
1194 3323 1333 3383 loco
1365 3321 1586 3383 confici
1627 3329 1688 3382 et
1716 3317 1958 3383 concidi
1993 3331 2252 3377 necesse

178 3412 299 3464 est.
368 3404 475 3465 Cui
512 3402 567 3464 sl
592 3406 773 3467 etiam
804 3405 897 3475 id,
924 3404 1092 3481 quod
1122 3403 1414 3473 defendit,
1445 3402 1628 3463 velim
1659 3400 2021 3475 concedere,
2051 3408 2250 3461 tamen
