2459 3817
755 146 917 209 cAP.
949 154 1215 210 34—36.
1255 154 1305 213 s.
1333 156 1403 211 85
1421 156 1598 211 ——92
2083 146 2214 215 249

110 298 216 360 'xre
249 298 509 371 vellent,
539 304 605 357 ut
636 298 719 357 ad
749 296 1195 363 defendendam
1239 312 1366 361 rem
1401 295 1708 372 publicam
1747 306 1808 359 te
1839 298 2215 373 adhortarer‚

118 380 351 455 quoad
372 387 696 452 metueres,
728 378 930 441 omnia
951 387 1011 442 te
1048 380 1518 455 promissurum
1553 378 1736 441 simul
1764 395 1838 449 ae
1867 381 2077 445 timere
2105 382 2208 443 de-

116 463 367 537 sisseS,
398 460 658 523 similem
704 470 765 522 te
795 462 1058 527 mturum
1091 462 1195 524 tui.
1277 463 1488 537 Itaque
1519 480 1708 538 quum
1777 461 1963 525 ceteri
1993 478 2211 525 eonsu-

118 548 301 606 lares
346 544 506 605 irent
565 543 865 619 redirent,
908 544 969 607 in
991 544 1302 619 ‚sententia
1345 547 1574 607 mansis
1615 561 1818 621 neque
1859 555 1921 607 te
1961 544 2068 607 illo
2111 545 2214 607 die

118 644 347 703 neque
388 635 640 702 postero
687 626 816 691 vidi
853 644 1055 703 neque
1084 629 1264 691 ullam
1295 628 1652 691 societatem
1683 628 1928 703 optimis
1972 627 2218 690 civibus

116 728 272 772 eum
303 709 825 785 importunissimo
858 711 1035 773 hoste
1065 713 1316 773 foedere
1345 713 1468 771 ullo
1495 711 1842 773 confirmari
1864 728 2057 786 posse
2081 728 2216 771 ere-

120 794 281 855 didi.
382 792 531 853 Post
576 792 737 855 diem
780 792 1021 857 tertium
1077 794 1217 853 veni
1251 793 1312 853 in
1344 794 1560 853 aedem
1592 794 1848 855 Telluris
1877 802 1938 853 et
1961 794 2212 868 quidem

117 876 393 950 invitus,
428 892 616 950 quum
648 892 863 937 omnes
888 877 1093 939 aditus
1123 876 1336 939 armati
1373 876 1741 971 obsiderent.
1830 875 1931 937 90.
1963 875 2076 948 Qui
2105 876 2214 937 tibi

122 1040 442 1111 exstitisti,
472 1049 672 1101 tamen
696 1056 793 1099 me
829 1042 913 1101 tui
940 1040 1207 1114 miseret,
1241 1042 1407 1115 qued
1437 1039 1550 1103 tibi
1577 1039 1890 1101 invideris.
1943 1040 2219 1101 XXXVI.

122 1122 248 1183 oui
278 1131 345 1182 tu
375 1123 497 1195 vir,
542 1121 605 1181 di
644 1122 1046 1184 immortales!
1089 1133 1151 1184 et
1191 1131 1456 1198 quantus
1485 1124 1742 1197 fuisseS,
1791 1124 1846 1185 si
1883 1121 2046 1183 illius
2091 1122 2214 1182 diei

126 1214 403 1267 mentem
452 1220 703 1266 servare
727 1203 1071 1278 potuisses!
1112 1206 1329 1269 Pacem
1361 1206 1742 1277 haberemuS,
1776 1221 1937 1280 quae
1963 1213 2096 1267 erat
2126 1208 2211 1265 sa-

127 1298 235 1349 eta
268 1304 383 1363 per
411 1286 721 1359 obsidem,
760 1304 1017 1362 puerum
1051 1288 1336 1363 nobilem,
1363 1288 1445 1355 Μ.
1467 1288 1880 1351 Bambalionis
1905 1296 2215 1363 nepotem.

126 1372 513 1446 Quamquam
547 1371 773 1432 bonum
804 1379 864 1434 te
890 1372 1068 1433 timor
1095 1371 1386 1446 faciebat,
1419 1387 1543 1441 non
1573 1371 1896 1435 diuturnus
1925 1370 2220 1446 magister

128 1454 357 1517 offleii:
393 1453 735 1529 improbum
766 1453 915 1519 feeit
938 1470 1043 1527 ea,
1076 1471 1266 1530 quae,
1299 1456 1443 1518 dum
1471 1456 1652 1518 timor
1679 1456 1884 1528 abest,
1931 1472 1968 1515 a
1997 1462 2056 1515 te
2086 1472 2212 1515 non

126 1535 413 1609 discedit,
448 1537 725 1599 audacia.
809 1536 941 1601 Etsi
964 1546 1107 1611 tum,
1134 1555 1324 1613 quum
1355 1538 1646 1615 optimum
1677 1546 1736 1599 te
1777 1539 2070 1614 putabant
2113 1553 2219 1599 me

133 1620 381 1695 quidem
412 1619 847 1691 dissentiente,
878 1620 1081 1685 funeri
1122 1621 1383 1698 tyranni,
1421 1621 1476 1683 si
1509 1620 1662 1681 illud
1697 1623 1880 1681 funus
1905 1620 2034 1692 fuit,
2069 1636 2210 1681 see-

130 1700 503 1769 .eratissime
529 1702 864 1776 praefuisti.
950 1703 1077 1767 Tua
1105 1703 1207 1763 illa
1241 1705 1456 1781 pulcra
1487 1702 1790 1775 laudatio,
1826 1710 1928 1763 tua
1955 1702 2206 1765 misera-

130 1785 235 1858 tio,
268 1792 377 1849 tua,
405 1783 770 1849 cohortatio:
793 1782 902 1849 91.
934 1792 1026 1857 tu,
1056 1792 1149 1857 tu,
1181 1784 1462 1859 inquam,
1493 1784 1632 1845 illas
1663 1786 1834 1846 faces
1863 1784 2216 1859 incendisti,

130 1877 197 1929 et
252 1883 391 1939 eae,
452 1866 679 1942 quibus
732 1869 1167 1933 semustulatus
1220 1869 1322 1931 ille
1371 1875 1500 1943 est,
1550 1875 1612 1929 et
1659 1884 1798 1942 eae,
1848 1866 2072 1944 quibus
2122 1867 2212 1927 in-

136 1967 325 2012 censa
389 1950 457 2011 L.
518 1949 772 2013 Bellieni
835 1950 1055 2015 demus
1124 1949 1505 2025 deflagravit.
1620 1950 1710 2013 Tu
1758 1951 1897 2013 illos
1945 1948 2215 2025 impetus

137 2033 515 2109 perditorum
554 2031 869 2097 hominum
918 2040 978 2094 et
1020 2050 1101 2093 ex
1138 2033 1404 2097 maxima
1442 2042 1616 2109 parte
1658 2049 2007 2106 servorum,
2051 2050 2219 2107 quos

135 2134 255 2177 nos
302 2114 365 2175 vi
432 2131 744 2190 manuque
808 2115 1189 2191 reppulimus
1220 2162 1237 2187 ‚
1312 2115 1373 2178 in
1440 2126 1686 2181 uestras
1749 2117 1968 2179 domos
2021 2114 2212 2176 immi-

138 2200 291 2261 sisti.
396 2199 563 2263 Idem
624 2206 826 2265 tamen
888 2199 1067 2273 quasi
1132 2198 1383 2275 fuligine
1436 2200 1718 2261 abstersa,
1777 2198 2034 2275 reliquis
2083 2197 2214 2259 die-

139 2284 256 2345 bus
301 2282 364 2343 in
394 2280 692 2356 capitolio
735 2283 1052 2357 praeclara
1094 2292 1350 2349 senatus
1395 2284 1676 2345 consulta
1704 2281 1935 2357 fecisti,
1978 2298 2056 2343 ne
2087 2298 2212 2356 qua

144 2373 289 2441 post,
310 2366 461 2431 Idus
488 2364 739 2429 Martias
779 2364 1179 2431 immunitatis.
1191 2368 1400 2431 tabula
1415 2382 1578 2427 neve
1593 2368 1767 2431 euius
1784 2365 2210 2440 [quambene-

140 2448 263 2509 fieii
301 2448 609 2524 figeretw
696 2447 1022 2511 Meministi
1066 2450 1202 2525 ipse
1232 2449 1314 2509 de
1342 2448 1694 2522 exsulibus,
1723 2447 1850 2510 seis
1884 2448 1965 2509 de
1993 2450 2209 2509 immu-

140 2531 321 2593 nitate
360 2530 509 2607 quid
544 2529 798 2593 dixeris.
887 2530 1191 2607 Optimum
1216 2548 1400 2605 vero,
1426 2532 1593 2607 quod
1623 2530 1958 2593 dictaturae
1986 2546 2213 2591 nomen

141 2614 201 2675 in
244 2622 605 2691 perpetuum
646 2616 727 2677 de
766 2632 837 2677 re
873 2614 1120 2690 publiea
1162 2614 1482 2680 sustulisti.
1581 2614 1712 2688 Quo
1761 2614 2008 2688 quidem
2049 2614 2217 2673 facto

142 2706 365 2759 tanturn
404 2706 467 2761 te
507 2698 755 2773 cepisse
801 2697 1007 2761 odium
1052 2698 1227 2773 regni
1271 2698 1608 2769 videbatur,
1663 2702 1732 2756 ut
1787 2696 1921 2755 eius
1965 2709 2210 2755 omnem

146 2787 389 2855 propter
428 2780 771 2855 proximum
814 2781 1171 2845 dictatorem
1208 2788 1434 2845 metum
1472 2780 1740 2841 tolleres.
1837 2774 1940 2841 92.
1975 2774 2210 2839 Consti-

145 2872 267 2925 tuta
300 2878 402 2923 res
460 2863 709 2938 publiea
752 2862 1071 2927 videbatur
1098 2861 1267 2937 aliis,
1299 2860 1443 2925 mihi
1471 2876 1622 2921 vero
1652 2860 1817 2919 nullo
1847 2860 2062 2932 modo,
2106 2859 2214 2934 qui

148 2946 341 3010 omnia
381 2953 449 3007 te
486 2946 867 3021 gubernante
914 2946 1230 3019 naurmgia
1264 2943 1626 3006 metuebam.
1713 2943 1866 3004 Num
1898 2940 2082 3018 igitur
2109 2957 2214 3001 me

150 3030 390 3091 fefellit?
432 3037 543 3093 aut
576 3045 724 3092 num
762 3026 990 3092 diutius
1033 3027 1130 3091 sui
1172 3026 1370 3103 potnit
1391 3028 1704 3089 dissimilis
1749 3028 1932 3093 esse?
1994 3026 2210 3099 Inspe-

150 3112 437 3175 etantibus
481 3111 659 3175 vobis
698 3120 829 3175 tote
858 3108 1157 3186 capitolio
1199 3110 1444 3175 tabulae
1478 3110 1854 3184 figebantur,
1873 3124 2078 3182 neque
2107 3122 2212 3167 so-

154 3198 265 3257 lum
302 3195 559 3272 singulis
600 3194 890 3259 venibant
934 3192 1375 3267 immunitates,
1418 3193 1534 3259 sed
1573 3192 1754 3271 etiam
1790 3188 2038 3267 papulis
2077 3188 2210 3249 uni-

153 3279 355 3339 versis.
452 3278 679 3341 Civitas
710 3295 839 3339 non
863 3276 983 3341 iam
1014 3276 1382 3353 singillatim,
1417 3276 1530 3339 sed
1564 3272 1902 3352 provinciis
1930 3269 2074 3335 totis
2103 3272 2208 3333 da·

154 3362 327 3426 batur.
426 3362 639 3439 Itaque
668 3361 722 3423 si
749 3362 903 3422 haee
930 3368 1203 3437 manent,
1249 3376 1416 3437 quae
1447 3366 1648 3420 stante
1691 3372 1762 3417 re
1793 3354 2042 3432 publiea
2083 3370 2200 3415 ma-
