2459 3817
215 179 342 246 258
782 175 932 240 PRO
962 181 1027 240 L.
1058 181 1389 244 MURENA
1426 179 1730 242 ORATIO.

226 338 417 400 virtus
461 345 733 416 praestat
819 340 1037 399 ceteris
1081 337 1382 398 omnibus.
1468 339 1539 398 X.
1584 339 1749 397 Haec
1794 353 2013 398 nomen
2063 339 2281 414 populo

225 425 522 494 Romano,
558 421 711 482 haec
746 421 886 481 huic
917 420 1048 481 urbi
1084 430 1392 483 aeternam
1425 421 1679 497 gloriam
1710 420 1974 496 peperitz
2006 420 2161 482 haec
2192 439 2281 482 or·

226 508 363 567 bem
403 515 696 566 terrarum
738 518 953 580 parere
995 504 1136 565 huic
1179 504 1435 580 imperio
1481 504 1710 578 coegit=
1768 521 1981 566 omnes
2025 505 2283 566 urbanae

226 607 345 662 reS,
379 587 580 649 omnia
604 588 756 648 haec
786 597 996 648 nostra
1024 590 1339 664 praeclara
1369 587 1571 649 studia
1592 596 1651 647 et
1678 586 2123 650 haecIorensis
2157 590 2281 648 laus

226 681 286 734 et
310 670 608 733 industria
637 672 821 732 latent
847 671 909 731 in
941 672 1126 732 tutela
1153 687 1228 731 ac
1257 671 1565 747 praesidio
1594 670 1853 732 bellicae
1874 669 2137 732 virtutis.
2196 671 2280 731 Si-

228 756 348 816 mul
381 762 565 830 atque
609 752 908 830 increpuit
949 751 1212 830 suspitio
1268 757 1585 826 tumultuS,
1632 763 1795 816 artes
1860 752 2001 815 ilico
2044 763 2283 815 nostrae

227 838 666 900 conticescunt.

391 921 494 984 23.
537 921 613 981 Et
645 919 931 997 quoniam
961 921 1107 982 mihi
1147 920 1376 983 videris
1407 919 1586 982 istam
1622 919 1933 982 scientiam
1964 919 2115 982 iuris
2144 929 2281 982 tam-

234 1022 410 1082 quam
452 1004 699 1065 filiolam
739 1005 1006 1065 osculari
1051 1016 1247 1079 tuam,
1293 1021 1413 1066 non
1455 1003 1653 1079 patiar
1691 1012 1749 1065 te
1792 1004 1851 1064 in
1887 1013 2054 1066 tanto
2086 1021 2285 1066 errore

231 1087 488 1159 versari,
540 1097 608 1149 ut
650 1089 812 1150 istud
863 1088 1074 1150 nescio
1122 1087 1300 1164 quid,
1355 1088 1521 1163 quod
1568 1095 1734 1149 tanto
1778 1103 1967 1164 opere
2008 1086 2285 1161 didicisti,

228 1173 604 1250 praeclarum
645 1170 875 1247 aliquid
917 1188 1060 1234 esse
1100 1171 1413 1233 arbitrere.
1500 1169 1656 1231 Aliis
1698 1185 1815 1246 ego
1851 1179 1909 1232 te
1950 1169 2283 1243 virtutibuS,

228 1255 666 1328 continentiae,
715 1254 1059 1329 gravitatis,
1117 1255 1410 1327 iustitiae,
1462 1253 1637 1325 fidei,
1725 1253 1945 1315 ceteris
1989 1253 2263 1316 omnibus

229 1339 546 1400 consulatu
569 1346 629 1399 et
651 1337 815 1398 omni
835 1338 1071 1399 honore
1093 1355 1339 1414 semper
1354 1336 1776 1414 dignissimum
1797 1337 2087 1398 iudicavit
2124 1337 2285 1413 quod

231 1420 476 1495 quidem
501 1420 597 1479 ius
623 1419 800 1480 civile
824 1420 1108 1494 didicisti,
1137 1438 1260 1483 non
1286 1421 1501 1492 dicam,
1536 1437 1785 1496 operam
1810 1420 2147 1497 perdidisti,
2178 1421 2287 1481 sed

229 1504 376 1563 illud
407 1502 637 1574 dicam,
679 1505 904 1563 nullam
935 1521 1078 1566 esse
1107 1503 1168 1564 in
1207 1503 1311 1565 illa
1352 1502 1677 1578 disciplina
1704 1503 1994 1566 munitam
2040 1505 2117 1564 ad
2148 1519 2285 1565 con—

228 1589 489 1648 sulatum
513 1585 690 1646 viam.
751 1587 972 1648 Omnes
997 1585 1156 1648 enim
1186 1597 1369 1662 arteS,
1409 1603 1567 1663 quae
1596 1587 1776 1649 nobis
1800 1588 2014 1663 populi
2034 1584 2289 1648 Romani

233 1669 434 1731 studia
477 1669 831 1743 conciliant,
875 1679 936 1732 et
980 1670 1396 1732 admirabilem
1440 1670 1791 1746 dignitatem
1837 1678 1899 1732 et
1948 1679 2287 1747 pergratam

229 1752 539 1816 utilitatem
572 1755 796 1816 debent
823 1755 1068 1816 habere.
1128 1755 1227 1814 XI.
1258 1753 1361 1816 24.
1407 1755 1655 1815 Summa
1684 1754 1946 1830 dignitas
1976 1763 2071 1814 est
2098 1753 2159 1812 in
2193 1752 2287 1826 iis,

231 1837 334 1913 qui
363 1837 603 1898 militari
635 1839 816 1899 laude
845 1840 1241 1899 antecellunt:
1286 1838 1487 1899 omnia
1516 1838 1705 1910 enim,
1737 1853 1896 1913 quae
1924 1836 2154 1898 suntin
2184 1835 2289 1896 im-

230 1921 399 1996 perio
431 1929 491 1982 et
518 1921 576 1980 in
617 1931 776 1984 statu
809 1920 1100 1996 civitam,
1135 1923 1212 1983 ab
1250 1921 1323 1983 iis
1356 1919 1604 1982 defendi
1635 1930 1695 1982 et
1722 1920 1947 1981 firmari
1976 1929 2290 1997 putantum

229 2019 462 2064 summa
496 2004 676 2064 etiam
705 2003 962 2064 utilitas:
1009 2003 1063 2064 si
1107 2006 1351 2080 quidem
1384 2021 1596 2067 eorum
1628 2003 1886 2066 consilio
1919 2012 1981 2065 et
2019 2000 2292 2079 periculo

230 2101 413 2160 quum
447 2102 515 2145 re
547 2087 789 2161 publica
817 2095 942 2147 tum
973 2085 1152 2148 etiam
1191 2087 1419 2148 nostris
1458 2089 1644 2148 rebus
1681 2085 1906 2164 perfrui
1937 2103 2290 2163 possumus.

230 2168 443 2228 Gravis
475 2168 653 2229 etiam
683 2168 784 2228 illa
815 2178 910 2230 est
933 2179 992 2231 et
1023 2173 1204 2246 plena
1228 2171 1533 2244 dignitatis
1558 2170 1802 2232 dicendi
1826 2171 2101 2244 facultas,
2134 2185 2294 2244 quae

229 2269 419 2328 saepe
446 2250 638 2312 valuit
664 2250 724 2310 in
755 2255 1010 2314 consule
1043 2253 1399 2329 deligendo,
1433 2269 1627 2330 posse
1653 2251 1913 2315 consilio
1942 2261 2128 2328 atque
2158 2269 2291 2315 ora-

230 2337 394 2396 tione
419 2343 480 2395 et
509 2345 760 2396 senatus
789 2345 849 2397 et
880 2337 1092 2412 populi
1122 2347 1183 2398 et
1211 2353 1441 2416 eorum,
1475 2337 1579 2413 qui
1606 2353 1709 2398 res
1738 2336 2026 2410 iudicant,
2056 2345 2297 2400 mentes

233 2434 610 2492 permovere.
694 2419 1012 2492 Quaeritur
1053 2423 1299 2492 consul,
1342 2420 1448 2496 qui
1494 2419 1753 2481 dicendo
1797 2437 1918 2480 non
1961 2435 2297 2495 numquam
2338 2415 2360 2433 ‘

229 2501 591 2576 comprimat
621 2500 976 2564 tribunicios
1010 2505 1279 2577 furoreS,
1311 2503 1428 2579 qui
1464 2503 1826 2566 concitatum
1857 2503 2152 2580 populum
2184 2503 2292 2562 fle-

229 2593 378 2658 ctat,
411 2585 514 2660 qui
543 2583 1136 2661 largitioniresistat.
1189 2587 1323 2646 Non
1358 2586 1605 2659 mirum,
1652 2586 1707 2648 si
1742 2588 1820 2648 ob
1850 2587 2011 2647 hanc
2040 2587 2297 2647 faculta-

229 2676 346 2728 tem
377 2667 655 2731 homines
687 2685 875 2746 saepe
905 2669 1086 2730 etiam
1128 2686 1250 2730 non
1288 2670 1527 2732 nobiles
1558 2672 1943 2731 consulatum
1978 2667 2301 2730 consecuti

229 2759 388 2823 sunt,
417 2753 772 2826 praesertim
811 2769 996 2828 quum
1024 2752 1177 2813 haee
1207 2753 1423 2814 eadem
1451 2769 1551 2814 res
1582 2752 1876 2830 plurimas
1907 2751 2151 2829 gratiaS,
2196 2751 2294 2810 fir·

227 2832 534 2895 missimas
574 2834 902 2909 amicitiaS,
951 2835 1212 2897 maxima
1254 2836 1453 2897 studia
1496 2837 1717 2911 pariata
1770 2852 2028 2913 quorum
2070 2834 2130 2894 in
2174 2835 2303 2895 isto

230 2924 434 2978 vestro
477 2918 762 2993 artificiO,
808 2918 1072 2994 Sulpici,
1113 2919 1259 2979 nihil
1294 2927 1407 2980 est.
1490 2917 1593 2981 25.
1638 2918 1899 2981 Ptimum
1933 2915 2198 2994 dignitas
2236 2918 2305 2976 in

228 3010 349 3062 tam
384 3002 550 3063 tenui
593 3001 850 3064 scientia
889 3019 1011 3062 non
1055 3011 1449 3077 potestesse.
1532 3003 1655 3063 Res
1686 3003 1845 3064 enim
1876 3013 2019 3064 sunt
2048 3015 2307 3077 parvae,

226 3101 420 3161 prope
462 3083 522 3144 in
570 3085 826 3160 singulis
869 3084 1080 3147 litteris
1110 3094 1297 3160 atque
1338 3084 1927 3160 interpunctionibus
1969 3085 2308 3145 verborum

227 3177 585 3242 occupatae.
645 3167 910 3240 Deinde,
944 3169 1120 3228 etiam
1153 3169 1204 3228 si
1245 3166 1388 3242 quid
1419 3169 1584 3243 apud
1616 3169 1879 3230 maiores
1907 3177 2157 3229 nostros
2188 3166 2313 3226 l'uit

226 3246 285 3308 in
328 3249 447 3310 isto
492 3249 692 3310 studio
735 3249 1182 3324 admirationis,
1228 3249 1292 3310 id
1337 3247 1667 3314 enuntiatis
1719 3251 1941 3313 vestris
1984 3247 2314 3329 mysteriis

229 3339 414 3390 totum
458 3340 553 3393 est
597 3339 1008 3405 contemptum
1056 3340 1116 3393 et
1155 3332 1475 3398 abiectum.
1540 3335 1759 3395 Posset
1800 3333 1898 3410 agi
1933 3336 2068 3408 lege
2098 3347 2316 3392 necne

230 3412 408 3481 pauci
446 3415 755 3485 quondam
798 3415 1103 3475 sciebant:
1156 3416 1351 3475 fastos
1389 3417 1551 3476 enim·
1587 3419 1772 3489 vulgo
1813 3433 1937 3476 non
1972 3415 2311 3476 habebant.
