2459 3817
287 162 414 226 212
592 162 669 223 ΙΝ
701 162 778 223 Μ.
811 160 1209 223 ANTOMUM
1230 159 1516 224 ORATIO
1544 160 1966 224 PHILIPPICA
1987 161 2040 225 1.

280 314 411 375 dire
440 314 676 376 mallem
706 330 888 391 quam
912 314 1119 374 videre
1144 314 1600 391 habeamque
1583 330 1692 375 rus
1705 310 2029 389 legationis
2059 312 2345 411 h‘berum,

280 414 356 459 ea
380 406 583 459 mente
610 398 902 469 discessi,
938 406 1005 458 ut
1032 400 1319 459 adessem
1340 398 1635 459 Kalendis
1663 397 1989 471 Ianuariis,
2019 398 2200 473 quod
2229 398 2346 459 ini

280 484 426 542 tium
452 488 705 541 senatus
730 480 995 554 cogendi
1024 482 1155 541 fore
1179 482 1518 542 videbatur.

403 564 502 623 111.
525 560 583 623 7.
610 564 905 637 Exposui,
936 572 1143 637 patres
1174 564 1522 641 conscripti,
1553 561 1952 639 protectionis
1979 562 2344 626 consilium

280 662 439 707 nunc
465 644 866 719 reversioniS,
904 661 1062 719 quae
1090 648 1227 721 plus
1258 646 1672 708 admirationis
1711 646 1910 718 habet,
1935 646 2208 709 breviter
2233 664 2348 709 ex-

280 744 522 804 ponam.
617 728 815 803 Quum
856 728 1246 791 Brundisium
1297 732 1532 805 iterque
1573 730 1753 801 illud,
1797 732 1965 804 quod
2015 732 2222 791 tritum
2281 732 2342 791 in

278 812 593 873 Graeciam
620 821 733 886 est,
764 829 887 874 non
914 813 1051 874 sine
1070 828 1260 875 causa
1279 812 1664 888 vitavissem,
1678 810 1970 873 Kalendis
2000 812 2340 876 Sextilibus

280 895 421 957 veni
450 894 827 975 Syracusas,
870 898 1038 971 quod
1082 898 1163 957 ab
1202 912 1280 957 ea
1312 897 1466 957 urbe
1507 894 1889 957 transmissio
1928 895 1990 955 in
2019 896 2338 957 Graeciam

278 979 663 1041 laudabatur·
706 996 865 1055 quae
908 986 1107 1040 tamen
1152 972 1304 1041 urbs
1340 976 1485 1039 mihi
1511 976 2011 1041 coniunctissima
2038 980 2184 1053 pius
2219 997 2333 1043 una

277 1078 375 1122 me
434 1071 614 1123 nocte
666 1063 922 1138 cupiens
973 1064 1236 1124 retinere
1301 1074 1426 1124 neu
1475 1062 1690 1138 potuit.
1773 1062 2024 1123 Veritus
2073 1078 2215 1123 sum
2261 1080 2338 1122 ne

276 1162 451 1206 meus
492 1145 849 1220 repentinus
887 1145 967 1207 ad
994 1158 1169 1207 meos
1206 1146 1596 1207 necessarios
1631 1146 1932 1207 adventus
1969 1146 2335 1223 suspitionis

276 1228 509 1304 aliquid
533 1229 825 1303 adferret,
858 1228 912 1288 si
938 1242 1142 1289 essem
1168 1238 1597 1291 commoratus.
1683 1228 1880 1303 Quum
1899 1237 2104 1290 autem
2125 1244 2229 1289 me
2257 1242 2330 1289 ex

278 1310 484 1372 Sicilia
504 1312 582 1371 ad
603 1312 1060 1385 Leucopetram,
1088 1314 1256 1388 quod
1275 1321 1372 1375 est
1415 1310 1904 1387 promunmrium
1935 1310 2068 1385 agri
2095 1312 2331 1387 Regini,

278 1394 439 1453 venti
484 1392 873 1467 detulissent,
912 1395 991 1453 ab
1032 1407 1109 1455 eo
1150 1396 1295 1457 ioco
1327 1394 1694 1469 conscendi,
1729 1404 1798 1456 ιιι
1832 1395 2330 1457 >“artemium-ema

276 1491 391 1534 nec
416 1476 498 1536 ita
523 1474 774 1536 multum
796 1485 1148 1551 provectus,
1175 1476 1440 1541 reiectus
1469 1487 1680 1541 austro
1710 1492 1846 1539 sum
1877 1479 1940 1537 in
1967 1490 2110 1539 etim
2133 1478 2330 1553 ipsum
2442 1456 2443 1489 ³

275 1557 508 1633 locum,
556 1558 723 1619 unde
768 1561 1268 1621 conscenderam.
1331 1560 1394 1622 8.
1440 1562 1760 1637 Quumque
1797 1560 2171 1637 intempesta
2209 1577 2326 1621 nox

276 1648 443 1704 esset
469 1640 959 1719 mansissemque
994 1642 1058 1703 in
1087 1643 1231 1704 villa
1256 1644 1320 1703 P.
1353 1645 1614 1718 Valerii,
1657 1644 1898 1706 comitis
1927 1644 2324 1705 etfamiliaris

273 1724 425 1801 mci,
463 1724 888 1802 postridieque
926 1728 1095 1803 apud
1131 1728 1413 1789 eumdem
1450 1737 1691 1791 ventum
1723 1736 2098 1803 exspectans
2129 1742 2324 1787 mane-

274 1825 433 1882 rem,
472 1808 811 1885 municipes
895 1809 1109 1886 Regini
1151 1814 1499 1887 complures
1535 1813 1615 1873 ad
1649 1827 1747 1872 me
1778 1819 2104 1884 venerunt,
2148 1809 2324 1871 exiis

276 1891 523 1967 quidam
551 1893 747 1955 Roma
773 1902 1087 1955 recentes=
1127 1909 1167 1955 a
1211 1895 1432 1971 quibus
1474 1896 1734 1971 primum
1761 1894 2000 1969 accipio
2028 1893 2110 1953 Μ.
2139 1896 2326 1954 Anto·

274 1974 357 2034 nii
387 1976 751 2055 contionem,
786 1992 945 2052 quae
964 1978 1108 2038 mihi
1128 1976 1211 2040 ita
1232 1978 1475 2053 placuit,
1506 1988 1571 2039 ut
1591 1994 1670 2038 ea
1699 1978 1856 2039 lecta
1877 1978 1956 2037 de
1975 1974 2328 2037 reversione

275 2058 533 2132 primum
563 2060 867 2134 coeperim
892 2060 1175 2137 cogitare.
1224 2062 1351 2122 Nec
1377 2063 1460 2123 ita
1487 2064 1672 2123 multo
1705 2070 1852 2137 post
1877 2056 2142 2120 edictum
2161 2056 2329 2119 Bruti

274 2140 543 2201 adfertur
564 2151 625 2204 et
648 2142 874 2203 Cassiis
904 2145 1074 2219 quod
1104 2143 1351 2221 quidem
1373 2144 1534 2217 mihi,
1561 2146 1825 2205 fortasse
1856 2144 2023 2218 quod
2053 2156 2168 2203 cos
2189 2142 2329 2217 plus

273 2223 454 2283 etiam
493 2222 582 2284 rei
621 2225 905 2299 publicae
939 2243 1119 2302 quam
1148 2227 1566 2289 familiaritatis
1599 2226 1792 2303 gratia
1819 2224 2039 2301 diligo,
2077 2226 2330 2299 plenum

272 2305 594 2380 aequitatis
635 2306 973 2370 videbatur.
1071 2311 1398 2371 Addebam
1439 2319 1751 2385 praeterea
1787 2342 1874 2356 --
1915 2310 1984 2370 lit
2008 2307 2172 2369 enim
2202 2310 2330 2383 ple-

270 2404 527 2463 rumque
554 2398 620 2450 ut
648 2388 709 2464 ii,
740 2390 843 2467 qui
870 2392 1016 2453 boni
1046 2392 1193 2470 quid
1220 2394 1434 2455 volunt
1465 2394 1724 2468 adferre,
1761 2394 2072 2467 adfingant
2096 2389 2331 2465 aliquid

273 2488 394 2545 quo
426 2472 648 2534 faciant
676 2474 767 2549 id,
800 2477 965 2550 quod
995 2476 1301 2553 nuntiant,
1341 2476 1558 2539 laetius
1591 2510 1664 2523 -
1707 2492 1836 2537 rem
1863 2481 2329 2537 conventuram:

268 2553 560 2615 Kalendis
620 2565 894 2620 senatum
958 2560 1338 2637 frequentem
1402 2560 1565 2621 forez
1632 2559 1990 2633 Antonium,
2043 2555 2329 2632 repudia·

268 2637 348 2699 tis
388 2640 562 2701 malis
608 2642 993 2717 suasoribus,
1033 2642 1310 2705 remissis
1351 2644 1686 2719 provinciis
1723 2641 1962 2715 Galliis,
2009 2641 2090 2701 ad
2120 2647 2329 2701 aucto-

268 2723 499 2783 ritatem
551 2733 800 2786 senatus
852 2742 996 2787 esse
1055 2727 1408 2788 rediturum.
1497 2728 1602 2787 lv.
1663 2726 1724 2788 9.
1772 2725 1922 2785 Tum
1975 2738 2122 2783 vero
2166 2730 2330 2783 tanta

270 2808 757 2881 sumaeupiditate
783 2810 1073 2871 incensus
1094 2812 1173 2871 ad
1202 2811 1489 2884 reditum,
1519 2819 1585 2871 ut
1607 2808 1750 2870 mihi
1780 2807 1926 2869 nulli
1948 2822 2150 2883 neque
2179 2802 2330 2865 remi

268 2904 471 2961 neque
498 2891 663 2952 venti
693 2892 841 2953 satis
870 2896 1162 2966 facerent,
1194 2909 1320 2953 non
1364 2908 1490 2968 quo
1524 2908 1624 2953 me
1651 2894 1730 2953 ad
1759 2900 2000 2965 tempus
2035 2904 2330 2950 occursu·
2442 2910 2443 2935 ³

268 2986 399 3030 rum
434 2988 553 3041 non
592 2982 881 3050 putarem,
910 2978 1022 3037 sed
1053 2993 1129 3037 ne
1152 2975 1386 3036 tardius
1417 2990 1597 3051 quam
1621 2990 1906 3049 cuperem
1934 2972 2024 3033 rei
2047 2971 2332 3046 publicae

266 3056 615 3127 gratularer.
712 3062 916 3132 Atque
966 3074 1082 3133 ego
1132 3060 1408 3119 celeriter
1454 3058 1693 3118 Veliam
1733 3058 2028 3117 devectus
2075 3054 2330 3113 Brutum

265 3137 422 3197 vidi=
473 3148 697 3213 quanto
736 3156 875 3199 meo
916 3142 1130 3201 dolore
1172 3156 1297 3201 non
1339 3140 1499 3201 dico.
1585 3141 1788 3213 Turpe
1823 3137 1967 3198 mihi
2003 3135 2128 3211 ipsi
2159 3135 2330 3195 vide·
2442 3140 2443 3161 ¹

264 3220 442 3281 batur
472 3222 531 3281 in
562 3240 693 3281 eam
731 3224 938 3281 urbem
966 3240 1063 3282 me
1091 3223 1322 3284 audere
1354 3222 1594 3294 reverti,
1629 3238 1709 3283 ex
1737 3237 1861 3297 qua
1890 3221 2116 3279 Brutus
2146 3218 2330 3279 cede-

264 3308 386 3371 ret,
419 3311 478 3361 et
504 3303 586 3362 ibi
614 3304 771 3362 velle
797 3310 927 3363 tuto
958 3320 1130 3375 esse,
1176 3305 1282 3366 ubi
1322 3304 1426 3365 ille
1458 3322 1580 3365 non
1613 3312 1847 3380 posset.
1931 3302 2148 3375 Neque
2177 3315 2329 3359 vero

266 3380 431 3440 illum
462 3382 733 3444 similiter
777 3392 961 3460 atque
1000 3387 1136 3459 ipse
1183 3402 1350 3447 eram
1373 3397 1740 3449 commotum
1775 3402 1918 3447 esse
1947 3383 2093 3445 vidi.
2179 3384 2328 3444 Ere·
