2459 3817
538 121 544 126 ἢ
624 85 1476 154 cAP.16—1a.s.41-47.
1893 87 2018 154 135

0 240 205 302 idices.
253 239 421 313 Quae
444 235 689 312 quidem
714 236 1012 311 omnibuS,
1044 234 1148 312 qui
1176 253 1312 298 eam
1339 247 1725 318 aspexerant,
1759 255 2018 316 prospe-

0 338 115 385 ’,ατε
147 321 267 382 iam
299 319 579 381 exsilium
612 328 798 394 atque
827 321 1149 395 explorare
1185 321 1392 395 fugam
1421 320 1650 382 domini
1681 319 2020 382 videbatur.

0 407 162 466 vul.
224 403 325 467 45.
398 402 550 476 Quid
578 400 723 462 mihi
752 402 872 466 hoc
912 405 1051 464 loco
1079 401 1535 478 respondebis?
1575 402 1694 466 nisi
1739 405 1892 465 sorte
1935 403 2013 476 id,

0 489 139 558 uod,
172 484 413 550 tametsi
440 484 691 562 probari
720 486 883 564 nullo
913 486 1097 546 modo
1129 494 1351 560 potest,
1380 495 1582 548 tamen
1618 486 1740 546 dici
1770 485 2016 561 quidem

0 591 11 632 ι
40 571 265 634 iudicio
299 570 377 632 de
408 567 686 645 pecuniis
715 568 1071 644 repetundis
1101 585 1362 630 necesse
1398 577 1522 643 est,
1567 571 1646 630 de
1687 577 1792 631 tua
1831 585 2015 644 pecu-

0 654 53 714 ia
112 653 495 714 aedificatam
546 667 689 712 esse
740 669 977 712 navem.
1078 652 1259 712 Aude
1323 652 1444 713 hoc
1506 653 1720 713 saltem
1792 652 2018 726 dicere,

0 738 119 797 uod
152 751 411 798 necesse
442 742 554 796 est.
619 735 755 794 Noli
786 742 1077 808 metuere,
1104 734 1422 809 Hortensi,
1453 751 1531 796 ne
1563 751 1879 811 quaeram,
1915 733 2018 810 qui

0 819 185 880 cuerit
210 818 538 880 aedificare
570 833 789 878 navem
814 817 1099 878 senatori.
1161 816 1469 895 Antiquae
1500 825 1640 878 sunt
1664 817 1818 878 istae
1849 819 2018 893 leges

0 922 11 962 ι
50 910 351 976 mortuae,
396 917 577 976 quem
619 900 699 960 ad
740 901 987 961 modum
1021 908 1082 961 tu
1111 901 1278 961 soles
1310 900 1544 972 dicere,
1591 917 1749 976 quae
1794 907 2018 961 vetant.

0 983 85 1046 uit
121 985 241 1046 ista
267 1001 368 1046 res
402 982 647 1059 publiea
679 984 1017 1058 quondam,
1052 982 1161 1044 fuit
1190 984 1306 1044 ista
1335 981 1633 1043 severitas
1664 980 1722 1041 in
1755 981 2017 1054 iudiciis,

0 1076 15 1130 t
62 1067 239 1128 istam
280 1084 409 1126 rem
454 1074 777 1126 accusator
818 1065 893 1142 in,
923 1067 1163 1140 magnis
1208 1062 1562 1126 criminibus
1611 1064 2018 1126 obiiciendam

0 1159 213 1212 uteret.
277 1150 433 1222 Quid
464 1148 627 1210 enim
657 1147 764 1208 tibi
798 1149 981 1210 navi?
1005 1147 1110 1222 qui
1145 1147 1198 1208 si
1229 1165 1353 1224 quo
1387 1146 1631 1224 publice
1664 1142 2018 1222 proficisce-

4 1249 62 1302 s,
95 1229 387 1306 praesidii
417 1239 479 1296 et
498 1238 780 1291 vecturae
810 1246 999 1290 causa
1030 1238 1278 1306 sumptu
1301 1231 1546 1306 publico
1578 1229 1818 1304 navigia
1842 1245 2019 1303 prae·

0 1322 198 1375 entur:
250 1313 532 1394 privatim
573 1321 775 1374 autem
816 1329 931 1374 nee
971 1311 1286 1387 proficisci
1328 1329 1639 1390 quoquam
1683 1322 1864 1390 potes
1903 1327 2017 1371 nec

0 1413 270 1458 rcessere
299 1412 401 1457 res
432 1396 867 1457 transmarinas
898 1413 977 1455 ex
1007 1394 1081 1456 iis
1113 1394 1300 1469 lociS,
1342 1395 1660 1472 inquibus
1692 1404 1749 1456 te
1791 1394 2018 1454 habere

0 1478 95 1540 ihil
135 1479 294 1542 licet.
384 1477 491 1540 46.
576 1477 811 1540 Deinde
852 1495 962 1540 eur
994 1479 1328 1554 quidquam
1375 1487 1588 1540 eontra
1633 1479 1800 1554 leges
1839 1494 2018 1553 para-

0 1561 69 1622 i2
108 1563 358 1624 valeret
384 1561 503 1622 hoc
536 1563 762 1622 crimen
798 1561 859 1623 in
896 1561 998 1622 illa
1026 1571 1232 1623 vetere
1268 1561 1594 1623 severitate
1625 1577 1697 1621 ac
1727 1559 2018 1636 dignitate

0 1647 34 1712 zi
63 1645 363 1719 publicae.
428 1645 599 1706 Nune
626 1662 751 1706 non
781 1646 965 1706 modo
997 1652 1055 1705 te
1084 1645 1202 1706 hoc
1226 1645 1476 1704 crimine
1506 1660 1632 1704 non
1661 1659 1870 1717 argue,
1907 1640 2018 1703 sed

0 1747 23 1788 c
71 1727 174 1787 illa
225 1726 472 1803 quidem
514 1728 817 1788 communi
860 1726 1302 1802 vituperatione
1344 1725 1764 1801 reprehendo:
1809 1733 1874 1784 tu
1911 1721 2018 1786 tibi

0 1826 65 1870 oc
99 1827 429 1885 numquam
460 1818 653 1884 turpe,
690 1821 1021 1883 numquam
1051 1808 1474 1880 criminosum,
1505 1823 1835 1880 numquam
1867 1805 2013 1866 invi-

0 1893 193 1954 iosum
230 1895 360 1952 lore
391 1893 651 1966 putasti,
684 1890 1079 1951 celeberrimo
1129 1891 1269 1951 loco
1315 1892 1518 1966 palam
1561 1887 1667 1951 tibi
1705 1887 2014 1950 aedificari

0 1974 291 2046 nerariam
332 1990 549 2034 navem
586 1972 649 2033 in
688 1972 1039 2048 provincia,
1088 1990 1270 2048 quam
1313 1981 1378 2033 tu
1428 1989 1566 2034 cum
1605 1971 1862 2048 imperio
1911 1972 2011 2033 ob·

0 2058 231 2122 nebas?
294 2055 449 2130 Quid
478 2073 589 2118 eos
618 2056 819 2132 loqui,
854 2057 956 2132 qui
984 2055 1302 2129 videbant,
1339 2056 1485 2132 quid
1508 2057 1854 2118 existimare
1884 2071 2014 2128 εοε,

0 2140 55 2202 ui
88 2139 449 2212 audiebant,
486 2138 903 2200 arbitrabare?
942 2137 1185 2201 inanem
1222 2147 1281 2200 te
1313 2157 1533 2202 navem
1569 2156 1713 2202 esse
1743 2138 1904 2199 illam
1952 2137 2014 2197 in

0 2222 181 2284 aliam
207 2223 655 2286 adducturum?
688 2220 1155 2296 naviculariam,
1196 2240 1382 2298 quum
1415 2223 1670 2286 Romam
1715 2220 2018 2296 venisseS,

0 2323 89 2368 sse
119 2307 457 2380 facturum?
496 2307 583 2366 Ne
616 2306 765 2368 illud
795 2307 1043 2382 quidem
1074 2305 1402 2382 quisquam
1433 2313 1676 2382 poterat
1697 2303 2011 2379 suspicari,

0 2394 87 2458 tin
110 2389 281 2450 ltalia
308 2389 669 2452 maritimum
698 2389 925 2450 habere
956 2390 1209 2450 fundum
1241 2390 1397 2452 etad
1422 2389 1654 2449 fructus
1689 2388 2014 2462 deportan-

0 2489 67 2534 οε
104 2471 443 2537 onerariam
474 2489 693 2534 navem
722 2489 1101 2548 comparare.
1156 2471 1307 2532 Eius
1349 2473 1515 2532 modi
1551 2469 1794 2532 voluisti
1837 2469 1916 2530 de
1958 2479 2019 2530 te

0 2571 295 2616 ³iunonem
330 2571 473 2616 esse
514 2555 799 2628 omnium,
830 2555 1033 2634 palam
1063 2563 1130 2616 ut
1173 2558 1570 2630 loquerentur
1610 2562 1671 2614 te
1709 2551 1872 2614 illam
1911 2569 2016 2614 na-

0 2655 87 2698 em
131 2655 397 2714 parare„
436 2655 597 2713 quae
644 2639 933 2714 praedam
972 2654 1051 2699 ex
1082 2637 1290 2700 Sicilia
1338 2638 1689 2712 deportaret
1730 2644 1790 2697 et
1827 2637 1908 2697 ad
1943 2653 2016 2696 ea

0 2731 123 2796 irta,
154 2738 314 2797 quae
340 2721 721 2798 reliquisses,
753 2728 1162 2782 commearet?
1202 2718 1304 2782 47.
1354 2722 1578 2782 Verum
1609 2721 1760 2780 haec
1795 2719 2016 2793 omnia,

0 2805 221 2876 ¹doe-es
248 2820 469 2866 navem
509 2805 588 2866 de
636 2813 737 2866 tua
774 2805 1037 2882 pecunia
1078 2803 1494 2876 aedificatam,
1550 2801 1786 2864 remitto
1831 2814 2016 2878 atque

0 2889 245 2949 mcedo.
315 2887 440 2948 Sed
472 2889 621 2958 hoc,
650 2887 834 2948 homo
866 2885 1310 2958 amentissime,
1340 2903 1462 2947 non
1494 2883 1778 2961 intelligis
1811 2885 2010 2961 priore

0 2975 185 3035 :tione
212 2976 289 3037 ab
314 2973 470 3051 ipsis
501 2974 635 3037 istis
656 2974 1055 3050 MamertiniS,
1086 2976 1209 3038 tuis
1239 2977 1682 3052 laudatoribus,
1703 2995 1846 3040 esse
1870 2975 1996 3040 sub-

0 3059 165 3118 tum?
215 3060 366 3119 Nam
397 3057 550 3118 dixit
577 3057 791 3130 Heius,
820 3058 1134 3135 [princeps
1167 3059 1476 3136 civitatiS,]
1508 3061 1798 3137 princeps
1830 3062 2008 3123 istius

0 3137 287 3214 gationis,
322 3156 482 3215 quae
512 3141 591 3202 ad
626 3149 788 3203 tuam
834 3141 1243 3204 laudationem
1271 3143 1460 3204 missa
1487 3150 1616 3218 est,
1645 3157 1862 3203 navem
1897 3141 2004 3202 tibi

0 3219 143 3284 ieris
176 3221 436 3297 publici-s
474 3222 965 3292 Mamertinorum
1014 3243 1158 3287 esse
1200 3228 1418 3287 factam
1460 3225 1642 3300 eique
1685 3223 2000 3289 faciendae

0 3311 279 3364 enatarem
310 3305 731 3386 Mamertinum
764 3309 1005 3382 publice
1036 3308 1400 3383 praefuisse.
1463 3307 1722 3382 Reliqua
1755 3315 1848 3366 est
1875 3324 2001 3386 ma3
