2459 3817
814 131 977 192 cAP.
1019 139 1285 192 48-51.
1329 135 1382 196 s
1429 137 1756 192 127—133.
1967 191 1976 195 ,
2199 133 2322 199 163

263 281 497 353 iecer0,
544 277 812 351 iudiceS,
864 278 1013 340 satis
1058 279 1263 340 officio
1309 295 1478 364 meo,
1538 277 1689 341 satis
1737 279 1974 338 illorum
2016 275 2326 350 voluntati,

264 363 366 478 qui
396 379 433 422 a
461 379 557 424 me
588 362 705 422 hoc
733 361 1109 439 petiverunt,
1150 351 1374 422 factufn
1410 377 1552 422 esse
1582 361 1941 422 arbitrabor.

424 445 494 504 L.
560 442 703 508 131.
770 444 1153 521 Quapropter
1196 444 1253 504 si
1296 461 1484 540 quern
1517 446 1672 506 forte
1712 442 2020 504 inveneris
2063 442 2169 519 qui
2211 444 2332 504 hoc

261 529 480 588 navale
516 527 743 588 crimen
774 536 1028 588 conetur
1060 528 1424 600 defendere,
1466 526 1521 587 is
1549 526 1634 588 ita
1666 526 1990 587 defendat·
2021 525 2124 586 illa
2165 542 2328 586 com·

264 609 495 684 munia,
537 627 695 686 quae
742 611 822 670 ad
865 627 1113 671 causam
1162 609 1310 670 nihil
1353 609 1686 686 pertinent,
1725 607 2188 684 praetermittat:
2231 625 2330 668 me

267 695 481 768 eulpae
524 695 823 755 fortunam
858 693 1219 768 adsignare,
1267 694 1674 754 'calamitatem
1719 691 1954 752 crimini
1997 692 2175 752 dare:
2230 709 2330 752 me

264 775 651 837 amissionem
682 775 901 836 classis
934 775 1231 850 obiicere,
1274 792 1462 850 quum
1491 773 1661 835 multi
1705 774 1817 834 viri
1847 777 2035 836 sortes
2067 774 2127 835 in
2164 791 2330 835 com·

262 861 425 918 muni
466 858 823 934 incertoque
856 858 1127 933 periculo
1158 857 1304 918 belli
1335 865 1395 918 et
1428 867 1586 917 terra
1617 865 1678 918 et
1709 857 1860 917 mari
1901 873 2092 931 saepe
2135 857 2329 918 offen·

262 942 477 1004 derint.
540 943 779 1002 Nullam
817 941 921 1000 tibi
950 940 1169 1002 obiicio
1201 943 1536 1000 fortunam:
1566 939 1713 1000 nihil
1735 948 1832 999 est
1861 941 2028 1014 quod
2057 949 2329 1000 caetero-

258 1042 390 1085 rum
426 1041 527 1085 res
560 1024 758 1085 minus
789 1025 1109 1084 commode
1132 1031 1340 1099 gestas
1363 1023 1674 1099 proserasz
1704 1021 1850 1081 nihil
1874 1031 1969 1083 est
1992 1023 2159 1096 quod
2181 1023 2329 1083 mui-

264 1116 460 1169 torum
494 1107 811 1181 naufragia
839 1106 1117 1167 fortunae
1146 1106 1422 1180 colligas.
1491 1107 1624 1180 Ego
1664 1121 1856 1166 naves
1885 1107 2100 1164 inanes
2136 1103 2330 1165 fuisse

262 1189 431 1250 dico,
466 1188 727 1262 remiges
759 1195 1102 1262 nautasque
1130 1187 1452 1248 dimiss0s=
1480 1187 1756 1262 reliquos
1781 1187 2071 1262 stirpibus
2097 1186 2327 1248 vixisse

262 1271 628 1345 palmarum=
678 1269 1025 1347 praefuisse
1064 1269 1253 1330 classi
1300 1272 1513 1346 populi
1552 1272 1809 1331 Romani
1851 1269 2149 1342 Siculum,
2191 1287 2327 1344 per-

260 1361 447 1428 petuo
479 1351 666 1414 sociis
696 1361 883 1428 atque
910 1351 1123 1413 amicis
1153 1353 1627 1430 Syracusanum,
1660 1362 1717 1415 te
1744 1351 1847 1414 illo
1885 1362 2158 1429 tempore
2187 1353 2327 1429 ipso

262 1433 810 1512 superioribusque
846 1435 1065 1496 diebus
1110 1435 1394 1496 omnibus
1433 1436 1494 1496 in
1530 1437 1727 1497 littore
1771 1451 1907 1496 cum
1949 1435 2324 1498 mulierculis

258 1527 624 1596 perpotasse
668 1520 840 1580 dico:
892 1518 1102 1580 harum
1130 1536 1335 1580 rerum
1377 1519 1642 1580 omnium
1685 1528 1970 1582 auctores
2009 1529 2327 1594 testesque

262 1604 556 1676 produco.
597 1599 739 1664 132.
784 1603 941 1663 Num
969 1601 1077 1662 tibi
1111 1602 1407 1664 insultare
1439 1602 1501 1663 in
1545 1603 1914 1677 calamitate,
1956 1620 2101 1663 num
2143 1603 2325 1662 inter-

261 1686 506 1745 cludere
548 1683 827 1760 perfugia
876 1685 1186 1759 fortunae,
1239 1701 1384 1745 num
1427 1701 1611 1746 casus
1651 1683 1910 1745 bellicos
1949 1684 2325 1760 exprobrare

258 1776 359 1828 aut
398 1765 666 1828 obiicere
706 1766 967 1826 videor?
1022 1767 1286 1827 Tametsi
1315 1769 1516 1827 solent
1542 1767 1586 1826 ii
1635 1769 1942 1826 fortunam
1979 1765 2098 1826 sibi
2141 1765 2325 1826 obiici

259 1851 449 1923 nolle,
496 1848 602 1924 qui
643 1865 712 1908 se
752 1848 1539 1919 fortunaecommiserunt,
1595 1849 1700 1922 qui
1744 1847 1805 1907 in
1857 1847 1990 1908 eius
2032 1847 2324 1924 periculis

258 1941 401 1992 sunt
430 1947 502 1990 ac
532 1930 824 1990 varietate
851 1929 1099 1990 versati.
1164 1929 1350 1990 Istius
1380 1929 1629 2006 quidem
1659 1929 2016 1992 calamitatis
2040 1939 2180 1992 tuae
2202 1933 2326 1992 sor-

258 2025 403 2074 tuna
435 2011 748 2089 particeps
788 2029 912 2072 non
954 2010 1083 2072 fuit.
1144 2012 1438 2073 Homines
1479 2012 1638 2074 enim
1679 2010 1740 2073 in
1784 2013 2064 2088 proeliiS,
2111 2013 2326 2078 nonin

258 2093 595 2168 conviviiS,
630 2094 772 2155 belli
803 2097 1101 2155 fortunam
1135 2095 1462 2170 periclitari
1491 2097 1722 2158 solenti
1761 2094 1826 2158 in
1855 2095 1958 2158 illa
1987 2106 2188 2158 autem
2221 2114 2325 2158 ca-

255 2177 521 2240 lamitate
551 2193 675 2237 non
702 2178 955 2239 Martem
997 2177 1191 2240 fuisse
1232 2194 1644 2249 communem,
1689 2179 1806 2242 sed
1830 2182 2134 2241 Venerem
2173 2197 2322 2253 pos·

258 2269 469 2312 sumus
494 2251 721 2313 dicere.
764 2253 1003 2328 Quodsi
1023 2256 1332 2316 fortunam
1357 2255 1540 2317 obiici
1564 2256 1671 2318 tibi
1692 2273 1821 2317 non
1847 2263 2108 2331 oportet,
2134 2271 2247 2316 cur
2267 2263 2338 2316 tu

256 2335 541 2395 fortunae
568 2334 809 2397 illorum
841 2337 1262 2399 innocentium
1292 2338 1537 2400 veniam
1565 2355 1640 2400 ac
1677 2342 1884 2401 locum
1916 2356 2040 2400 non
2071 2337 2338 2400 dedisti?

261 2417 400 2477 133.
423 2417 621 2478 Etiam
642 2419 791 2481 illud
814 2421 1142 2498 praecidas
1156 2421 1318 2494 licet
1334 2431 1414 2494 te,
1434 2425 1604 2497 quod
1629 2423 2000 2501 supplicium
2024 2436 2198 2483 more
2212 2437 2314 2482 ma

254 2495 464 2562 iorum
486 2503 828 2580 sumpseris
858 2503 1190 2579 securique
1217 2503 1639 2581 percusseris,
1676 2507 1910 2567 idcirco
1941 2521 1980 2566 a
2005 2522 2105 2566 me
2133 2505 2196 2566 in
2223 2503 2311 2566 cri

256 2600 395 2644 men
420 2585 519 2644 et
502 2602 565 2645 m
585 2585 875 2648 invidiam
894 2587 1129 2649 vocari.
1153 2588 1328 2648 Non
1313 2607 1374 2649 m
1397 2589 1704 2665 supplicio
1723 2588 1952 2649 crimen
1977 2605 2180 2650 meum
2197 2603 2335 2648 ver-

259 2669 432 2728 titur:
458 2684 582 2728 non
606 2685 723 2746 ego
740 2686 901 2746 nego
915 2671 1118 2732 securi
1134 2685 1505 2748 quemquam
1522 2671 1691 2731 feriri
1715 2679 2038 2748 oportere:
2063 2687 2190 2732 non
2214 2685 2334 2745 ego

256 2759 485 2811 metum
514 2767 592 2812 ex
620 2769 689 2812 re
720 2753 994 2828 militari,
1038 2771 1165 2816 non
1194 2754 1592 2815 severitatem
1620 2753 1892 2830 imperii,
1920 2772 2044 2816 non
2068 2769 2338 2832 poenam

256 2833 475 2910 flagitii
496 2834 627 2896 tolli
651 2836 791 2897 dico
818 2843 1129 2912 oportere.
1166 2838 1394 2898 Fateor
1414 2853 1538 2897 non
1565 2837 1752 2896 modo
1773 2836 1835 2897 in
1856 2838 2088 2911 socios,
2113 2839 2228 2899 sed
2253 2844 2338 2897 et-

256 2917 462 2982 iamin
486 2917 661 2980 cives
698 2920 1047 2995 militesque
1075 2926 1329 2981 nostros
1359 2935 1669 2996 persaepe
1709 2935 1853 2980 esse
1886 2937 2111 2984 severe
2138 2937 2211 2981 ae
2237 2935 2338 2978 ve-

254 3001 577 3062 hementer
598 3002 991 3063 vindicatum.
1053 3005 1146 3064 L1.
1180 3004 1315 3078 Qua
1333 3019 1402 3064 re
1433 3004 1588 3065 haec
1613 3019 1864 3078 quoque
1881 3003 2337 3080 praetermittas

257 3085 424 3146 licet.
478 3086 608 3160 Ego
642 3089 887 3162 culpam
918 3087 1129 3147 nonin
1155 3086 1506 3158 nauarchis,
1537 3087 1651 3147 sed
1679 3085 1741 3146 in
1771 3093 1834 3147 te
1863 3087 2058 3150 fuisse
2087 3087 2340 3146 demon·

257 3176 423 3228 stro:
458 3175 521 3228 te
543 3163 743 3243 pretio
767 3169 1033 3245 remiges
1057 3169 1413 3244 militesque
1433 3169 1744 3230 dimisisse
1765 3185 1979 3246 arguo.
2031 3169 2167 3228 Hoc
2191 3183 2338 3228 nau-

257 3251 431 3310 archi
459 3252 679 3326 reliqui
712 3254 951 3313 dicunt:
1004 3254 1125 3314 hoc
1152 3252 1512 3314 Netinorum
1539 3253 1860 3313 foederata
1897 3250 2116 3312 civitas
2143 3249 2340 3324 publi·-

257 3351 335 3394 ce
366 3333 539 3395 dicit:
572 3335 693 3397 hoc
726 3333 1156 3409 Amestratini,
1184 3333 1306 3398 hec
1335 3335 1737 3396 Herbitenses
1755 3378 1772 3403 ‚
1797 3334 1923 3470 ἑιῗξ
1950 3333 2334 3399 Hennenses»
