2459 3817
866 119 1030 178 CAP.
1060 128 1127 180 25
1140 150 1225 163 -—
1237 126 1324 181 27.
1365 124 1418 185 s.
1447 130 1518 180 so
1535 154 1603 163 —
1623 128 1710 183 62.
2199 112 2282 179 85

220 266 513 345 perdives
546 274 607 327 et
632 265 887 347 nobilia,
916 268 1124 329 Lamia
1155 267 1430 328 nomine=
1464 285 1576 345 per
1599 268 1922 333 triennium
1949 270 2070 345 isti,
2099 274 2278 347 plena

222 353 406 413 domo
454 352 738 422 telarum,
798 353 1125 424 stragulam
1158 357 1391 411 vestem
1437 352 1729 426 confecit,
1781 354 1928 413 nihil
1971 353 2090 421 nisi
2133 370 2278 416 con-

222 432 427 511 chylio
456 433 743 494 tinctumz
787 434 1056 506 Attalus,
1091 433 1274 493 homo
1306 434 1710 507 pecuniosus,
1751 435 1916 509 Neti,
1959 435 2128 513 Lyso
2179 436 2276 497 Li·

225 516 456 593 lybaei‚
499 514 799 576 Critolaus
840 517 1107 586 Aetnae,
1154 515 1486 591 Syracusis
1524 516 1855 589 Aeschrio,
1900 517 2278 593 CleomeneS,

220 598 678 670 TheomnastuS‚
722 597 930 659 Helori
967 596 1375 658 Archonidas.
1429 598 1573 658 Dies
1615 614 1711 658 me
1745 600 1924 662 citius
1964 601 2276 675 defecerit,

222 698 407 757 quam
446 679 706 740 nomina.
771 681 915 753 Ipse
944 680 1127 740 dabat
1154 696 1518 755 purpuram,
1546 688 1773 741 tantum
1805 700 2054 758 operam
2081 684 2278 743 amici.

223 764 438 823 Credo.
508 764 633 821 Iam
664 762 823 821 enim
853 778 974 822 non
1006 762 1152 822 libet
1182 762 1386 821 omnia
1420 762 1748 823 criminari=
1781 764 1959 841 quasi
1987 765 2106 826 hoc
2133 766 2278 825 mihi

220 863 341 905 non
392 844 542 906 satis
584 844 664 905 sit
704 844 785 904 ad
833 844 1077 925 crimen,
1100 844 1396 905 habuisse
1437 852 1562 905 tam
1598 848 1849 907 multum
1893 848 2058 922 quod
2085 848 2277 920 daret,

217 928 495 989 voluisse
522 928 847 1002 deportare
881 934 1001 987 tam
1032 927 1248 997 multa,
1283 927 1401 987 hoc
1436 928 1732 1003 denique,
1778 930 1945 1004 quod
1979 932 2280 1003 concedit,

218 1009 551 1070 amicorum
602 1008 808 1083 operis
862 1025 1003 1069 esse
1052 1010 1115 1067 in
1162 1008 1418 1069 huiusce
1467 1009 1632 1070 modi
1685 1010 1872 1071 rebus
1917 1028 2114 1071 usum.
2177 1012 2280 1073 60.

220 1095 349 1151 Iam
380 1108 527 1151 vero
558 1093 753 1150 lectos
783 1099 1027 1151 aeratos
1055 1100 1117 1151 et
1144 1091 1513 1151 candelabra
1543 1096 1736 1152 aenea
1777 1108 1919 1153 num
1965 1092 2063 1152 cui
2106 1110 2279 1169 prae-

216 1184 314 1235 ter
356 1174 537 1232 istum
578 1170 910 1247 Syracusis
966 1188 1077 1245 per
1124 1172 1446 1233 triennium
1488 1175 1648 1233 facta
1697 1191 1840 1236 esse
1882 1174 2282 1236 existimatis?

218 1254 496 1314 Emebat.
571 1254 785 1313 Credo.
860 1252 983 1311 Sed
1030 1262 1259 1314 tantum
1291 1270 1402 1314 vos
1444 1254 1766 1329 certiores,
1809 1258 2078 1329 iudiceS,
2123 1260 2281 1318 facio

222 1336 375 1413 quid
407 1336 523 1396 iste
556 1335 617 1395 in
648 1333 966 1409 provincia
996 1343 1248 1410 praetor
1277 1336 1493 1410 egerit,
1538 1352 1616 1396 ne
1645 1338 1742 1397 cui
1777 1341 1930 1400 forte
1963 1340 2278 1415 negligens

216 1418 469 1479 nimium
510 1418 705 1480 fuisse
756 1418 1033 1478 videatur
1082 1434 1285 1493 neque
1325 1435 1394 1479 se
1438 1419 1618 1493 satis,
1677 1438 1860 1497 quum
1915 1430 2274 1498 potestatem

178 1544 183 1549 -
219 1502 524 1575 habuerit,
564 1500 931 1561 instruxisse
957 1510 1017 1561 et
1046 1517 1321 1563 ornasse.

387 1584 626 1645 XXVII.
688 1582 885 1644 Venio
920 1600 1083 1644 nunc
1111 1601 1235 1645 non
1270 1584 1389 1644 iam
1432 1586 1512 1644 ad
1555 1587 1806 1655 furtum,
1845 1601 1969 1646 non
2013 1587 2094 1645 ad
2135 1602 2276 1645 ava-

216 1667 444 1740 ritiam,
471 1682 594 1726 non
624 1665 706 1724 ad
736 1666 1151 1741 cupiditatem,
1176 1660 1401 1729 sed‘ad
1430 1668 1562 1728 eius
1593 1668 1760 1728 modi
1788 1670 2042 1739 facinus,
2065 1666 2128 1726 in
2157 1683 2276 1741 quo

221 1749 424 1811 omnia
456 1750 685 1809 nefaria
717 1748 1011 1809 contineri
1038 1748 1186 1809 mihi
1215 1757 1400 1821 atque
1426 1748 1636 1808 inesse
1667 1748 2023 1820 videantur,
2057 1747 2116 1806 in
2155 1764 2279 1821 quo

222 1835 282 1893 di
306 1832 676 1893 immortales
726 1830 967 1903 violati,
1014 1829 1380 1891 existimatio
1425 1839 1610 1903 atque
1651 1828 1980 1889 auctoritas
2019 1828 2281 1890 nominis

221 1914 435 1991 populi
466 1914 723 1975 Romani
754 1912 1097 1985 imminuta,
1132 1910 1463 1985 hospitium
1495 1910 1822 1988 spoliatum
1853 1928 1928 1970 ac
1957 1911 2279 1987 proditum,

222 1996 545 2059 abalienati
579 1998 814 2056 scelere
846 1994 1021 2055 istius
1053 2012 1090 2053 a
1112 1994 1293 2055 nobis
1324 2009 1538 2054 omnes
1567 2010 1749 2069 reges
1779 1993 2131 2055 amicissimi
2173 2012 2278 2053 na-

220 2080 576 2155 tionesque,
610 2077 855 2153 quaein
893 2094 1103 2138 eorum
1132 2093 1323 2151 regno
1367 2093 1439 2137 ac
1467 2076 1709 2138 dicione
1754 2085 1911 2138 sunt.
1977 2077 2078 2139 61.
2130 2078 2282 2136 Nam

220 2179 401 2237 reges
432 2161 676 2237 Syriae,
708 2160 873 2236 regis
908 2159 1196 2221 Antiochi
1223 2160 1384 2220 filios
1414 2175 1675 2236 pueros,
1706 2160 1874 2220 scitis
1909 2162 2141 2219 Romae
2171 2176 2280 2241 nu·

220 2262 337 2321 per
380 2243 604 2305 ruisse=
652 2242 756 2319 qui
797 2252 1089 2304 venerant
1131 2259 1254 2303 non
1294 2252 1548 2317 propter
1577 2242 1793 2319 Syriae
1816 2258 2098 2316 regnum=
2143 2256 2282 2299 nam

223 2329 288 2387 id
330 2328 461 2386 sine
500 2326 916 2387 controversia
958 2326 1338 2397 obtinebant,
1377 2334 1444 2385 ut
1489 2343 1524 2385 a
1567 2334 1738 2399 patre
1777 2332 1838 2384 et
1875 2341 1913 2382 a
1953 2322 2281 2382 maioribus

194 2418 619 2487 acceperant:
653 2410 766 2469 sed
794 2425 1047 2483 regnum
1085 2406 1354 2486 Aegypti
1397 2410 1477 2467 ad
1521 2424 1588 2466 se
1633 2416 1691 2467 et
1731 2407 1811 2469 ad
1852 2404 2116 2465 Selenen
2157 2422 2275 2463 ma·

223 2507 380 2559 trem
424 2512 595 2557 suam
638 2492 947 2567 pertinere
987 2491 1454 2551 arbitrabantur.
1541 2487 1588 2545 li
1639 2491 1862 2559 postea
1903 2496 2085 2555 quam
2135 2486 2283 2538 tem-

223 2580 480 2655 poribus
522 2577 613 2638 rei
652 2574 937 2650 publicae
983 2574 1219 2633 exclusi
1259 2587 1374 2646 per
1421 2574 1700 2629 senatum
1752 2579 1938 2640 agere
1975 2577 2140 2637 quae
2175 2576 2285 2619 vo-

218 2662 457 2720 luerant
484 2673 607 2717 non
636 2661 982 2730 potuerunt,
1013 2651 1073 2712 in
1098 2650 1338 2729 Syriam
1370 2649 1430 2708 in
1459 2662 1713 2723 regnum
1740 2644 2002 2721 patrium
2022 2642 2276 2719 profecti

222 2748 383 2803 sunt.
444 2740 670 2800 Eorum
699 2738 881 2808 alter,
914 2734 1017 2810 qui
1045 2734 1384 2795 Antiochus
1411 2737 1696 2802 vocatur,
1730 2728 1844 2790 iter
1871 2743 1984 2802 per
2014 2726 2281 2786 Siciliam

220 2826 427 2884 facere
460 2820 668 2883 voluit.
740 2820 952 2894 Itaque
979 2817 1098 2877 isto
1130 2824 1410 2892 praetore
1441 2813 1608 2874 venit
1637 2812 2001 2889 Syracusas.
2037 2808 2137 2869 62.
2167 2806 2280 2867 Hic

220 2909 453 2967 Verres
486 2901 881 2964 hereditatem
910 2900 1027 2960 sibi
1058 2900 1310 2959 venisse
1338 2896 1660 2957 arbitratus
1689 2902 1813 2966 est,
1859 2893 2027 2969 quod
2053 2892 2115 2951 in
2147 2890 2281 2951 eius

220 3004 477 3063 regnum
518 3002 595 3047 ac
642 3001 859 3045 manus
910 2990 1159 3043 venerat
1195 2980 1281 3055 is,
1317 2996 1496 3056 quem
1538 2978 1654 3039 iste
1687 2985 1750 3037 et
1787 2976 2062 3037 audierat
2097 2974 2284 3033 multa

226 3088 437 3133 secum
466 3070 783 3145 praeclara
810 3066 1037 3126 habere
1067 3072 1128 3125 et
1154 3062 1602 3138 suspicabatur.
1661 3058 1840 3121 Mittit
1879 3056 2106 3119 homini
2153 3070 2286 3113 mu-

224 3171 374 3216 nera
403 3152 555 3214 satis
582 3152 751 3225 large
775 3148 931 3211 haec
958 3149 1039 3208 ad
1066 3163 1248 3207 usum
1279 3144 1707 3206 domesticunn
1756 3140 1906 3213 olei,
1949 3137 2074 3197 vini
2117 3136 2287 3230 quod

223 3237 429 3297 visum
460 3242 581 3295 esta
629 3234 809 3295 etiam
840 3230 1017 3291 tritici
1056 3231 1224 3306 quod
1261 3228 1410 3289 satis
1452 3235 1650 3297 esset,
1694 3225 1771 3283 de
1816 3220 1945 3282 suis
1990 3220 2285 3279 decumis.

225 3318 461 3381 Deinde
516 3316 717 3393 ipsum
764 3330 969 3390 regem
1024 3311 1102 3372 ad
1158 3328 1374 3373 cenam
1445 3306 1719 3370 vocavit=
1783 3309 2039 3364 exornat
2087 3300 2286 3377 ample
