2459 3817
275 107 393 174 158
699 109 849 169 PRO
878 108 945 168 Τ.
982 108 1218 168 ANNIO
1247 107 1543 168 MILONE
1572 107 1875 169 ORATlo.

264 259 534 322 auditum
565 273 644 318 ex
669 258 926 318 Milonez
963 257 1359 333 profectionis
1388 256 1569 319 huius
1597 256 1757 318 diem
1786 256 1869 317 illi
1901 265 2143 334 notum,
2182 263 2329 322 red·

263 343 387 405 itus
413 341 576 403 illius
609 341 754 401 huie
775 343 1044 416 ignotum
1079 341 1301 401 fuisses
1344 340 1525 402 huius
1554 341 1669 401 iter
1694 341 2129 416 necessarium,
2160 342 2327 404 illius

263 425 443 486 etiam
473 423 678 499 potius
703 424 996 484 alienum=
1043 423 1205 484 hune
1248 437 1395 498 prae
1422 439 1494 484 se
1523 424 1736 484 tulisse
1764 440 1834 485 se
1865 423 1967 485 illo
1996 424 2097 485 die
2125 427 2325 488 Roma

263 507 562 568 exiturum
580 551 597 580 ,
626 506 790 566 illurn
823 521 898 566 eo
927 507 1026 566 die
1053 521 1125 566 se
1152 504 1579 566 dissimulasse
1604 505 1933 566 rediturum
1950 529 1967 562 ε
1999 507 2163 568 hune
2194 513 2324 570 nul-

263 590 382 650 lius
421 589 511 649 rei
553 596 824 650 mutasse
870 589 1222 662 eonsilium,
1265 588 1431 648 illum
1480 603 1729 649 eausam
1770 589 2041 650 mutandi
2078 591 2321 652 consilii

262 670 552 732 finxisse=
593 671 764 745 huie,
803 671 858 731 si
889 670 1303 744 insidiaretur,
1344 679 1587 732 noctem
1630 687 1825 746 prope
1856 673 2069 734 urbem
2096 690 2323 750 exspe-

247 755 576 827 'etandum,
604 753 708 826 illi,
743 755 924 815 etiarn
957 753 1011 813 si
1039 752 1202 814 hune
1231 769 1355 815 non
1384 754 1635 824 timeret,
1668 763 1864 814 tamen
1892 770 2213 816 aceessum
2243 758 2323 817 ad

263 839 474 898 urbem
507 845 870 898 nocturnum
905 836 1100 897 fuisse
1127 836 1538 896 metuendum.

374 921 502 980 XX.
531 918 632 983 53.
657 919 990 980 Videamus
1019 934 1180 980 nune
1209 919 1305 992 id,
1339 919 1507 994 quod
1534 927 1717 994 eaput
1744 926 1867 993 est,
1905 921 2079 980 loe-us
2114 920 2195 980 ad
2232 921 2318 982 in-

263 1003 456 1064 sidias
484 1003 584 1063 ille
610 1003 779 1078 ipse,
808 1003 912 1063 ubi
943 1001 1263 1076 congressi
1296 1010 1457 1074 sunt,
1486 1000 1605 1062 utri
1625 1003 1869 1062 tandem
1898 1003 2076 1064 fuerit
2100 1003 2318 1078 aptior.

263 1086 332 1146 Id
358 1102 540 1160 vero,
594 1086 862 1157 iudieeS,
903 1085 1083 1145 etiam
1122 1084 1517 1146 dubitandum
1564 1092 1627 1145 et
1666 1085 1892 1144 diutius·
1931 1084 2321 1160 cogitandum

262 1176 400 1230 est?
440 1170 600 1230 Ante
631 1169 881 1228 fundum
915 1167 1129 1240 clodii,
1161 1183 1285 1242 quo
1319 1168 1381 1227 in
1414 1168 1601 1229 fundo
1634 1175 1886 1242 propter
1906 1167 2155 1229 insanas
2183 1167 2316 1232 illas

262 1251 744 1313 substructiones
790 1251 966 1310 facile
997 1250 1309 1311 hominum
1352 1250 1517 1312 mille
1546 1250 1945 1312 versabantur
1970 1250 2313 1323 valentium,

263 1334 426 1392 edito
457 1332 795 1393 adversarii
815 1341 1000 1407 atque
1021 1333 1273 1394 excelso
1303 1334 1441 1394 loeo
1478 1332 1853 1408 superiorem
1882 1349 1954 1395 se
1984 1333 2117 1394 lore
2146 1342 2313 1408 puta-

263 1423 356 1475 rat
381 1414 559 1489 Milo,
603 1423 664 1475 et
695 1415 777 1475 ob
805 1429 938 1474 eam
968 1431 1096 1474 rem
1127 1431 1265 1474 eum
1301 1416 1501 1476 locum
1528 1417 1611 1476 ad
1638 1431 1904 1492 pugnam
1937 1416 2317 1491 potissimum

262 1499 568 1572 elegerat?
614 1513 692 1557 an
737 1497 799 1556 in
843 1513 916 1558 eo
962 1499 1096 1558 loeo
1141 1507 1239 1560 est
1277 1499 1480 1573 potius
1522 1507 1913 1574 exspectatus
1954 1500 2032 1560 ab
2070 1515 2182 1572 eo,
2218 1498 2325 1574 qui

265 1578 459 1654 ipsius
488 1579 608 1641 loci
639 1597 754 1656 spe
781 1582 986 1640 faeere
1017 1579 1309 1654 impetum
1334 1584 1668 1657 cogitarat?
1706 1583 1830 1642 Res
1872 1581 2138 1656 loquitur
2163 1582 2324 1658 ipsa,

267 1661 532 1734 iudices,
575 1680 734 1738 quae
763 1679 1008 1738 semper
1035 1664 1195 1724 valet
1228 1664 1567 1739 plurimum.
1654 1663 1752 1726 54.
1790 1664 1855 1725 Si
1882 1665 2033 1726 haee
2064 1681 2188 1725 non
2218 1680 2323 1740 ge—

264 1755 357 1806 sta
385 1747 695 1821 audiretis,
725 1748 837 1808 sed
873 1747 1032 1822 pieta
1073 1746 1380 1819 videretis,
1412 1755 1607 1808 tamen
1645 1756 1969 1823 appareret
1994 1755 2129 1808 uter
2156 1755 2325 1807 esset

264 1827 610 1903 insidiator,
644 1839 778 1891 uter
805 1829 951 1889 nihil
981 1829 1275 1904 cogitaret
1301 1830 1472 1903 mali,
1514 1847 1698 1906 quum
1728 1832 1879 1891 alter
1909 1829 2233 1890 veheretur
2260 1830 2322 1889 in

260 1912 453 1973 raeda
487 1915 866 1987 paenulatuS,
896 1927 1017 1972 una
1045 1914 1288 1974 sederet
1315 1929 1473 1974 uxor
1501 1954 1681 1973 .....
1770 1912 1923 1987 Quid
1952 1913 2170 1974 horum
2198 1930 2323 1974 non

262 1995 834 2070 impeditissimum?
857 1997 1118 2056 vestitus
1145 2013 1222 2055 an
1262 1995 1603 2057 vehiculum
1632 2013 1710 2056 an
1742 2002 1994 2056 comes?
2037 1997 2185 2071 quid
2214 1995 2323 2056 mi-

263 2094 380 2136 nus
405 2086 748 2153 promptum
775 2079 854 2136 ad
886 2094 1166 2152 pugnam,
1198 2095 1379 2152 quum
1406 2080 1668 2154 paenula
1689 2077 1971 2152 irretituS,
1996 2079 2191 2139 raeda
2211 2079 2319 2139 im-

263 2157 536 2234 peditus,
577 2176 770 2219 uxore
801 2176 995 2234 paene
1025 2162 1388 2222 oonstrIetus
1418 2169 1627 2224 esset?
1664 2161 1885 2222 Videte
1926 2175 2089 2222 nuno
2132 2161 2318 2234 illum,

263 2240 519 2316 primum
551 2242 962 2316 egredientem
991 2259 1028 2303 e
1061 2243 1233 2318 villa,
1265 2243 1496 2305 subito=
1542 2251 1692 2305 eur?
1732 2243 2006 2319 vesperi=
2039 2244 2189 2318 quid
2217 2259 2321 2304 ne·

262 2339 438 2384 cesse
467 2332 608 2385 est?
645 2327 848 2386 tarde:
881 2326 987 2401 qui
1016 2327 1321 2398 convenit,
1352 2327 1709 2402 praesertim
1741 2326 1803 2386 id
1832 2325 2172 2402 temp-oris?
2203 2327 2322 2387 De-

262 2406 438 2468 vertit
473 2406 534 2465 in
569 2408 769 2468 villam
791 2409 1084 2484 Pompeii.
1169 2409 1524 2484 Pompeium
1566 2418 1633 2470 ut
1662 2409 1937 2470 videret?
1980 2408 2217 2469 sciebat
2262 2409 2321 2467 in

259 2489 530 2550 Alsiensi
569 2506 742 2551 esse:
784 2491 986 2552 villam
1041 2501 1104 2553 ut
1143 2493 1561 2568 perspicerem
1601 2492 1839 2554 miliens
1878 2495 1939 2553 in
1984 2508 2061 2551 ea
2104 2492 2321 2552 suerat.

261 2572 417 2646 Quid
445 2589 594 2648 ergo
626 2581 794 2634 erat?
833 2591 1002 2635 mora
1037 2584 1097 2635 et
1130 2575 1580 2650 tergiversatim
1622 2575 1767 2636 dum
1812 2573 1911 2634 hie
1940 2573 2204 2642 veniret,
2236 2575 2320 2634 lo-

257 2671 393 2717 cum
423 2656 764 2733 relinquere
793 2657 1001 2718 noluit.
2106 2656 2114 2660 ”

379 2739 535 2798 XXI.
564 2738 662 2801 55.
687 2744 822 2814 Age
853 2757 1015 2800 nune
1042 2738 1158 2802 iter
1184 2740 1453 2815 expediti
1488 2739 1739 2801 latronis
1769 2756 1907 2801 oum
1935 2739 2184 2800 Milonis
2213 2738 2323 2799 im-

258 2821 621 2894 pedimentis
663 2832 1034 2898 comparate.
1122 2823 1381 2898 Semper
1410 2822 1511 2883 ille
1540 2830 1720 2885 antea
1750 2839 1887 2884 eum
1921 2837 2149 2894 uxore,
2194 2831 2321 2882 tum

258 2902 392 2964 sine
421 2919 524 2964 ea=
555 2921 884 2981 numquam
917 2906 1036 2966 nisi
1069 2905 1128 2966 in
1152 2907 1360 2980 raeda,
1393 2914 1515 2966 tum
1538 2905 1599 2965 in
1630 2922 1823 2981 equoz
1856 2903 2109 2966 comites
2132 2905 2320 2964 Grae-

255 2984 396 3059 culi,
429 3003 821 3063 quocumque
842 2988 982 3062 ibat,
1006 2990 1184 3049 etiam
1217 3005 1403 3064 quum
1432 2989 1493 3048 in
1522 2997 1723 3050 eastra
1750 2989 2005 3050 Etrusca
2028 3003 2321 3062 propera-

258 3068 386 3129 bat:
430 3077 555 3129 tum
593 3087 893 3146 nugarum
937 3070 997 3130 in
1043 3073 1334 3134 comitatu
1365 3071 1532 3132 nihil.
1616 3072 1790 3146 Milo,
1829 3072 1931 3147 qui
1972 3087 2323 3146 numquam,

255 3159 378 3211 tum
408 3167 557 3212 casu
584 3168 810 3226 pueros
846 3152 1325 3229 symphoniacos
1353 3153 1568 3214 uxoris
1599 3154 1861 3216 ducebat
1882 3161 1944 3214 et
1968 3153 2323 3214 ancillarum

255 3249 494 3307 greges.
578 3235 713 3305 Ille,
760 3235 864 3308 qui
911 3249 1155 3308 semper
1197 3251 1409 3295 seeum
1454 3244 1687 3308 scorta,
1728 3252 1973 3310 semper
2020 3237 2320 3306 exoletoS,

257 3329 499 3387 semper
531 3317 708 3389 lupas
743 3315 1010 3387 duceret,
1037 3323 1161 3377 tum
1191 3319 1507 3391 neminem,
1538 3316 1657 3378 nisi
1684 3328 1750 3380 ut
1780 3319 1971 3379 virum
2004 3335 2041 3377 a
2078 3318 2207 3379 viro
2238 3319 2319 3376 le-
