2459 3817
242 151 321 214 12
833 153 983 214 PRO
1014 153 1078 212 P.
1116 152 1370 214 SULLA
1401 151 1705 214 ORATIO.

238 302 677 380 forte-incipiat
704 303 1017 378 improbus
1048 301 1248 364 subito
1283 309 1340 362 te
1370 319 1592 376 amare,
1628 303 1953 378 Torquate,
1983 309 2044 363 et
2069 299 2314 377 aliquid

238 405 493 466 sperare
522 388 600 447 de
637 397 723 458 te,
758 395 972 460 atque,
1006 395 1073 446 ut
1099 385 1282 446 iidem
1317 402 1532 447 omnes
1567 385 1924 458 exaudiant,
1961 384 2316 446 clarissima

237 489 393 532 voce
422 471 651 530 dicam=
706 469 931 528 Harum
964 468 1230 530 omnium
1269 484 1498 543 rerum,
1545 486 1702 542 quas
1730 485 1846 544 ego
1889 467 1950 528 in
1980 469 2314 530 consulatu

236 571 350 632 pro
377 555 571 613 salute
594 551 682 612 rei
706 551 988 626 publicae
1010 551 1260 626 suscepi
1285 561 1469 626 atque
1497 552 1683 626 gessi,
1710 551 1777 610 L.
1808 551 1909 610 ille
1935 550 2310 626 Torquatum

238 653 426 713 quum
470 643 637 695 esset
678 650 851 695 meus
892 633 1345 696 contubernalis
1389 633 1450 694 in
1494 635 1844 707 consulatu,
1893 642 2078 709 atque
2121 634 2313 695 etiam

235 719 295 780 in
328 727 613 793 praetura
642 717 888 790 fuisset,
916 725 1159 790 auctor,
1190 717 1458 791 adiutor,
1491 717 1800 792 particeps
1831 716 2079 788 exstitit,
2117 734 2314 792 quum

236 803 554 878 princeps,
599 817 783 875 quum
811 809 1055 875 auctor,
1100 817 1286 875 quum
1317 799 1568 875 signifer
1595 808 1764 861 esset
1791 799 2147 860 iuventutise
2197 817 2312 875 pa·

235 901 379 944 rens
413 882 565 955 eius,
600 884 784 944 homo
814 883 1267 946 amantissimus
1292 883 1539 958 patriae,
1571 882 1817 944 maximi
1849 881 2052 957 animi,
2083 881 2312 942 summi

236 966 496 1040 consilii,
518 966 843 1041 singularis
861 966 1256 1039 constantiae,
1282 985 1467 1040 quum
1484 975 1652 1028 esset
1669 981 1872 1040 aeger,
1898 973 2098 1027 tamen
2111 964 2308 1026 omni-

234 1052 352 1111 bus
382 1051 570 1110 rebus
601 1049 719 1110 illis
748 1048 1045 1111 interfuit=
1122 1065 1424 1124 nusquam
1452 1057 1548 1110 est
1577 1066 1616 1108 a
1645 1065 1741 1108 me
1769 1047 2122 1122 digressum
2178 1056 2308 1109 stu·

236 1135 359 1206 dio,
391 1132 669 1204 consilio,
707 1131 1066 1194 auctoritate
1095 1149 1254 1193 unus
1290 1132 1522 1192 adiuvit
1550 1131 1890 1206 plurimum,
1923 1147 2108 1206 quum
2137 1129 2306 1191 infir-

235 1217 501 1277 mitatem
546 1215 823 1290 corporis
866 1214 1085 1276 virtute
1126 1214 1310 1275 animi
1353 1222 1689 1290 superaret.
1773 1211 1874 1274 35.
1922 1213 2202 1276 Videsne
2240 1221 2311 1273 ut

237 1298 488 1372 eripiam
522 1307 580 1358 te
610 1314 690 1358 ex
718 1298 1136 1373 improborum
1170 1297 1371 1358 subita
1396 1296 1589 1372 gratia
1615 1305 1677 1358 et
1703 1295 2093 1358 reconciliem
2121 1295 2308 1356 bonis

238 1380 564 1440 omnibus?
598 1380 783 1453 quite
805 1389 865 1440 et
888 1379 1143 1454 diligunt
1173 1388 1236 1440 et
1261 1380 1520 1440 retinent
1546 1379 2012 1455 retinebuntque
2039 1393 2312 1452 semper,

236 1478 383 1535 nee,
433 1461 486 1520 si
516 1462 671 1522 forte
700 1477 737 1520 a
766 1478 863 1521 me
892 1460 1262 1535 desciveriS,
1309 1461 1539 1524 idcirco
1568 1470 1627 1523 te
1656 1479 1694 1522 a
1723 1479 1792 1523 se
1819 1471 1880 1523 et
1905 1479 1943 1522 a
1971 1478 2034 1521 re
2056 1460 2312 1536 publica

237 1552 299 1604 et
328 1561 361 1603 a
391 1550 495 1603 tua
524 1542 814 1618 dignitate
847 1544 1114 1604 deficere
1148 1543 1469 1620 patientur.
1533 1545 1657 1605 Sed
1686 1546 1803 1606 iam
1831 1546 2018 1605 redeo
2049 1544 2130 1602 ad
2157 1558 2306 1602 cau-

226 1643 389 1703 sam,
422 1634 608 1701 atque
636 1626 756 1687 hoe
788 1642 922 1698 vos,
950 1625 1205 1700 iudices,
1244 1635 1461 1688 testere
1495 1627 1641 1687 mihi
1665 1629 1742 1690 de
1765 1635 1985 1689 memet
2009 1626 2149 1702 ipso
2178 1634 2306 1686 tam

236 1711 424 1770 multa
453 1708 697 1770 dicendi
730 1708 1070 1771 necessitas
1099 1711 1401 1785 quaedam
1430 1709 1715 1787 imposita
1743 1721 1838 1772 est
1863 1711 1940 1771 ab
1974 1710 2096 1770 illo.
2152 1709 2306 1768 Nam

238 1792 291 1852 si
339 1793 681 1867 Torquatus
727 1793 955 1854 Sullam
1012 1794 1211 1854 solum
1263 1805 1650 1868 accusasset,
1711 1810 1828 1869 ego
1883 1809 2134 1868 quoque
2183 1791 2304 1851 hoc

236 1883 511 1950 tempore
550 1876 697 1937 nihil
732 1875 898 1937 aliud
937 1893 1181 1952 agerem
1222 1876 1341 1936 nisi
1381 1894 1552 1951 eum,
1607 1876 1712 1953 qui
1756 1883 2080 1937 accusatus
2119 1881 2308 1946 esset,

240 1959 661 2029 defenderem,
696 1959 811 2018 sed
841 1977 1027 2032 quum
1051 1959 1158 2019 ille
1198 1969 1326 2021 tota
1357 1959 1632 2022 oratione
1660 1976 1776 2020 sua
1801 1959 1862 2019 in
1893 1974 1989 2018 me
2016 1968 2186 2019 esset
2215 1956 2304 2016 in-

242 2049 485 2111 vectuS,
518 2050 578 2102 et
608 2058 825 2116 quum,
859 2050 926 2102 ut
954 2040 1123 2101 initio
1159 2041 1317 2115 dixi,
1349 2043 1770 2104 defensionem
1803 2058 1999 2103 meam
2035 2041 2305 2115 spoliare

238 2120 597 2182 auctoritate
618 2121 938 2193 voluisset,
965 2122 1143 2183 etiam
1175 2123 1229 2184 si
1253 2126 1428 2186 dolor
1451 2139 1546 2184 me
1572 2139 1748 2184 meus
1761 2125 2139 2199 respondere
2182 2139 2306 2183 non

240 2211 505 2279 cogeret,
537 2211 737 2264 tamen
759 2203 899 2278 ipsa
926 2221 1114 2265 causa
1143 2206 1301 2266 hanc
1331 2223 1368 2266 a
1396 2225 1493 2268 me
1523 2219 1855 2268 orationem
1881 2205 2304 2282 flagitavisset.

406 2287 560 2346 XIII.
598 2285 702 2346 36.
744 2287 843 2346 Ab
870 2287 1307 2363 Allobrogibus
1350 2289 1722 2351 nominatum
1757 2290 1984 2351 Sullam
2029 2306 2174 2350 esse
2217 2287 2303 2348 di-

238 2368 349 2430 cis.
408 2369 555 2442 Quis
585 2375 806 2444 negat?
849 2369 974 2430 Sed
1001 2370 1137 2444 lege
1162 2370 1451 2432 indicium
1481 2381 1542 2434 et
1567 2373 1710 2433 vide
1740 2389 1922 2448 quem
1949 2374 2029 2433 ad
2057 2373 2304 2433 modum

238 2451 585 2512 nominatus
628 2451 725 2511 sit.
808 2451 877 2512 L.
921 2451 1198 2514 Cassium
1250 2455 1533 2518 dixerunt
1588 2471 2102 2516 commemorasse
2169 2470 2305 2514 cum

239 2536 461 2598 ceteris
517 2531 880 2594 Autronium
904 2550 1113 2594 secum
1138 2539 1358 2597 facere.
1405 2539 1642 2611 Quaero
1665 2557 1808 2601 num
1833 2539 2064 2601 Sullam
2085 2535 2308 2598 dixerit

242 2617 536 2676 Cassius?
597 2617 927 2692 Nusquam.
1014 2616 1169 2678 Sese
1210 2620 1377 2680 aiunt
1420 2623 1742 2696 quaesisse
1789 2624 1868 2683 de
1902 2621 2114 2683 Cassio
2159 2619 2306 2695 quid

240 2697 411 2758 Sulla
442 2699 709 2760 sentiret.
789 2699 1011 2760 Videte
1053 2699 1424 2776 diligentiam
1457 2705 1794 2766 Gallorum=
1842 2703 1946 2780 qui
1981 2702 2162 2766 vitam
2196 2703 2305 2761 ho-

239 2779 466 2840 minum
494 2790 892 2857 naturamque
933 2799 1055 2843 non
1098 2793 1358 2846 nossent
1389 2802 1463 2846 ac
1503 2795 1732 2848 tanturn
1771 2787 2153 2849 audivissent
2191 2800 2308 2845 eos

237 2863 371 2938 pari
396 2864 731 2926 calamitate
752 2881 913 2937 esse,
950 2868 1382 2940 quaesiverunt
1410 2878 1698 2930 essentne
1719 2871 1930 2932 eadem
1962 2870 2304 2929 voluntate!

240 2945 397 3018 Quid
438 2954 560 3006 tum
600 2947 892 3008 Cassius?
953 2948 1018 3009 Si
1057 2950 1484 3025 respondisset
1520 2951 1680 3012 idem
1723 2953 1950 3014 sentire
1987 2960 2048 3012 et
2092 2965 2306 3011 secum

238 3029 445 3088 facere
474 3029 731 3101 Sullam,
784 3040 982 3092 tamen
1014 3031 1159 3093 mihi
1200 3050 1324 3094 non
1363 3033 1673 3095 videretur
1711 3035 1772 3094 in
1812 3036 1975 3096 hunc
2011 3034 2077 3095 id
2107 3031 2306 3094 crimi-

237 3128 457 3171 nosum
488 3127 632 3172 esse
664 3112 911 3174 debere.
974 3115 1129 3187 Quid
1169 3115 1295 3176 ita'e
1350 3115 1502 3190 Quia
1544 3117 1647 3192 qui
1687 3118 1985 3179 barbaros
2023 3116 2306 3178 homines

236 3195 318 3254 ad
357 3194 581 3256 bellum
621 3192 992 3270 impelleret,
1049 3214 1173 3258 non
1214 3199 1476 3259 debebat
1517 3199 1790 3261 minuere
1823 3200 2064 3262 illorum
2103 3198 2304 3273 suspi-

236 3275 463 3336 tionem
506 3287 567 3339 et
599 3295 861 3354 purgare
896 3296 1037 3353 eos,
1068 3281 1147 3341 de
1178 3279 1401 3355 quibus
1430 3281 1514 3341 illi
1544 3282 1774 3358 aliquid
1805 3283 2107 3360 suspicari
2134 3283 2304 3342 vide-

238 3367 460 3421 rentur.
519 3358 621 3424 37.
655 3362 789 3423 Non
811 3361 1131 3438 respondit
1159 3370 1358 3423 tamen
1389 3380 1510 3424 una
1534 3363 1738 3427 facere
1763 3365 2008 3432 Sullam.
2069 3361 2304 3426 Etenim
