2459 3817
788 146 953 208 CAP.
978 155 1242 212 35—37.
1275 155 1328 215 s.
1357 153 1615 229 74-00.
2111 151 2233 220 279

172 295 440 375 pendere
473 297 551 358 ad
584 295 942 373 disciplinae
986 310 1316 376 praecepta
1355 299 1541 375 velis,
1581 300 1962 377 reperiantur
2001 304 2236 379 pravis-

172 383 344 443 sima.
405 382 534 455 Qua
572 399 640 440 re
678 398 792 443 nec
824 383 987 457 plebi
1013 386 1328 444 Romanae
1369 383 1668 461 eripiendi
1701 388 1932 447 fructus
1963 386 2064 448 isti
2095 397 2236 448 sunt

171 467 479 537 ludorum,
539 465 968 541 gladiatorum,
1018 466 1471 542 conviviorum,
1525 485 1682 544 quae
1731 470 1932 529 omnia
1973 469 2237 532 maiores

172 549 363 611 nostri
413 558 950 625 comparaverunt,
1003 566 1119 611 nec
1170 550 1510 613 candidatis
1561 552 1676 612 ista
1719 551 2061 628 benignitas
2109 553 2236 614 adi-

172 633 393 694 menda
434 642 559 706 est,
605 649 764 710 quae
805 633 1221 695 liberalitatem
1260 634 1455 710 magis
1499 633 1802 710 signifieat
1844 654 2023 712 quam
2057 636 2237 713 largi-

174 716 416 778 tionem.

335 801 627 861 XXXVII.
656 797 756 863 78.
798 801 878 861 At
904 798 1062 861 enim
1092 809 1152 863 te
1180 801 1262 860 ad
1291 801 1705 863 accusandum
1734 819 1834 862 res
1866 803 2104 876 publica
2129 804 2236 863 ad-

173 883 362 945 duxit.
420 885 633 956 Credo,
667 886 832 956 Cato,
868 891 927 944 te
955 884 1071 944 isto
1109 883 1311 944 animo
1341 892 1526 958 atque
1556 901 1630 944 ea
1651 884 1938 960 opinione
1967 885 2240 947 venisse:

166 969 282 1028 sed
328 976 391 1028 tu
420 966 826 1042 imprudentia
853 968 1096 1027 laberis.
1154 967 1286 1041 Ego
1320 968 1490 1042 quod
1521 965 1711 1038 facio,
1751 967 2014 1040 iudiceS,
2048 985 2237 1043 quum

171 1049 468 1111 amicitiae
491 1049 924 1124 dignitatisque
946 1050 1009 1108 L.
1035 1051 1327 1110 Murenae
1350 1049 1542 1124 gratia
1567 1049 1744 1121 facio,
1774 1060 1898 1109 tum
1921 1066 2019 1110 me
2041 1050 2231 1126 paciS,

168 1133 303 1205 otii,
365 1132 758 1205 concordiae,
800 1131 1122 1203 libertatiS,
1172 1132 1415 1207 salutiS,
1465 1131 1624 1194 vitae
1663 1132 1930 1207 denique
1971 1133 2236 1194 omnium

178 1222 451 1275 nostrum
494 1231 681 1275 eausa
726 1216 929 1274 facere
968 1217 1164 1275 clamo
1210 1224 1396 1290 atque
1432 1224 1638 1277 testor.
1726 1216 1980 1288 Audite,
2031 1217 2236 1278 audite

173 1301 516 1371 consulem,
563 1297 827 1371 iudices,
872 1297 1017 1358 nihil
1053 1297 1251 1358 dicam
1282 1298 1706 1375 adrogantiae,
1749 1308 1976 1361 tantum
2015 1301 2230 1373 dicam,

173 1389 335 1443 totos
368 1381 500 1443 dies
532 1391 715 1457 atque
746 1389 960 1442 noctes
1000 1383 1079 1442 de
1105 1399 1172 1442 re
1212 1382 1459 1458 publica
1498 1382 1892 1459 cogitantem!
1958 1385 2090 1445 Non
2132 1401 2228 1445 us·

174 1483 294 1542 que
327 1481 403 1528 eo
436 1466 503 1529 L.
536 1465 787 1526 Catilina
812 1481 940 1526 rem
974 1466 1277 1541 publicam
1308 1467 1592 1543 despexit
1632 1475 1816 1544 atque
1850 1467 2234 1544 contempsit,

172 1558 237 1608 ut
270 1566 343 1610 ea
370 1549 583 1625 copia,
629 1567 810 1626 quam
842 1565 1052 1611 secum
1082 1550 1323 1622 eduxit,
1357 1567 1427 1612 se
1457 1552 1614 1610 hane
1645 1551 1945 1612 civitatem
1977 1567 2234 1627 oppres·

174 1649 380 1693 surum
434 1634 840 1696 arbitraretur.
922 1633 1129 1694 Latius
1184 1641 1351 1710 patet
1405 1635 1566 1694 illius
1621 1635 1876 1696 sceleris
1933 1634 2236 1708 contagio,

175 1733 356 1792 quam
384 1717 709 1792 quisquam
742 1726 943 1791 putat,
984 1717 1066 1776 ad
1095 1719 1303 1792 plures
1339 1719 1612 1792 pertinet.
1679 1718 1880 1788 IntuS,
1912 1715 2102 1787 intuS,
2146 1719 2230 1774 in-

172 1816 375 1874 quam,
408 1808 504 1861 est
530 1817 728 1873 equus
747 1799 1076 1860 Troianus=
1108 1817 1145 1858 a
1176 1816 1299 1874 quo
1329 1815 1659 1872 numquam
1688 1816 1785 1858 me
1813 1799 2068 1858 consule
2097 1799 2234 1858 dor-

174 1881 427 1944 mientes
456 1881 902 1957 opprimemini.
971 1881 1069 1943 79.
1114 1881 1368 1955 Quaeris
1401 1899 1438 1940 a
1465 1897 1564 1940 me
1597 1880 1744 1956 quid
1773 1897 1889 1956 ego
1923 1880 2236 1941 Catilinam

171 1975 454 2026 metuam.
510 1967 684 2038 Nihil,
716 1974 778 2026 et
807 1964 1015 2026 curavi
1049 1980 1127 2024 ne
1158 1964 1298 2039 quis
1329 1973 1638 2038 metueret,
1671 1965 1783 2024 sed
1815 1965 2026 2039 copias
2055 1962 2236 2036 illius,

173 2065 328 2124 quas
357 2046 457 2107 hie
482 2047 697 2123 video,
732 2047 871 2109 dico
903 2063 1045 2108 esse
1074 2047 1460 2109 metuendam
1514 2063 1630 2107 nec
1659 2056 1779 2109 tam
1810 2048 2111 2108 timendus
2143 2055 2238 2107 est

172 2147 335 2193 nune
374 2131 679 2192 exereitus
718 2132 785 2192 L.
828 2131 1115 2193 Catilinae
1148 2147 1330 2207 quam
1377 2130 1507 2204 isti,
1560 2131 1664 2206 qui
1704 2131 1870 2192 illum
1903 2131 2235 2191 exercitum

172 2217 525 2277 deseruisse
558 2215 854 2276 dicuntur.
923 2215 1055 2275 Non
1098 2216 1260 2276 enim
1303 2215 1733 2286 deseruerunt,
1777 2216 1888 2276 sed
1928 2214 2137 2274 abillo
2174 2213 2236 2272 in

174 2298 444 2374 specusss
484 2307 669 2374 atque
711 2297 949 2361 insidiis
989 2297 1181 2359 relicti
1220 2298 1285 2358 in
1325 2298 1527 2374 eapite
1570 2307 1756 2374 atque
1795 2298 1858 2358 in
1894 2296 2236 2357 cervicibus

172 2381 402 2442 nostris
430 2382 795 2444 restiterunt.
873 2380 949 2441 Hi
988 2391 1047 2443 et
1084 2381 1386 2456 integrum
1426 2384 1742 2443 consulem
1773 2390 1833 2442 et
1869 2382 2096 2441 bonurn
2129 2379 2236 2440 im-

174 2473 514 2542 peratorem
554 2476 614 2526 et
655 2475 867 2526 natura
908 2472 966 2524 et
998 2466 1238 2526 fortuna
1269 2481 1406 2526 cum
1437 2465 1526 2526 rei
1553 2464 1836 2541 publicae
1867 2465 2063 2525 salute
2091 2481 2236 2524 con·

172 2551 457 2610 iunctum·
484 2548 663 2609 deiici
710 2550 786 2609 de
826 2547 994 2608 urbis
1046 2548 1356 2624 praesidio
1407 2557 1469 2610 et
1527 2549 1606 2608 de
1649 2547 1931 2609 custodia
1977 2545 2238 2607 civitatis

173 2631 394 2692 vestris
435 2632 751 2692 sententiis
796 2631 1103 2692 deturbari
1146 2635 1376 2693 volunt.
1447 2632 1715 2705 Quorum
1754 2647 1871 2704 ego
1915 2631 2137 2690 ferrum
2179 2637 2241 2689 et

174 2713 493 2775 audaciam
514 2715 698 2775 reieci
726 2714 788 2774 in
813 2730 1050 2789 campo,
1080 2714 1391 2776 debilitavi
1414 2715 1472 2773 in
1499 2716 1652 2787 roro,
1685 2713 2027 2787 compressi
2057 2711 2238 2772 etiam

172 2797 339 2857 domi
368 2813 539 2858 meae
570 2815 788 2873 saepe,
827 2796 1097 2868 iudieeS,
1129 2797 1227 2857 his
1257 2813 1373 2857 vos
1407 2797 1461 2856 si
1491 2798 1746 2858 alterum
1774 2796 2089 2856 consulem
2121 2802 2240 2855 tra·
2343 2809 2350 2815 ·

173 2878 479 2954 dideritis,
527 2882 664 2955 plus
708 2882 894 2942 multo
926 2888 1103 2939 erunt
1134 2879 1356 2940 vestris
1387 2879 1703 2940 sententiis
1739 2895 1921 2954 quam
1951 2878 2082 2940 suis
2112 2880 2240 2953 gla-

172 2962 293 3022 diis
324 2962 659 3026 consecuti.
718 2962 923 3039 Magni
962 2962 1242 3034 interest,
1284 2961 1551 3032 iudices,
1599 2961 1662 3023 id
1694 2963 1858 3038 quod
1889 2979 2006 3038 ego
2037 2960 2240 3021 multis

172 3046 654 3122 repugnantibus
696 3046 795 3122 egi
836 3055 1024 3122 atque
1054 3044 1315 3121 perfeci,
1359 3061 1504 3107 esse
1529 3046 1824 3106 Kalendis
1853 3043 2147 3105 Ianuariis
2178 3042 2239 3101 in

173 3145 241 3189 re
284 3131 529 3204 publica
571 3130 694 3190 duo
724 3131 1031 3190 consules.
1112 3129 1215 3192 80.
1257 3127 1456 3190 Nolite
1484 3129 1786 3200 arbitrari,
1828 3125 2242 3189 mediocribus

174 3212 448 3274 consiliis
476 3221 583 3274 aut
604 3211 843 3274 usitatis
869 3212 985 3273 viis
1016 3219 1119 3272 aut
1130 3213 1209 3272 **.
1266 3213 1401 3273 Non
1432 3213 1530 3273 lex
1553 3212 1848 3287 improba,
1879 3227 2001 3270 non
2042 3204 2240 3282 perni-

174 3294 351 3356 ciosa
376 3295 631 3371 largitio,
658 3311 783 3356 non
813 3295 1085 3358 auditum
1114 3296 1446 3370 aliquando
1475 3295 1729 3370 aliquod
1759 3295 1982 3353 malum
2011 3291 2098 3350 rei
2131 3305 2242 3363 pu·

172 3377 369 3441 blicae
401 3377 726 3454 quaeritur.
785 3378 938 3438 Inita
974 3386 1116 3439 sunt
1143 3377 1205 3438 in
1233 3380 1352 3438 hac
1383 3377 1626 3439 civitate
1653 3373 1942 3442 consilia,
1983 3371 2241 3441 iudices,
