2459 3817
290 129 416 195 268
846 133 993 195 PRO
1024 133 1089 194 L.
1121 132 1447 195 MURENA
1479 131 1783 194 ORATIO.

282 297 376 348 tas
417 284 656 346 offensa
697 284 1050 356 multorum,
1095 282 1321 360 quibus
1364 290 1469 346 aut
1510 291 1721 345 contra
1764 278 2131 344 valetudinis
2177 297 2343 344 com—

279 369 527 429 modum
562 366 960 428 laborandum
995 375 1091 428 est
1121 377 1227 429 aut
1258 366 1645 428 incommodo
1686 365 1881 428 morbi
1909 364 2085 427 etiam
2154 365 2348 428 ceteri

278 451 440 512 vitae
483 453 716 511 fructus
756 447 1158 524 relinquendi.
1237 450 1392 525 Quid
1432 458 1622 526 ergo?
1660 449 1815 511 haec
1867 448 2005 524 quis
2035 449 2208 511 tulit?
2262 449 2345 523 Is,

281 535 384 609 qui
411 531 754 594 auctoritati
788 541 1071 608 senatuS,
1116 533 1412 596 voluntati
1440 542 1579 595 tuae
1610 532 1838 610 paruit,
1875 531 2141 608 denique
2170 531 2227 593 is
2254 541 2347 593 tu-

281 616 376 690 lit,
419 615 516 677 cui
546 614 790 676 minime
819 616 1169 691 proderant.
1243 619 1377 690 Illa,
1408 633 1567 692 quae
1600 633 1737 678 mea
1765 633 2001 678 summa
2030 616 2347 677 voluntate

281 707 531 760 senatus
561 700 852 774 frequens
882 699 1245 775 repudiavit,
1280 699 1668 762 mediocriter
1696 701 2023 761 adversata
2053 698 2161 757 tibi
2199 715 2348 759 esse

280 781 636 844 existimas?
713 782 1148 845 Confusionem
1201 783 1630 860 suffragiorum
1677 781 1997 859 flagitasti,
2054 797 2347 859 perroga—

281 865 503 928 tionem
545 864 700 942 legis
732 865 1047 940 Maniliae,
1087 868 1514 943 aequationem
1540 865 1805 938 gratiae,
1839 864 2179 942 dignitatis,
2219 865 2347 924 sul·-

282 949 627 1024 rragiorum.
714 947 997 1010 Graviter
1015 948 1295 1009 homines
1320 945 1563 1007 honesti
1586 953 1771 1021 atque
1795 944 1857 1006 in
1881 946 2013 1008 suis
2036 946 2352 1008 vicinitati·

279 1034 396 1095 bus
442 1041 504 1095 et
551 1029 896 1108 municipiis
939 1032 1192 1108 gratiosi
1225 1035 1517 1106 tulerunt,
1559 1049 1596 1092 a
1627 1031 1731 1092 tali
1774 1031 1905 1090 viro
1938 1045 2080 1090 esse
2110 1043 2340 1104 pugna·

279 1124 434 1190 tum,
476 1124 542 1178 ut
591 1131 806 1176 omnes
849 1123 910 1176 et
953 1115 1263 1190 dignitatis
1314 1125 1377 1178 et
1418 1114 1645 1190 gratiae
1700 1113 1929 1188 gradus
1973 1114 2343 1175 tollerentur.

281 1200 446 1260 {dem
487 1198 766 1261 editicios
795 1197 1034 1260 iudices
1065 1216 1208 1261 esse
1239 1199 1513 1274 voluisti,
1552 1206 1620 1259 ut
1661 1196 1804 1259 odia
1834 1197 2073 1280 occulta
2100 1193 2343 1265 civium,

281 1299 442 1357 quae
475 1281 674 1344 tacitis
713 1298 875 1343 nunc
907 1282 1237 1344 discordiis
1270 1282 1681 1353 continentur,
1730 1280 1791 1340 in
1822 1269 2097 1340 fortunas
2130 1277 2343 1353 optimi

278 1364 579 1440 cuiusque
623 1373 1026 1441 erumperent.
1099 1364 1201 1428 48.
1235 1367 1401 1426 Haec
1444 1365 1645 1426 omnia
1685 1361 1792 1424 tibi
1819 1359 2153 1424 accusandi
2183 1359 2344 1420 viam

283 1447 661 1520 muniebant,
703 1447 1087 1522 adipiscendi
1123 1448 1580 1523 obsaepiebant.

444 1531 652 1605 Atque
697 1545 774 1590 ex
820 1529 1101 1592 omnibus
1143 1529 1247 1591 illa
1278 1532 1460 1607 plaga
1501 1540 1596 1591 est
1626 1529 1847 1592 iniecta
1877 1525 2153 1605 petitioni
2186 1535 2343 1600 tuae,

281 1627 404 1674 non
436 1619 674 1674 tacente
702 1629 828 1687 me,
866 1613 1158 1673 maximae
1203 1615 1283 1674 de
1312 1629 1434 1688 qua
1466 1615 1542 1675 ab
1570 1612 1817 1674 homine
1846 1609 2344 1688 ingeniosissimo

279 1702 340 1756 et
377 1695 830 1774 copiosissimo,
860 1695 1296 1771 Q.Hortensio,
1329 1698 1516 1758 multa
1568 1694 1931 1772 gravissime
1980 1694 2143 1756 dicta
2184 1701 2337 1762 sunt,

165 1819 170 1826 -
280 1778 412 1851 Quo
461 1776 641 1838 etiam
683 1777 827 1839 mihi
868 1777 1077 1840 durior
1119 1779 1298 1840 locus
1331 1788 1426 1840 est
1462 1779 1707 1840 dicendi
1751 1780 1961 1853 datuS,
2003 1786 2099 1849 ut,
2158 1791 2346 1851 quum

279 1870 420 1922 ante
461 1878 558 1922 me
601 1869 662 1922 et
702 1861 802 1922 ille
837 1861 1098 1923 dixisset
1126 1869 1186 1924 et
1221 1863 1315 1922 vir
1355 1879 1590 1924 summa
1621 1861 1913 1937 dignitate
1941 1869 2003 1922 et
2030 1857 2344 1936 diligentia

279 1952 340 2005 et
368 1945 652 2006 facultate
679 1943 954 2019 dicendi,
985 1945 1067 2004 M.
1097 1945 1377 2019 CrassuS,
1412 1961 1530 2022 ego
1562 1944 1623 2006 in
1652 1952 1923 2007 extremo
1954 1960 2077 2006 non
2108 1951 2345 2020 partem

279 2023 547 2101 aliquam
575 2042 822 2102 agerem
853 2043 1107 2098 causae,
1155 2030 1270 2088 sed
1299 2031 1376 2090 de
1407 2037 1531 2090 tota
1560 2043 1629 2088 re
1658 2028 1955 2102 dicerem,
1998 2028 2167 2102 quod
2200 2024 2347 2085 mihi

279 2106 607 2170 videretur.
656 2109 912 2185 Itaque·
897 2127 957 2169 m
986 2109 1205 2171 iisdem
1232 2111 1419 2172 rebus
1451 2113 1577 2172 rere
1612 2125 1843 2186 versor,
1868 2119 1946 2186 et,
1972 2101 2205 2186 quoad
2200 2125 2346 2184 pos-

279 2208 446 2264 sum,
487 2190 754 2266 iudiceS,
795 2207 1056 2253 occurro
1094 2202 1336 2254 vestrae
1368 2194 1647 2256 satietati.
1722 2194 1935 2254 XXIV.
1969 2192 2093 2253 Sed
2125 2200 2343 2263 tamen,

277 2237 485 2348 Serv'i,
522 2290 704 2350 quam
738 2281 798 2335 te
826 2273 1092 2336 securim
1117 2285 1301 2351 putas
1333 2277 1621 2338 iniecisse
1665 2274 1939 2353 petitioni
1969 2283 2127 2348 tuae,
2158 2290 2344 2349 quum

275 2360 572 2433 populum
616 2359 958 2417 Romanum
1001 2357 1059 2416 in
1107 2373 1247 2418 eum
1290 2366 1515 2418 metum
1550 2359 1886 2430 adduxisti,
1932 2367 1999 2420 ut
2061 2357 2345 2434 pertime-

277 2443 478 2499 sceret
505 2454 584 2498 ne
618 2439 836 2499 consul
867 2438 1117 2500 Catilina
1158 2441 1359 2516 fieret,
1405 2443 1550 2502 dum
1587 2450 1654 2504 tu
1686 2441 2139 2503 accusationem
2176 2456 2344 2501 com-

277 2535 529 2596 parares
559 2520 843 2596 deposita
872 2530 1058 2598 atque
1091 2523 1330 2586 abiecta
1370 2524 1700 2600 petitione?
1754 2522 1858 2586 49.
1886 2525 2122 2585 Etenim
2156 2532 2215 2585 te
2247 2523 2343 2583 in-

277 2603 522 2678 quirere
552 2603 871 2677 videbant,
919 2605 1150 2668 tristem
1181 2606 1412 2682 ipsum,
1447 2617 1717 2669 maestos
1746 2609 2010 2669 amicos=
2052 2609 2348 2668 observa-

277 2687 494 2759 tioneS,
523 2687 1002 2763 testificationes,
1033 2689 1432 2752 seductiones
1460 2690 1723 2766 testium,
1752 2690 2171 2753 secessionem
2198 2691 2347 2750 sub-

277 2768 642 2846 scriptorum
680 2771 1271 2835 animadvertebant=
1324 2774 1547 2849 quibus
1586 2775 1773 2836 rebus
1810 2791 1953 2836 esse
1982 2773 2103 2849 ipsi
2133 2771 2349 2833 candi-

277 2852 422 2914 dato
463 2853 786 2916 obscurior
826 2872 976 2932 spes
1005 2856 1199 2918 videri
1231 2858 1425 2918 solet=
1478 2857 1792 2918 Catilinam
1817 2857 2047 2920 interea
2076 2857 2346 2917 alacrem

275 2944 460 3011 atque
489 2938 740 3012 laetum,
785 2940 1071 3014 stipatum
1101 2941 1291 3001 choro
1322 2940 1681 3015 iuventutiS,
1719 2943 2005 3002 vallatum
2034 2938 2345 3000 indicibus

275 3025 460 3094 atque
495 3020 761 3093 sicariis,
791 3021 1067 3084 inflatum
1098 3041 1286 3099 quum
1318 3041 1431 3100 spe
1462 3023 1714 3085 militum
1744 3033 1868 3086 tum
1900 3026 2172 3100 collegae
2198 3022 2346 3096 mei,

277 3119 460 3180 quem
504 3105 584 3164 ad
627 3105 874 3166 modum
920 3105 1161 3168 dicebat
1201 3105 1372 3182 ipse,
1412 3107 1765 3182 promissis,
1818 3105 2345 3169 circumfluentem

275 3189 633 3250 colonorum
687 3189 1107 3251 Arretinorum
1158 3197 1219 3250 et
1264 3191 1741 3252 Faesulanorum
1792 3189 2095 3252 exercitu=
2158 3205 2347 3264 quam

277 3272 514 3332 turbam
553 3270 960 3332 dissimillimo
1007 3289 1087 3332 ex
1127 3288 1353 3349 genere
1395 3272 1848 3348 distinguebant
1887 3272 2165 3334 homines
2202 3288 2347 3346 per-

279 3356 442 3416 cussi
475 3353 707 3417 Sullani
734 3354 1028 3433 temporis
1061 3357 1414 3417 calamitate.
1482 3357 1700 3418 Vultus
1730 3365 1857 3418 erat
1887 3355 2084 3432 ipsius
2118 3355 2347 3431 plenus
