2459 3817
236 108 283 174 2
841 113 989 176 PRO
1018 114 1079 173 P.
1116 113 1370 175 SULLA
1401 111 1702 175 ORATIO.

235 272 637 338 everteretur,
669 272 729 326 et
756 263 819 324 in
860 263 956 325 his
1000 263 1292 340 pristinae
1334 266 1613 326 fortunae
1652 262 1928 340 reliquiis
1966 261 2208 326 miseris
2243 275 2310 327 et

235 347 501 409 adflictis
542 357 745 408 tamen
787 348 1038 409 haberet
1079 348 1412 421 quosdam,
1463 363 1716 422 quorum
1757 349 1994 409 animos
2031 364 2111 408 ne
2151 365 2303 424 sup-

236 431 422 506 plicio
469 430 715 505 quidem
760 447 875 491 suo
920 430 1142 491 satiare
1185 438 1428 505 posset,
1473 446 1840 506 quamquam
1871 447 1949 491 ex
1984 429 2166 490 huius
2208 430 2302 490 in-

235 513 577 575 commodis
606 528 884 586 magnam
913 513 1113 574 animo
1143 511 1482 573 molestiam
1507 511 1706 589 capio,
1735 522 1933 574 tamen
1954 513 2016 573 in
2075 513 2310 574 ceteris

234 596 411 656 malis
435 597 612 656 facile
641 595 842 672 patior
862 597 1128 657 oblatum
1150 595 1295 655 mihi
1323 602 1563 671 tempus
1587 611 1747 669 esse,
1770 596 1830 656 in
1861 613 1983 671 quo
2014 596 2162 656 boni
2187 593 2310 656 viri

238 679 541 740 lenitatem
567 695 764 740 meam
787 678 1409 754 misericordiamque,
1434 687 1640 741 notam
1665 681 1971 754 quondam
1997 679 2307 750 omnibuS,

236 777 399 823 nunc
428 761 606 837 quasi
633 762 1059 835 intermissam,
1105 769 1528 837 agnoscerent,
1569 760 1829 836 improbi
1857 778 1931 822 ac
1964 759 2186 836 perditi
2217 761 2306 822 ci·

237 860 367 918 veS,
420 845 701 907 redomiti
731 852 914 920 atque
946 843 1109 918 victi,
1144 844 1581 926 praecipitante
1613 861 1681 904 re
1707 843 1952 920 publica
1975 845 2303 904 vehemen-

236 936 357 989 tem
386 944 483 990 me
516 927 706 990 fuisse
734 937 918 1004 atque
952 930 1183 1001 fortem,
1230 935 1596 988 conservata
1625 929 1826 988 mitem
1855 943 1928 988 ac
1956 926 2302 988 misericor-

236 1011 375 1071 dem
406 1012 749 1072 faterentur.
837 1009 895 1070 2.
938 1012 1013 1072 Et
1047 1010 1335 1085 quoniam
1367 1011 1433 1070 L.
1453 1010 1815 1085 Torquatus»,
1843 1026 2017 1070 meus
2051 1009 2303 1070 familia-

235 1095 323 1154 ris
354 1110 427 1154 ac
459 1097 868 1165 necessarius,
900 1093 1168 1164 iudices,
1205 1091 1603 1163 existimavit,
1640 1093 1693 1152 si
1729 1101 1994 1154 nostram
2029 1091 2088 1151 in
2119 1107 2300 1152 accu-

242 1174 486 1235 satione
516 1190 633 1236 sua
665 1175 1186 1238 necessitudinem
1220 1175 1811 1251 familiaritatemque
1842 1174 2169 1248 violasset,
2203 1175 2308 1235 ali·

243 1257 392 1330 quid
414 1273 485 1318 se
511 1259 589 1318 de
612 1258 979 1320 auctoritate
991 1275 1169 1322 meae
1192 1259 1571 1322 defensionis
1589 1276 1781 1336 posse
1796 1259 2138 1330 detrahere,
2166 1275 2309 1319 cum

242 1339 422 1400 huius
455 1341 712 1417 periculi
740 1343 1211 1420 propulsatione
1253 1345 1620 1419 coniungam
1661 1341 2086 1404 defensionem
2114 1341 2310 1402 officii

242 1421 381 1482 mei.
442 1424 577 1497 Quo
610 1422 859 1498 quidem
888 1439 1117 1501 genere
1147 1426 1445 1488 orationis
1479 1444 1602 1488 non
1637 1433 1862 1498 uterer,
1895 1426 2150 1499 iudices,
2181 1426 2308 1485 hoc

241 1512 543 1581 tempore,
580 1505 634 1566 si
665 1522 801 1567 mea
832 1512 1029 1569 solum
1060 1509 1420 1572 interesset:
1466 1511 1668 1572 multis
1699 1510 1857 1570 enim
1886 1510 2040 1570 locis
2073 1517 2134 1570 et
2160 1509 2308 1568 data

241 1588 385 1649 mihi
416 1591 677 1651 facultas
709 1598 806 1652 est
836 1600 897 1653 et
916 1608 1108 1668 saepe
1132 1593 1374 1654 dabitur
1402 1595 1480 1654 de
1510 1610 1645 1655 mea
1666 1593 1851 1655 laude
1879 1592 2155 1657 dicendi:
2189 1592 2303 1654 sed

241 1679 309 1733 ut
336 1672 457 1747 ille,
487 1673 745 1746 iudiceS,
785 1683 1077 1750 quantum
1102 1678 1183 1737 de
1202 1693 1340 1738 mea
1361 1678 1728 1739 auctoritate
1747 1675 2138 1752 deripuisset,
2173 1683 2304 1736 tan·

240 1765 369 1818 turn
399 1775 471 1818 se
498 1758 579 1820 de
610 1757 791 1819 huius
818 1759 1145 1834 praesidiis
1177 1760 1629 1822 deminuturum
1661 1803 1846 1822 .....
1860 1804 1877 1834 ,
1910 1760 2002 1821 sic
2032 1760 2152 1820 hoc
2182 1774 2302 1834 ego

242 1841 475 1914 sentio,
531 1841 586 1902 si
627 1843 747 1903 mei
780 1843 925 1905 facti
966 1845 1266 1906 rationem
1318 1844 1496 1905 vobis
1541 1843 2076 1918 constantiamque
2119 1842 2303 1903 huius

240 1923 429 1988 officii
463 1941 535 1986 ac
567 1925 945 1988 defensionis
974 1929 1266 2004 probaro,
1297 1944 1548 1989 causam
1588 1942 1838 2003 quoque
1873 1943 1972 1986 me
1999 1929 2063 1987 Ρ.
2095 1925 2306 1987 Sullae

240 2009 660 2084 probaturum.
703 2009 763 2070 3.
786 2012 880 2070 Ac
905 2010 1165 2086 primum
1188 2015 1299 2073 abs
1323 2019 1385 2073 te
1406 2011 1574 2083 111ud
1598 2011 1664 2072 L.
1689 2011 2020 2086 Torquate,
2045 2025 2302 2085 quaero,

239 2107 350 2150 cur
378 2107 477 2150 me
508 2107 546 2150 a
587 2092 811 2153 ceteris
842 2093 1197 2156 clarissimis
1233 2096 1380 2156 viris
1413 2109 1486 2156 ac
1526 2094 1905 2169 principibus
1949 2092 2212 2154 civitatis
2240 2093 2300 2152 in

236 2170 356 2232 hoc
385 2170 592 2231 officio
639 2180 826 2247 atque
857 2172 918 2233 in
949 2173 1328 2234 defensionis
1373 2173 1505 2234 iure
1547 2189 1854 2235 secernas.
1944 2171 2097 2246 Quid
2137 2168 2299 2230 enim

235 2260 332 2314 est
362 2271 545 2330 quam
574 2255 653 2316 ob
699 2271 828 2315 rem
868 2257 978 2315 abs
1012 2263 1071 2315 te
1101 2256 1167 2329 Q.
1196 2255 1504 2318 Hortensii
1545 2257 1796 2330 factum,
1841 2252 2162 2317 clarissimi
2186 2251 2301 2312 viri

238 2344 422 2412 atque
454 2337 841 2412 ornatissimi,
870 2355 995 2399 non
1025 2339 1518 2414 reprehendatur,
1547 2339 2028 2414 reprehendatur
2057 2341 2302 2398 meum?

239 2419 386 2478 Nam
420 2419 473 2480 si
511 2428 606 2482 est
632 2420 842 2481 initum
877 2439 915 2482 a
944 2421 1006 2480 Ρ.
1040 2422 1208 2482 Sulla
1250 2422 1572 2485 consilium
1609 2422 2078 2483 inflammandae
2115 2419 2298 2480 huius

239 2501 428 2576 urbiS,
458 2502 890 2579 exstinguendi
916 2503 1170 2580 imperii,
1194 2506 1493 2567 delendae
1523 2504 1816 2574 civitatis,
1854 2503 2082 2565 mihine
2110 2501 2298 2562 maio-

237 2600 367 2645 rem
395 2585 513 2646 hae
544 2602 647 2647 res
676 2588 951 2648 dolorem
984 2604 1163 2662 quam
1208 2589 1275 2662 Q.
1304 2587 1650 2663 Hortensio,
1687 2586 1835 2649 mihi
1862 2587 2059 2648 maius
2089 2586 2297 2648 odium

237 2669 477 2728 adferre
506 2669 773 2732 debent?
820 2687 1021 2732 meum
1065 2671 1332 2748 denique
1369 2671 1617 2748 gravius
1645 2687 1790 2733 esse
1823 2669 2144 2744 iudicium,
2192 2665 2297 2744 qui

238 2751 617 2815 adiuvandus
675 2751 738 2816 in
789 2751 885 2815 his
936 2753 1171 2830 causis,
1216 2754 1322 2830 qui
1381 2757 1862 2832 oppugnandus,
1937 2752 2041 2830 qui
2091 2751 2299 2812 defen-

240 2834 508 2909 dendus,
577 2834 684 2912 qui
752 2838 1134 2899 deserendus
1198 2854 1343 2899 esse
1398 2838 1716 2900 videatur?
1784 2839 1905 2912 Ita,
1961 2833 2184 2911 inquit=
2235 2842 2299 2893 tu

238 2917 397 2976 enim
450 2917 859 2995 investigasti,
942 2927 1009 2982 tu
1082 2919 1425 2997 patefecisti
1495 2920 1994 2983 coniurationem.
2077 2917 2174 2991 ,11.
2233 2913 2298 2976 4.

238 2997 413 3072 Quod
461 3018 643 3076 quum
683 3003 858 3076 dicit,
913 3020 1038 3064 non
1091 3004 1345 3065 attendit
1380 3020 1547 3076 eum,
1592 3003 1698 3079 qui
1747 2999 2128 3079 patefecerit,
2179 2999 2298 3059 hoe

235 3096 518 3156 curasse,
570 3093 637 3146 ut
682 3085 745 3145 ill
776 3101 989 3147 omnes
1016 3085 1327 3159 viderent,
1385 3088 1552 3162 quod
1603 3094 1780 3147 antea
1833 3087 2051 3148 fuisset
2095 3082 2297 3145 occul·

235 3172 377 3226 tum.
466 3130 597 3242 Q⁷ua
633 3184 701 3227 re
740 3167 858 3230 ista
897 3168 1266 3243 coniuratio,
1308 3169 1361 3230 si
1399 3171 1702 3246 patefacta
1747 3184 1856 3245 per
1885 3185 1982 3228 me
2012 3174 2136 3239 est,
2177 3173 2298 3226 tam

235 3257 402 3323 patet
427 3251 755 3313 Hortensio
792 3268 975 3327 quam
1003 3251 1166 3313 mihi.
1218 3253 1408 3326 Quem
1439 3269 1624 3329 quum
1654 3251 1869 3313 videas
1897 3252 2016 3312 hoc
2045 3250 2294 3320 honore,

236 3332 607 3408 auctoritate,
652 3335 897 3404 virtute,
945 3335 1203 3397 consilio
1245 3335 1585 3410 praeditum
1629 3352 1752 3397 non
1791 3333 2110 3418 dubitasse
2149 3328 2294 3404 quin
