2459 3817
544 230 715 293 cAP.
757 239 1000 297 30-32.
1040 239 1093 297 s.
1138 190 1405 296 w-ess
1440 204 1459 216 “
1653 232 1679 247 “
1889 231 2012 299 147

0 395 132 458 cari
165 395 347 459 iussit
385 395 464 459 in·
492 395 724 458 littore:
779 397 949 472 quod
988 403 1085 458 est
1122 397 1294 458 littus
1335 395 1398 458 in
1432 397 1642 458 Insula
1669 397 2006 474 Syracusis

0 486 83 542 >st
109 482 460 544 Arethusae
489 484 751 553 fontem,
782 487 1042 557 propter
1069 480 1272 556 ipsum
1303 479 1615 542 introitum
1645 487 1832 556 atque
1859 482 2005 544 osti-

0 581 37 624 ιι
66 572 305 640 portae,
332 579 596 626 amoeno
624 571 871 626 sane‘et
899 565 978 625 ab
1001 563 1246 625 arbitris
1271 571 1511 625 remoto
1539 566 1704 625 loco.
1757 563 1860 626 81.
1889 565 2004 626 Hic

0 663 69 710 es
98 651 377 712 aestivos
402 647 544 724 [iam
574 647 924 721 continuos]
956 647 1171 724 populi
1196 648 1460 710 Romani
1487 653 1756 724 praetor,
1787 655 2003 710 custos

0 734 355 810 irensorque
383 731 772 810 provinciae,
802 731 893 792 sic
922 731 1101 804 vixit,
1145 738 1215 792 ut
1250 731 1570 792 muliebria
1599 731 1825 794 cotidie
1855 749 2004 794 con-

0 817 103 876 via
134 825 359 890 essent,
388 817 479 877 vir
498 816 895 876 accumberet
920 831 1103 876 nemo
1128 823 1377 892 praeter
1401 815 1606 892 ipsum
1636 823 1699 878 et
1719 823 2001 892 praetex-

0 906 127 960 tum
156 901 374 973 filium,
415 900 662 961 tametsi
688 905 861 961 recte
900 897 1037 959 sine
1078 898 1449 974 exceptione
1477 899 1754 960 dixeram
1781 899 2002 972 virum,

0 1001 125 1045 ium
162 984 263 1046 isti
294 990 536 1057 essent,
580 981 887 1044 neminem
914 981 1136 1044 suisseae
1189 999 1316 1044 non
1355 999 1687 1058 numquam
1727 981 1910 1044 etiam
1937 982 2004 1044 li-

0 1075 148 1130 trtus
168 1067 585 1129 Timarchides
616 1065 1049 1128 adhibebatur:
1080 1067 1370 1128 mulieres
1399 1073 1605 1127 autem
1633 1072 1867 1142 nuptae
1893 1081 2004 1126 no-

0 1153 91 1212 les
132 1158 377 1227 praeter
420 1167 601 1210 unam
641 1149 805 1210 mimi
844 1150 1065 1212 Isidori
1104 1149 1321 1224 filiam,
1364 1165 1549 1226 quam
1587 1149 1708 1211 iste
1747 1156 2007 1226 propter

0 1250 211 1294 norem
249 1234 329 1293 ab
356 1234 601 1294 Rhodio
629 1233 879 1294 tibicine
918 1235 1291 1295 abduxerat:
1331 1241 1464 1294 erat
1487 1233 1636 1312 Pipa
1679 1235 2005 1308 quaedam,

0 1333 100 1378 tor
132 1315 537 1378 Aeschrionis
566 1315 979 1392 Syracusani,
1018 1319 1099 1377 de
1141 1333 1266 1391 qua
1303 1317 1556 1378 muliere
1595 1316 1838 1392 plurimi
1867 1334 2000 1378 ver-

0 1415 68 1474 te,
106 1398 301 1474 quiin
334 1400 511 1462 istius
542 1399 935 1476 cupiditatem
971 1399 1114 1462 facti
1140 1407 1302 1474 sunt,
1333 1407 1466 1462 tota
1499 1399 1708 1462 Sicilia
1733 1404 2004 1477 percele-

0 1490 219 1544 ·antur:
279 1481 384 1544 82.
428 1489 563 1545 erat
586 1482 763 1557 Nice,
805 1483 965 1546 facie
992 1483 1244 1556 eximia,
1285 1491 1355 1547 ut
1379 1483 1802 1561 praedicatur,
1845 1501 2004 1546 uxor

0 1565 280 1628 ,contenis
310 1567 712 1644 Syracusani.
770 1569 945 1628 Hanc
973 1568 1071 1629 vir
1099 1569 1456 1630 Cleomenes
1486 1568 1758 1630 amabat:
1787 1584 2004 1630 verum

1 1667 141 1712 men
167 1651 351 1712 huius
384 1651 617 1712 libidini
658 1651 981 1714 adversari
1020 1669 1137 1714 nee
1164 1659 1412 1729 poterat
1450 1667 1566 1713 nec
1595 1652 1892 1713 audebat:
1944 1658 2010 1714 et

0 1739 117 1796 mul
146 1735 223 1796 ab
251 1735 373 1796 isto
408 1734 592 1796 donis
618 1735 1065 1812 beneficiisque
1094 1735 1301 1796 multis
1346 1735 1830 1796 devinciebatur.
1893 1735 2005 1794 Illo

0 1826 141 1880 item
161 1825 443 1896 tempore
463 1818 603 1889 iste,
618 1817 863 1879 tametsi
893 1835 967 1879 ea
991 1824 1089 1880 est
1114 1816 1381 1878 hominis
1401 1816 1797 1892 impudentia,
1821 1833 2007 1893 quam

0 1903 132 1964 »stis
151 1949 168 1976 ,
208 1902 347 1978 ipse
386 1909 587 1962 tamen
620 1917 809 1976 quum
845 1899 943 1961 vir
984 1907 1156 1962 esset
1184 1900 1542 1976 Syracusis,
1582 1916 1840 1962 uxorem
1871 1899 2006 1962 eius

0 2001 153 2047 irum
182 1993 430 2061 poterat
466 1982 669 2044 animo
700 1985 905 2044 soluto
934 2000 1010 2044 ac
1031 1984 1225 2044 libero
1255 1989 1350 2045 tot
1367 1981 1431 2044 in
1459 1989 1598 2044 acta
1631 1983 1764 2045 dies
1793 1999 2008 2046 secum

0 2069 187 2128 ibere.
246 2069 460 2142 ltaque
490 2065 800 2142 excogitat
825 2082 957 2127 rem
986 2065 1392 2144 singularem:
1424 2083 1638 2140 naves,
1672 2067 1898 2144 quibus
1925 2071 2007 2129 le·

0 2159 121 2212 itus
140 2151 508 2227 praefuerat,
535 2148 844 2213 Cleomeni
862 2150 1077 2212 tradit=
1108 2150 1294 2213 classi
1313 2149 1532 2228 populi
1550 2151 1813 2214 Romani
1835 2152 2008 2215 Cleo-

0 2251 179 2296 enem
209 2235 667 2312 Syracusanum
708 2237 1007 2312 praeesse
1036 2233 1208 2297 iubet
1235 2243 1424 2312 atque
1455 2235 1783 2312 imperare.
1871 2235 2008 2295 Hoc

0 2337 13 2379 ι
44 2319 217 2392 facit,
258 2325 329 2380 ut
370 2316 471 2380 ille
510 2335 636 2380 non
677 2319 880 2380 solum
919 2319 1173 2381 abesset
1202 2335 1242 2379 a
1269 2319 1454 2381 domo
1486 2321 1631 2380 dum
1667 2317 2006 2394 navigaret,

0 2403 55 2463 =d
83 2401 262 2464 etiam
294 2401 554 2464 libenter
582 2418 721 2464 cnm
749 2419 973 2480 magno
1006 2403 1246 2465 honore
1272 2403 1707 2478 beneficioque
1721 2403 2005 2464 abesset:

0 2501 79 2546 ¹se
108 2493 333 2558 autem,
362 2492 601 2547 remoto
630 2496 819 2562 atque
848 2488 1130 2564 ablegato
1160 2486 1320 2560 viro,
1351 2503 1477 2549 non
1509 2485 1792 2560 liberius,
1820 2501 2008 2561 quam

0 2575 121 2630 :tea
159 2603 242 2616 —-
285 2567 423 2646 quis
454 2569 613 2630 enim
642 2587 935 2646 umquam
963 2568 1140 2632 istius
1184 2570 1416 2632 libidini
1457 2569 1732 2632 obstitit?
1766 2601 1878 2644 -‚
1891 2569 2007 2631 sed

0 2655 147 2714 nullo
182 2652 482 2714 solutiore
522 2652 723 2715 animo
752 2662 957 2716 tamen
998 2671 1211 2716 secum
1252 2653 1418 2716 illam
1458 2653 1743 2727 haberet,
1784 2653 1840 2714 si
1879 2669 2006 2714 non

2 2753 247 2813 mquam
276 2737 498 2812 virum,
530 2744 595 2798 at
624 2744 933 2814 tamquam
961 2741 1271 2800 aemulum
1299 2737 1688 2799 removisset.

106 2820 209 2883 83.
240 2819 485 2896 Accipit
512 2837 705 2882 naves
734 2823 1046 2884 sociorum
1068 2828 1258 2898 atque
1283 2821 1618 2882 amicorum
1643 2821 2006 2884 Cleomenes

0 2921 391 2981 yracusanus.
456 2903 699 2965 XXXII.
743 2905 897 2980 Quid
938 2903 1229 2982 primum,
1273 2903 1538 2975 iudiceS‚
1583 2911 1688 2964 aut
1717 2919 2008 2966 accusem

0 2996 44 3050 lt
84 2990 346 3064 querar?
425 2985 719 3048 Siculone
756 2988 984 3050 homini
1023 2988 1239 3064 legati,
1287 2987 1670 3063 quaestoris,
1697 2987 2006 3070 praetoris

0 3071 209 3148 mique
237 3077 640 3149 potestatem,
671 3070 998 3145 honorem,
1030 3072 1452 3133 auctoritatem
1481 3069 1653 3132 darii
1713 3071 1780 3133 Si
1806 3078 1872 3132 te
1899 3071 2007 3130 im-

0 3156 227 3218 ediebat
253 3155 373 3217 ista
398 3153 821 3217 conviviorum
846 3156 1292 3231 mulierumque
1321 3156 1666 3232 occupatio,
1689 3153 1798 3214 ubi
1821 3169 2006 3228 quae-

0 3241 181 3301 ores?
234 3238 342 3301 ubi
372 3239 593 3316 legati?
642 3239 748 3300 ubi
780 3241 969 3302 ternis
1015 3238 1282 3301 denariis
1325 3237 1710 3301 aestimatum
1741 3238 2007 3297 frumen-

0 3326 107 3384 m?
134 3323 243 3384 ubi
264 3323 455 3386 mulii
480 3323 587 3384 ubi
608 3323 1046 3386 tabernacula?
1074 3324 1179 3385 ubi
1204 3329 1298 3384 tot
1323 3329 1622 3398 tantaque
1650 3325 2008 3380 ornamenta

0 3407 394 3491 agistratibus
436 3414 499 3468 et
535 3407 759 3483 legatis
800 3425 839 3470 a
882 3416 1105 3470 senatu
1145 3407 1816 3540 populoquffifgomano
1865 3418 2008 3480 per-
