2459 3817
768 117 932 177 CAP.
964 124 1227 181 12--14.
1265 118 1320 193 ς.
1349 126 1614 179 33-38,
2113 113 2242 183 269

137 285 290 332 seo.
379 266 539 329 XIV.
594 264 699 329 36.
743 266 867 326 Sed
901 274 967 327 ut
999 263 1330 342 aliquando
1372 266 1670 329 sententia
1713 268 2112 347 complectar,
2153 268 2238 333 ita

136 367 481 508 censoetssugm
516 432 581 492 C.
610 431 810 491 Pansa
849 432 1085 505 consul,
1116 431 1464 507 imperator,
1507 430 1738 493 initium
1782 448 1920 497 cum
1953 431 2234 497 hostibus

142 514 535 592 confligendi
566 514 795 587 fecerit,
830 530 952 591 quo
986 515 1225 591 proelio
1250 516 1410 592 legio
1432 515 1647 576 Martia
1677 514 2015 579 admirabili
2043 516 2236 579 iucre-

140 600 453 675 dibiiique
491 597 713 659 virtute
754 597 1090 658 libertatem
1128 599 1344 677 populi
1385 596 1644 659 Romani
1672 597 2028 670 defenderit,
2070 599 2237 677 quod

31 692 36 733 1
143 683 324 756 idem
352 681 630 757 legiones
658 681 921 743 tironum
941 678 1217 751 fecerint,
1255 680 1516 759 ipseque
1540 681 1604 740 C.
1632 680 1831 743 Pansa
1859 683 2096 755 consul.
2127 679 2234 743 im·

30 778 33 813 f
143 772 423 843 perator,
465 780 649 840 quum
674 763 831 824 inter
868 762 1072 823 media
1105 762 1374 823 hostium
1410 764 1532 823 tela
1575 771 1948 839 versaretur,
1984 764 2239 827 vulnera

35 860 45 881 ‘
146 846 493 923 acceperit,
536 863 847 921 quumque
891 847 963 905 A.
1015 844 1246 906 Hirtius
1291 848 1535 918 consul,
1585 844 1942 921 imperator,
1998 846 2236 921 proelio

30 948 39 985 2
148 930 390 1004 audito,
421 945 490 988 re
516 929 775 1003 cognita,
800 926 1134 989 fortissimo
1160 927 1812 1003 praestantissimoque
1836 928 2037 990 animo
2061 946 2235 990 exer-

30 1031 44 1072 ;
148 1014 345 1075 citum
388 1011 623 1081 castris,
647 1008 927 1072 eduxerit
961 1010 1376 1087 impetumque
1417 1010 1479 1071 in
1513 1010 1592 1069 Μ.
1635 1010 1964 1072 Antonium
2005 1014 2235 1073 exerci-

148 1105 412 1171 tumque
441 1092 705 1155 hostium
750 1092 963 1154 fecerit
1003 1092 1262 1168 eiusque
1307 1092 1522 1167 copias
1565 1093 1884 1155 occidione
1925 1094 2234 1168 occiderit,

30 1212 37 1240 ε
151 1194 275 1239 suo
308 1176 579 1238 exercitu
621 1174 704 1236 ita
731 1176 1036 1247 incolumi,
1064 1181 1237 1236 utne
1266 1191 1452 1236 unum
1499 1174 1743 1251 quidem
1785 1176 2031 1237 militem
2073 1176 2234 1237 desi·

153 1260 410 1331 derarit‚
472 1256 573 1321 37.
619 1276 930 1334 quumque
977 1258 1039 1318 C.
1091 1258 1315 1319 Caesar
1359 1274 1472 1333 pro
1517 1268 1830 1333 praetore,
1890 1258 2236 1335 imperator,

32 1371 40 1387 ι
153 1340 418 1404 consilio
443 1341 876 1418 diligentiaque
900 1358 1013 1402 sua
1038 1349 1240 1402 castra
1263 1341 1516 1402 feliciter
1536 1340 1875 1401 detenderit
1897 1342 2237 1417 copiasque

30 1454 45 1491 ι,
152 1424 451 1495 hostium,
490 1440 652 1498 quae
682 1426 761 1483 ad
793 1430 994 1483 castra
1027 1432 1453 1492 accesserant,
1488 1423 1849 1499 profligarit,
1913 1422 2234 1492 occiderit,

31 1538 43 1575 ·,
156 1509 240 1567 ob
270 1524 378 1567 eas
410 1523 515 1567 res
548 1512 825 1566 senatum
858 1504 1205 1566 existimare
1249 1515 1309 1567 et
1348 1504 1619 1565 iudicare
1661 1522 1869 1567 eorum
1911 1508 2087 1568 trium
2126 1506 2234 1565 im·

30 1656 35 1663 ,
158 1597 510 1656 iteratorum
555 1587 803 1661 virtute,
845 1586 1133 1663 imperio,
1178 1587 1464 1659 consilio,
1507 1588 1832 1661 gravitate,
1873 1586 2230 1660 constantia,

30 1706 39 1747 ἱ
156 1671 573 1746 magnitudine
600 1672 802 1745 animi,
832 1670 1114 1731 felicitate
1157 1670 1449 1744 populum
1493 1671 1833 1730 Romanum
1878 1669 2232 1731 foedissima

32 1790 37 1797 -
160 1751 706 1829 crudelissimaque
728 1753 1019 1813 servitute
1041 1751 1375 1824 liberatum,
1414 1768 1725 1826 quumque
1756 1767 1887 1810 rem
1913 1753 2232 1828 publicam,

164 1835 393 1910 urbem,
420 1838 645 1911 templa
672 1836 929 1897 deorum
956 1834 1398 1906 immortalium,
1447 1834 1611 1895 bona
1662 1835 2061 1909 fortunasque
2108 1850 2228 1895 om-

164 1918 330 1980 nium
360 1918 715 2001 liberosque
757 1915 1179 1980 conservarint
1222 1917 1610 1978 dimicatione
1657 1924 1717 1977 et
1756 1917 2030 1991 periculo
2078 1916 2234 1977 vitae

163 2018 331 2073 suae,
363 2000 450 2062 uti
480 2002 559 2064 ob
589 2017 698 2062 eas
724 2017 827 2061 res
854 2002 1030 2074 bene,
1060 2001 1292 2062 fortiter
1314 1998 1688 2074 feliciterque
1709 2006 1913 2073 gestas
1943 2000 2005 2059 C.
2033 2000 2235 2060 Pansa

159 2093 236 2145 A.
267 2046 496 2145 Hirtius
531 2086 840 2157 consules,
881 2085 1313 2158 imperatores,
1355 2083 1507 2143 alter
1549 2082 1840 2153 ambove,
1883 2090 1988 2143 aut
2030 2080 2084 2141 si
2129 2081 2233 2143 ab·

163 2175 353 2239 erunt,
382 2167 465 2225 M.
497 2168 813 2239 CornutuS,
846 2172 1094 2241 praetor
1120 2163 1412 2238 urbanuS‚
1445 2164 1926 2239 supplicationes
1959 2179 2070 2239 per
2099 2164 2234 2224 dies

164 2249 602 2325 quinquaginta
631 2250 712 2311 ad
744 2248 947 2310 omnia
982 2247 1324 2323 pulvinaria
1364 2247 1712 2316 constituat,
1779 2244 1881 2307 38.
1923 2263 2234 2322 quumque

174 2331 356 2392 virtus
399 2332 704 2407 legionum
743 2332 928 2406 digna
983 2330 1338 2390 clarissimis
1392 2329 1856 2405 imperatoribus
1916 2328 2230 2397 exstiterit,

166 2420 457 2489 senatum,
492 2427 652 2491 quae
686 2415 766 2476 sit
791 2422 971 2475 antea
1008 2412 1316 2488 pollicitus
1356 2412 1696 2488 legionibus
1739 2411 2234 2487 exercitibusque

165 2497 407 2569 nostris,
436 2514 761 2558 easummo
788 2495 992 2558 studio
1014 2513 1083 2556 re
1112 2494 1354 2571 publica
1377 2504 1737 2570 recuperata
1761 2496 2232 2571 persoluturum,

164 2588 475 2655 quumque
528 2582 685 2656 legio
726 2578 942 2640 Martia
999 2577 1289 2654 princeps
1343 2593 1479 2640 cum
1534 2576 1814 2640 hostibus
1870 2576 2232 2650 conflixerit,

169 2668 353 2734 atque
374 2662 459 2721 ita
483 2679 621 2723 cum
644 2662 875 2735 maiore
900 2679 1154 2726 numero
1180 2663 1449 2725 hostium
1475 2664 1876 2731 contenderit,
1915 2670 2002 2733 ut,
2038 2675 2223 2735 quum

168 2743 464 2819 piurimos
489 2745 835 2817 caederent,
872 2753 1167 2823 caperent
1188 2764 1312 2807 non
1337 2750 1571 2817 nullos,
1609 2761 1924 2821 quumque
1945 2744 2079 2805 sine
2101 2745 2226 2804 ulla

168 2824 597 2889 retractatione
628 2843 738 2900 pro
776 2830 973 2903 patria
1017 2828 1202 2889 vitam
1248 2830 1660 2905 profuderint,
1706 2844 2019 2903 quumque
2047 2824 2225 2887 simili

170 2907 391 2968 virtute
422 2907 794 2982 reliquarum
837 2913 1146 2989 legionum
1178 2911 1398 2975 milites
1443 2922 1558 2988 pro
1599 2913 1799 2971 salute
1843 2920 1904 2972 et
1947 2909 2226 2970 libertate

173 2989 385 3066 populi
427 2989 687 3051 Romani
729 3003 986 3055 mortem
1017 2994 1459 3071 oppetiverint,
1504 2994 1744 3055 senatui
1778 2997 2026 3070 placere
2061 3000 2129 3053 ut
2160 2992 2220 3051 C.

172 3074 361 3133 Pansa
386 3074 464 3134 A.
489 3072 721 3139 Hirtius
752 3060 1060 3147 consuseS,
1093 3078 1515 3154 imperatores,
1548 3081 1702 3138 alter
1731 3080 2012 3147 ambove,
2046 3076 2100 3136 si
2133 3076 2222 3135 eis

176 3156 459 3229 videatur,
496 3157 587 3227 iis,
624 3159 728 3233 qui
757 3158 1115 3236 sanguinem
1145 3178 1260 3237 pro
1289 3161 1439 3233 vita,
1478 3162 1787 3229 libertate,
1822 3158 2082 3222 ¹fortunia
2113 3175 2226 3234 po·

176 3236 296 3313 puli
317 3239 601 3313 Romani,
641 3258 755 3319 pro
791 3243 973 3313 urbe,
1007 3244 1248 3321 templis
1279 3245 1532 3305 deorum
1560 3244 1986 3306 immortalium
2015 3244 2226 3319 profu-

176 3322 433 3395 dissent,
480 3325 913 3389 monimentum
956 3342 1137 3402 quam
1172 3326 1613 3402 amplissimum
1643 3328 1968 3389 locandum
1998 3322 2222 3387 faciun-
