2459 3817
196 111 318 177 178
648 111 730 174 m
765 112 828 174 C.
870 111 1202 172 VERREM
1245 111 1410 171 Ac'r.
1447 111 1522 170 11.
1555 110 1700 170 LIB.
1730 111 1804 169 V.

126 329 132 337 ,
196 264 474 327 voluisse
503 277 814 324 crescet-ez
846 260 967 323 isto
992 253 1296 334 absoluto,
1329 261 1498 335 quod
1523 260 1656 321 sine
1675 260 2000 322 multorum
2030 260 2266 323 scelere

196 348 332 410 fieri
359 363 484 408 non
514 354 735 421 potest,
773 345 852 406 de
883 342 1087 406 multis
1118 342 1266 405 mibi
1295 359 1577 405 crescere
1606 344 1828 405 licebit.

362 510 625 572 LXVIII.
682 507 809 569 Sed
859 509 1206 570 mehercule
1246 516 1453 569 vestra
1479 506 1694 584 reique
1733 507 2016 585 publicae
2055 525 2267 586 causa,

196 592 467 665 iudices,
522 594 667 653 nolo
708 590 773 652 in
813 591 931 652 hoc
972 592 1211 653 delecto
1247 590 1505 653 consilio
1535 599 1766 654 tantum
1793 590 2090 667 flagitium
2120 609 2266 654 esse

198 676 625 740 commissum:
668 675 812 736 nolo
835 689 947 736 eos
975 673 1243 749 iudices,
1274 691 1432 750 quos
1465 691 1583 750 ego
1605 674 1912 751 probarim
1941 683 2128 752 atque
2158 676 2266 737 de-

197 761 464 836 legerim,
498 757 589 821 sic
621 757 684 819 in
719 758 835 819 hac
863 757 1015 819 urbe
1049 766 1324 832 notatos,
1353 756 1475 820 isto
1505 758 1808 832 absoluto,
1843 759 2171 832 ambulare,
2201 766 2270 822 ut

196 860 320 905 non
352 859 527 915 cera,
581 843 695 902 sed
744 855 941 902 caeno
976 840 1144 903 obliti
1170 857 1318 903 esse
1354 841 1691 904 videantur.
1758 838 1901 904 174.
1962 841 2154 916 Quam
2185 843 2266 903 ob

195 943 324 988 rem
354 935 413 988 te
444 941 724 1003 quoque,
754 923 1070 997 Hortensi,
1118 925 1171 985 si
1202 924 1308 999 qui
1333 923 1624 987 monendi
1664 925 1840 986 locus
1869 941 1951 986 ex
1977 925 2098 986 hoc
2125 927 2268 986 loco

196 1018 325 1084 est,
376 1025 629 1071 moneo:
684 1006 899 1070 videas
940 1005 1121 1068 etiam
1171 1016 1358 1084 atque
1399 1007 1580 1070 etiam
1621 1016 1684 1070 et
1723 1006 2084 1070 consideres
2117 1008 2268 1083 quid

196 1109 376 1168 agas,
409 1108 534 1168 quo
563 1090 977 1168 progrediere,
1010 1106 1193 1166 quem
1220 1090 1528 1153 hominem
1555 1098 1766 1167 etqua
1788 1090 2025 1154 ratione
2039 1092 2267 1152 deren-

198 1176 332 1237 das.
396 1176 608 1251 Neque
648 1175 729 1236 de
759 1174 863 1234 illo
894 1172 1001 1235 tibi
1046 1173 1384 1250 quidquam
1411 1174 1741 1251 praefinio,
1795 1190 1918 1250 quo
1947 1171 2150 1236 minus
2177 1174 2268 1234 in·

198 1259 380 1334 genio
412 1275 651 1319 mecum
683 1267 870 1333 atque
898 1257 1061 1319 omni
1100 1257 1345 1319 dicendi
1390 1259 1673 1320 facultate
1713 1257 2082 1320 contendam
2127 1273 2267 1318 cae-

197 1349 327 1402 tera
356 1343 408 1400 si
438 1358 561 1417 qua
589 1349 769 1416 putas
799 1348 859 1402 te
888 1339 1187 1401 occultius
1222 1349 1398 1400 extra
1427 1339 1746 1415 iudicium,
1787 1357 1946 1416 quae
1991 1342 2072 1401 ad
2112 1339 2268 1402 iudi·

200 1426 359 1485 cium
388 1423 757 1499 pertineant,
788 1425 993 1483 iacere
1022 1438 1233 1496 nosse,
1267 1441 1324 1484 si
1345 1428 1494 1486 auid
1523 1423 1810 1497 artificio,
1843 1422 2122 1498 consilio,
2155 1440 2268 1499 po·

200 1505 415 1580 tentia,
446 1504 667 1580 gratia,
697 1503 900 1581 copiis
930 1508 1109 1566 istius
1136 1503 1335 1567 moliri
1367 1505 1620 1582 cogitas,
1651 1523 1872 1584 magno
1905 1522 2096 1583 opere
2125 1522 2267 1568 cen·

198 1605 311 1652 seo
342 1588 640 1663 desistas,
680 1596 744 1651 et
782 1587 915 1662 illa,
965 1604 1126 1664 quae
1170 1596 1463 1666 temptata
1501 1589 1619 1652 iam
1659 1600 1724 1652 et
1761 1599 1985 1665 coepta
2015 1598 2159 1654 sunt
2185 1591 2268 1650 ab

198 1672 418 1748 isto,·a
450 1689 549 1734 me
568 1681 773 1735 autem
803 1671 1217 1749 pervestigata
1249 1682 1310 1736 et
1333 1673 1606 1750 cognita,
1656 1689 1879 1736 moneo
1921 1679 1990 1735 ut
2034 1672 2267 1736 exstin-

199 1773 353 1834 guas
404 1765 466 1818 et
513 1757 757 1834 longius
812 1756 1099 1833 progredi
1174 1768 1254 1814 ne
1329 1756 1518 1818 sinas.
1589 1757 1812 1832 Magno
1856 1765 1960 1818 tuo
1991 1758 2266 1833 periculo

199 1839 553 1916 peccabitur
577 1841 641 1902 in
668 1841 791 1902 hoc
818 1839 1078 1910 iudicio,
1119 1842 1352 1903 maiore
1393 1857 1574 1918 quam
1606 1849 1806 1917 putas.
1878 1838 2020 1904 175.
2089 1840 2268 1914 Quod

200 1924 359 1984 enim
390 1933 450 1984 te
482 1922 797 1986 liberatum
828 1922 946 1985 iam
969 1923 1438 1986 existimationis
1468 1932 1657 1995 metu,
1691 1923 2044 1987 defunctum
2070 1923 2265 1985 hono·

198 2007 400 2079 tibae,
433 2004 819 2080 designatum
848 2008 1163 2067 consulem
1190 2006 1458 2086 cogites»,
1500 2006 1645 2068 mihi
1674 2008 1887 2083 crede,
1913 2016 2269 2068 ornamenta

200 2088 319 2150 ista
346 2097 406 2150 et
438 2086 739 2149 beneficia
767 2085 983 2163 populi
1011 2089 1268 2150 Romani
1297 2107 1419 2150 non
1452 2089 1687 2150 minore
1714 2091 1962 2165 negotio
2003 2089 2266 2150 retinen·

200 2179 297 2232 tur
352 2187 533 2247 quam
576 2179 1022 2246 comparantur.
1086 2172 1244 2234 Tulit
1289 2173 1442 2232 haec
1503 2172 1749 2245 civitae,
1804 2174 2012 2247 quoad
2051 2173 2266 2248 potuit,

201 2257 409 2331 quoad
441 2270 703 2316 necesse
735 2253 873 2327 suit,
916 2252 1147 2328 regiam
1192 2253 1372 2316 istam
1402 2264 1666 2317 vestram
1694 2254 2168 2317 dominationem
2204 2255 2266 2316 in

198 2335 443 2398 iudiciis
472 2337 621 2398 etin
650 2335 813 2398 omni
841 2351 910 2396 re
939 2337 1215 2411 publica.
1263 2339 1420 2400 tulit:
1457 2340 1573 2400 sed
1602 2354 1724 2415 quo
1755 2338 1858 2400 die
1880 2339 2114 2414 populo
2141 2339 2264 2399 Ro·

198 2435 379 2481 mano
412 2417 633 2480 tribuni
663 2417 827 2495 plebi
858 2419 1117 2480 restituti
1153 2429 1324 2494 sunt,
1367 2420 1570 2482 omnia
1611 2421 1733 2483 ista
1760 2421 1966 2492 vobiS,
2011 2419 2066 2480 si
2106 2421 2266 2481 rorte

198 2504 471 2564 nondum
520 2501 883 2578 intelligitiS,
930 2504 1217 2578 adempta
1269 2511 1454 2579 atque
1495 2513 1704 2580 erepta
1760 2510 1918 2564 sunt.
1983 2501 2261 2562 Omnium

199 2601 363 2648 nunc
387 2583 547 2646 oculi
571 2583 830 2647 coniecti
860 2594 1003 2647 sunt
1022 2585 1142 2646 hoc
1169 2585 1310 2660 ipso
1343 2594 1617 2663 tempore
1647 2587 1706 2650 in
1737 2601 1924 2647 unum
1956 2601 2266 2660 quemque

200 2678 507 2741 nostrum,
559 2685 680 2744 qua
718 2667 841 2729 fide
877 2685 992 2744 ego
1024 2684 1342 2742 accusem,
1391 2686 1512 2745 qua
1545 2669 1840 2744 religione
1873 2668 1938 2729 hi
1976 2667 2264 2742 iudicent,

202 2769 325 2828 qua
378 2761 441 2813 tu
480 2751 715 2813 ratione
757 2753 1077 2813 defendas.
1145 2750 1288 2815 176.
1348 2752 1440 2813 De
1481 2753 1763 2814 omnibus
1806 2751 2016 2824 nobie,
2063 2751 2120 2812 si
2161 2751 2267 2827 qui

197 2836 492 2896 tantulum
520 2835 599 2894 de
626 2845 795 2897 recta
814 2834 1067 2910 regione
1096 2835 1443 2909 deflexerit,
1474 2852 1596 2898 non
1623 2835 1728 2896 illa
1755 2835 1936 2900 tacita
1960 2834 2267 2898 existima-

198 2917 317 2993 tio,
349 2935 531 2994 quam
564 2927 745 2980 antea
772 2929 1162 2980 contemnere
1206 2919 1534 2993 solebatis,
1576 2921 1690 2980 sed
1724 2920 2054 2980 vehemens
2083 2934 2158 3000 ac
2201 2918 2268 2977 li·

196 3003 411 3063 berum
460 3001 673 3076 populi
723 3003 981 3062 Romani
1030 3000 1322 3062 iudicium
1376 3011 1806 3076 consequetur.
1901 3004 2078 3063 Nulla
2139 3001 2265 3073 tibi,

198 3084 445 3158 Quinte,
487 3099 625 3144 cum
654 3082 775 3145 isto
810 3083 1123 3159 cognatio,
1152 3085 1317 3145 nulla
1344 3085 1767 3147 necessitudm
1814 3083 2039 3161 quibus
2080 3101 2268 3145 excu-

200 3167 541 3230 sationibus
584 3173 765 3229 antea
791 3164 1040 3227 nimium
1069 3167 1129 3226 in
1156 3167 1366 3242 aliquo
1397 3167 1620 3228 iudicio
1652 3167 1922 3229 studium
1949 3175 2118 3228 tuum
2163 3168 2243 3226 de

200 3252 450 3313 rendere
480 3251 759 3325 solebas,
790 3265 997 3310 earum
1030 3250 1258 3310 habere
1285 3249 1347 3316 in
1389 3249 1507 3310 hoc
1535 3249 1780 3311 homine
1808 3251 2034 3312 nullam
2069 3258 2268 3324 poteS.

194 3333 367 3406 Quae
394 3335 512 3396 iste
541 3333 604 3395 in
634 3332 955 3411 provincia
983 3335 1185 3414 palam
1220 3329 1562 3404 dictitabat,
1612 3348 1798 3406 quum
1825 3347 1933 3407 ea,
1979 3348 2140 3407 quae
2182 3333 2267 3392 ia·
