2459 3817
262 107 377 174 104
726 119 802 178 ΙΝ
846 117 907 176 C.
950 117 1277 178 VERREM
1303 118 1469 177 AcT.
1498 118 1570 176 11.
1609 119 1756 180 LlB.
1790 120 1893 178 lv.

254 269 559 330 cunabula
586 265 969 342 reperiuntur
988 267 1260 339 deorum,
1288 265 1440 326 mira
1469 269 1772 342 quaedam
1801 276 1928 330 tota
1955 267 2162 332 Sicilia
2187 270 2310 347 pri·

255 350 436 412 vatim
463 366 537 410 ac
565 349 809 424 publice
834 347 1046 422 religio
1080 358 1175 410 est
1196 349 1434 409 Cereris
1453 349 1818 412 Hennensis.
1862 352 2096 412 Etenim
2123 355 2310 416 multa
2337 383 2362 398 ν

256 449 445 507 saepe
468 430 749 507 prodigia
773 429 898 490 vim
918 432 1052 492 eius
1074 446 1422 506 numenque
1435 433 1774 493 declarantz
1803 433 2004 495 multis
2029 451 2219 512 saepe
2246 436 2305 501 in

254 514 623 575 difficillimis
642 515 827 574 rebus
853 529 1149 588 praesens
1175 513 1467 574 auxilium
1489 513 1622 574 eius
1647 515 1910 576 oblatum
1933 523 2046 590 est,
2067 527 2136 578 ut
2155 519 2308 580 haec

252 598 453 658 insula
485 599 563 657 ab
598 613 672 656 ea
700 613 823 658 non
858 599 1055 656 solum
1090 595 1277 669 diligi,
1313 598 1428 660 sed
1456 596 1634 657 etiam
1660 597 1846 658 incoli
1887 599 2306 675 custodirique

252 679 547 740 videatur.
580 678 721 742 108.
750 680 873 740 Nec
902 680 1101 740 solum
1115 678 1322 751 Siculi,
1354 693 1561 740 verum
1581 678 1762 739 etiam
1787 690 2065 741 caeterae
2089 692 2304 756 gentes

253 761 657 838 nationesque
681 764 1074 822 Hennensem
1106 762 1384 821 Cererem
1409 760 1670 821 maxime
1699 765 1927 823 colunt.
1977 763 2214 824 Etenim
2247 765 2304 827 si

250 844 713 906 Atheniensium
742 860 921 906 sacra
960 859 1197 904 summa
1235 843 1562 917 cupiditate
1591 853 1982 920 expetuntur,
2021 846 2102 907 ad
2145 865 2303 922 quos

250 927 435 989 Ceres
463 931 524 989 in
552 927 655 989 illo
678 943 887 988 errore
910 926 1157 986 venisse
1177 924 1395 986 dicitur
1425 927 1756 1000 frugesque
1777 927 2082 988 attulisse:
2114 945 2296 1004 quan—

248 1021 370 1072 tam
406 1027 551 1071 esse
577 1008 935 1084 religionem
970 1008 1258 1068 convenit
1283 1025 1510 1080 eorum,
1553 1009 1722 1083 apud
1751 1026 1909 1084 quos
1937 1025 2076 1070 eam
2103 1021 2302 1074 natam

248 1110 391 1153 esse
426 1101 485 1152 et
518 1095 727 1167 fruges
754 1089 1066 1150 invenisse
1088 1097 1370 1151 constat?
1401 1091 1614 1164 Itaque
1635 1093 1800 1166 apud
1827 1100 2036 1166 patres
2057 1103 2298 1156 nostros

245 1176 437 1236 atroci
470 1191 544 1234 ac
572 1173 804 1235 difficili
832 1173 922 1233 rei
945 1173 1225 1248 publicae
1252 1181 1545 1248 tempore,
1577 1191 1764 1248 quum
1785 1175 1872 1236 Ti.
1899 1174 2176 1238 Graccho
2198 1193 2298 1238 oc-

248 1259 378 1318 ciso
407 1273 765 1332 magnorum
793 1256 1204 1331 periculorum
1224 1263 1421 1316 metus
1445 1272 1524 1316 ex
1544 1255 1800 1318 ostentis
1822 1259 2299 1334 portenderetur,

245 1341 308 1397 Ρ.
337 1339 539 1399 Mucio
565 1339 633 1396 L.
691 1337 1015 1412 Calpurnio
1046 1337 1402 1398 consulibus
1471 1338 1698 1398 aditum
1731 1348 1828 1399 est
1867 1341 1947 1400 ad
1975 1340 2164 1402 libros
2207 1341 2293 1404 Si,

246 1419 545 1496 byllinos=
598 1433 678 1480 ex
720 1419 942 1494 quibus
980 1419 1292 1492 inventum
1331 1427 1455 1493 est,
1499 1421 1779 1482 Cererem
1817 1421 2298 1497 antiquissimam

246 1501 475 1578 placari
518 1509 822 1576 oportere.
884 1503 1033 1562 Tum
1074 1518 1153 1562 ex
1193 1502 1568 1577 amplissimo
1609 1503 1866 1578 collegio
1911 1505 2298 1566 decemvirali

246 1586 600 1646 sacerdotes
629 1583 841 1660 populi
860 1584 1137 1658 Romani,
1164 1602 1349 1661 quum
1381 1593 1548 1646 esset
1573 1585 1635 1645 in
1661 1587 1814 1646 urbe
1835 1595 2045 1650 nostra
2063 1589 2297 1650 CererIs

246 1667 711 1744 pulcherrimum
753 1667 1500 1744 etmagnificentissimum
1533 1669 1839 1744 templum,
1871 1679 2072 1730 tamen
2098 1687 2293 1746 usque

240 1753 515 1811 Hennam
547 1751 801 1826 profecti
833 1759 992 1812 su-nt.
1036 1752 1225 1812 Tanta
1255 1752 1558 1811 eratenim
1582 1750 1912 1813 auctoritas
1941 1761 2002 1813 et
2023 1761 2294 1814 vetustas

242 1834 402 1893 illius
429 1834 762 1908 religioniS‚
802 1841 883 1906 ut,
918 1851 1103 1910 quum
1132 1834 1276 1896 illuc
1294 1834 1487 1905 irent,
1524 1849 1648 1894 non
1683 1835 1764 1894 ad
1795 1835 2008 1894 aedem
2039 1835 2328 1917 CereriS„

245 1917 357 1974 sed
384 1916 464 1974 ad
498 1915 697 1988 ipsam
728 1916 1007 1976 Cererem
1045 1917 1358 1990 proficisci
1396 1916 1763 1976 viderentur.
1833 1915 1974 1977 109.
2019 1918 2150 1978 Non
2189 1920 2293 1978 o-b-

243 1997 489 2056 tundam
530 1997 775 2056 diutius.
846 1999 1081 2057 Etenim
1120 1999 1240 2058 iam
1279 1998 1505 2058 dudum
1547 2015 1767 2060 vereor
1805 2014 1882 2058 ne
1925 2000 2118 2060 oratio
2159 2017 2294 2060 mea

242 2077 440 2138 aliena
468 2079 545 2138 ab
574 2079 934 2138 iudiciorum
966 2079 1199 2140 ratione
1243 2088 1302 2141 et
1337 2097 1376 2138 a
1423 2081 1726 2142 cotidiana
1758 2081 2002 2142 dicendi
2033 2099 2292 2146 consue-

243 2161 451 2220 tudine
484 2176 627 2222 esse
659 2160 951 2221 videatur.
1000 2163 1135 2220 Hoc
1168 2162 1339 2234 dieo,
1385 2161 1540 2223 hanc
1569 2164 1764 2239 ipsam
1797 2164 2097 2236 Cererem,
2141 2167 2287 2227 anti-

233 2244 627 2319 quissimam,
670 2241 1219 2317 religiosissimam,
1273 2242 1607 2319 principem
1649 2246 1915 2307 omnium
1959 2265 2292 2324 sacrorum,

240 2341 399 2401 quae
442 2329 605 2402 apud
642 2341 855 2386 omnes
898 2331 1109 2398 gentes
1142 2325 1542 2401 nationesque
1579 2330 1760 2402 fiunt,
1803 2345 1842 2388 a
1880 2329 1943 2389 C.
1976 2331 2172 2390 Verre
2211 2347 2292 2390 ex

238 2409 368 2468 suis
398 2409 641 2483 templis
670 2425 745 2468 ac
772 2407 1024 2468 sedibus
1052 2425 1193 2468 esse
1228 2409 1543 2469 sublatam.
1604 2411 1716 2485 Qui
1745 2411 2098 2474 accessistis
2126 2414 2288 2472 Hen-

238 2505 405 2562 nam,
448 2489 685 2550 vidistis
732 2489 1117 2550 simulacrum
1165 2491 1402 2553 Cereris
1445 2508 1482 2552 e
1525 2510 1824 2556 marmore
1876 2502 1937 2555 et
1984 2494 2047 2554 in
2097 2498 2288 2556 altero

238 2573 460 2647 templo
489 2571 765 2633 Liberae.
811 2573 963 2633 Sunt
990 2590 1065 2633 ea
1101 2572 1416 2648 perampla
1449 2583 1632 2650 atque
1661 2577 1990 2652 praeclara,
2023 2579 2134 2638 sed
2165 2594 2290 2638 non

232 2654 317 2714 ita
348 2654 616 2730 antiqua.
683 2656 777 2715 Ex
826 2671 969 2716 aere
1008 2655 1119 2716 fuit
1157 2657 1464 2732 quoddam
1503 2659 1744 2719 modica
1783 2660 2177 2733 amplitudine
2214 2677 2291 2720 ac

234 2735 527 2811 singulari
555 2753 763 2812 opere,
794 2755 932 2798 eum
963 2739 1216 2812 facibuS,
1247 2739 1670 2816 perantiquum
1681 2760 1700 2815 ·,
1735 2741 2000 2802 omnium
2027 2743 2285 2815 illorum,

234 2834 393 2894 quae
418 2828 561 2882 sunt
588 2819 648 2879 in
680 2837 756 2880 eo
787 2822 960 2893 fano,
1004 2823 1191 2882 multo
1228 2821 1732 2896 antiquissimum.
1799 2825 1871 2885 Id
1899 2824 2170 2898 sustulit,
2213 2841 2290 2886 ac

230 2909 430 2963 tamen
473 2909 556 2966 eo.
592 2911 911 2964 contentus
952 2918 1073 2964 non
1124 2904 1252 2964 suit.
1321 2903 1462 2965 110.
1496 2908 1656 2966 Ante
1695 2907 1908 2966 aedem
1953 2906 2186 2966 Cereris
2223 2907 2289 2968 in

228 2993 441 3059 aperto
471 3001 543 3045 ac
574 2988 897 3060 propatulo
928 2988 1064 3046 loco
1100 2987 1278 3060 signa
1307 2987 1428 3047 duo
1461 2997 1631 3049 sunt:
1675 2987 1910 3049 Cereris
1937 3006 2156 3062 unum,
2199 2991 2289 3048 al-

226 3076 421 3128 terum
448 3066 831 3142 Triptolemi,
872 3070 1280 3142 pulcherrima
1307 3085 1378 3128 ac
1407 3073 1738 3146 perampla.
1793 3071 2136 3132 Pulcritudo
2177 3087 2293 3146 pe-

223 3147 449 3226 riculo,
503 3150 836 3224 amplitudo
879 3151 1055 3211 saluti
1108 3150 1249 3223 ruit,
1282 3152 1447 3225 quod
1487 3168 1698 3213 eorum
1745 3153 2052 3216 demolitio
2101 3162 2290 3228 atque

224 3232 558 3307 asportatio
613 3231 993 3307 perdifficilis
1052 3232 1385 3295 videbatur.
1475 3235 1802 3297 Insistebat
1847 3235 1910 3297 in
1950 3252 2134 3298 manu
2175 3234 2288 3296 Ce-

220 3313 375 3373 reris
417 3314 630 3375 dextra
674 3317 901 3392 grande
936 3314 1324 3378 simulacrum
1370 3316 1773 3392 pulcherrime
1819 3320 2044 3379 facturn
2075 3317 2295 3380 Victo-
