2459 3817
797 153 962 216 CAP.
1011 161 1268 216 10—12.
1313 158 1365 219 s.
1400 157 1667 216 21-27.
2152 156 2275 224 227

209 301 586 366 coloniarum
615 317 688 363 ac
722 302 1187 380 municipiorum
1217 302 1679 378 respondebunt
1708 301 1995 364 Catilinae
2030 307 2271 368 tumulis

209 387 615 450 silvestribus.
700 388 911 461 Neque
941 404 1057 463 ego
1125 395 1363 448 ceteras
1394 385 1637 462 copias,
1680 396 2063 461 ornamenta,
2095 405 2259 463 prae·

209 469 369 532 sidia
399 479 602 531 vestra
623 486 762 531 cum
789 469 949 531 illius
979 469 1231 531 latronis
1262 470 1471 546 inopia
1491 477 1673 545 atque
1697 479 1969 545 egestate
1993 472 2273 534 conferre

211 555 430 614 debeo.
513 552 612 615 25.
647 554 770 614 Sed
801 553 888 627 si,
923 554 1170 614 omissis
1199 553 1296 614 his
1325 553 1543 625 rebuS,
1574 553 1799 628 quibus
1829 569 1944 616 nos
1977 555 2271 630 suppedi-

210 645 435 707 tamur,
472 645 612 712 eget
639 636 768 708 ille,
802 644 1049 712 senatu,
1091 635 1401 711 equitibus
1430 635 1750 708 Romani8‚
1770 639 2028 714 [populo
2043 643 2083 711 ,J
2103 639 2273 711 urbe,

211 719 476 792 aerario,
509 719 940 794 vectigalibuS,
971 727 1190 782 cuncta
1217 720 1419 792 Italia,
1454 719 1787 794 provinciis
1821 718 2135 795 omnibuS‚
2165 737 2273 782 ex·

212 801 356 863 teris
385 800 730 864 nationibus
751 847 766 876 ,
802 803 856 863 si
883 801 980 864 his
1013 803 1198 864 rebus
1230 800 1477 862 omissis
1512 817 1735 862 causas
1764 801 1965 877 ipsaS,
1996 819 2155 877 quae
2184 804 2273 863 in·

211 894 302 946 ter
335 902 406 947 se
437 884 790 961 confligunt,
823 886 1194 946 contendere
1216 885 1495 959 velimuS,
1525 900 1602 944 ex
1625 900 1700 944 eo
1725 882 1863 958 ipso
1888 901 2069 959 quam
2096 888 2275 948 valde

211 965 296 1028 illi
325 968 564 1029 iaceant
592 968 926 1042 intelligere
954 983 1303 1043 possumus.
1369 968 1461 1028 Ex
1502 966 1617 1026 hac
1659 967 1818 1026 enim
1859 975 2033 1040 parte
2074 970 2277 1042 pudor

213 1059 470 1124 pugnat,
500 1051 664 1110 illinc
700 1050 1061 1125 petulantia:
1091 1050 1233 1110 hinc
1266 1048 1570 1124 pudicitia,
1604 1047 1765 1110 illinc
1790 1058 2098 1123 stuprum=
2134 1049 2275 1110 hinc

213 1134 402 1200 tides,
438 1132 603 1192 illinc
647 1131 975 1192 fraudatioa
1015 1132 1157 1192 hinc
1201 1133 1429 1207 pietas,
1473 1130 1638 1191 illinc
1683 1133 1919 1193 scelus:
1951 1131 2092 1193 hinc
2128 1148 2272 1193 con-

216 1213 454 1286 stantia,
482 1213 646 1274 illinc
670 1216 867 1274 furora
888 1211 1030 1274 hinc
1053 1214 1366 1286 honestas,
1400 1212 1563 1274 illinc
1593 1213 1932 1288 turpitudo=
1964 1214 2104 1276 hinc
2130 1231 2281 1276 con-

216 1295 482 1369 tinentia,
516 1295 680 1358 illinc
709 1295 928 1358 iibido=
961 1296 1228 1372 denique
1260 1295 1559 1372 aequitas,
1591 1297 2005 1372 temperantia,
2042 1298 2273 1360 fortitu-

213 1381 312 1452 do,
347 1379 683 1455 prudentia,
711 1379 962 1443 virtutes
994 1396 1207 1441 omnes
1233 1389 1465 1442 certant
1490 1396 1625 1440 cum
1650 1379 1983 1455 iniquitate,
2017 1381 2276 1454 luxuria,

213 1461 477 1537 ignavia,
507 1461 856 1537 temeritate,
885 1479 1024 1526 cum
1047 1463 1208 1526 vitiis
1240 1463 1551 1526 omnibus=
1590 1471 1903 1540 postremo
1927 1465 2107 1541 copia
2136 1482 2277 1526 cum

213 1554 514 1620 egestate,
561 1546 726 1608 bona
757 1547 907 1609 ratio
939 1563 1075 1608 cum
1105 1547 1373 1622 perdita,
1420 1564 1594 1608 mens
1630 1564 1781 1608 sana
1815 1563 1953 1608 cum
1995 1551 2276 1622 amentia,

213 1629 375 1688 bona
406 1628 671 1704 denique
702 1646 848 1705 spes
883 1646 1022 1691 cum
1067 1630 1334 1692 omnium
1365 1647 1567 1690 rerum
1602 1631 2032 1705 desperatione
2061 1631 2273 1692 conili-

213 1711 316 1785 git.
391 1713 452 1771 ln
485 1712 618 1774 eius
653 1712 819 1772 modi
849 1713 1178 1773 certamine
1211 1729 1288 1774 ac
1322 1712 1558 1789 proelio
1592 1728 1826 1782 nonne,
1872 1715 2052 1771 etiam
2084 1712 2137 1772 si
2166 1714 2275 1774 ho·
2314 1719 2321 1726 '

215 1793 440 1856 minum
484 1795 688 1855 studia
715 1795 1032 1868 deficiant,
1083 1796 1144 1855 di
1195 1794 1317 1870 ipsi
1363 1795 1737 1854 immortales
1785 1803 2007 1867 cogant
2050 1794 2129 1854 ab
2178 1793 2273 1854 his

217 1876 721 1951 praeclarissimis
767 1876 1092 1938 virtutibus
1125 1885 1214 1938 tot
1252 1885 1316 1937 et
1356 1883 1517 1937 tanta
1560 1874 1705 1935 vitia
1745 1877 2067 1950 superari?
2146 1878 2275 1936 Xll.

213 1959 314 2022 26.
373 1958 540 2031 Quae
571 1975 758 2034 quum
787 1958 870 2018 ita
900 1958 1036 2031 sint,
1071 1957 1353 2033 QuiriteS‚
1383 1975 1517 2032 voS,
1554 1973 1735 2033 quem
1765 1959 1844 2018 ad
1877 1960 2122 2019 modum
2158 1958 2277 2020 iam

213 2050 393 2103 antea
409 2039 553 2113 dixi,
573 2044 780 2098 vestra
792 2046 954 2097 tecta
966 2037 1267 2098 custodiis
1285 2038 1631 2116 vigiliisque
1646 2039 1987 2103 defendite:
2014 2041 2179 2119 mihi,
2214 2047 2279 2102 ut

214 2123 350 2184 urbi
400 2123 534 2184 sine
565 2130 770 2184 vestro
803 2131 970 2186 motu
1010 2139 1084 2183 ac
1125 2121 1260 2182 sine
1288 2124 1411 2183 ullo
1444 2123 1695 2183 tumultu
1726 2123 1875 2182 satis
1904 2131 2073 2184 esset
2102 2139 2275 2198 prae·

215 2205 374 2280 sidii‚
406 2208 748 2268 consultum
764 2214 948 2282 atque
963 2205 1279 2282 provisum
1302 2215 1415 2266 est.
1452 2203 1893 2267 Coloniomnes
1910 2205 2275 2280 municipes·

217 2305 339 2364 que
370 2291 585 2364 vestri,
627 2288 920 2351 certiores
951 2307 988 2350 a
1019 2305 1116 2350 me
1154 2287 1294 2350 facti
1324 2289 1401 2350 de
1430 2289 1545 2349 hac
1581 2296 1877 2348 nocturna
1909 2287 2275 2348 excursione

219 2370 528 2446 Catilinae,
557 2374 737 2434 facile
767 2374 952 2434 urbes
983 2389 1131 2434 suas
1165 2373 1449 2447 finesque
1480 2372 1825 2432 defendent.
1876 2370 2276 2442 Gladiatores,

218 2471 402 2529 quam
430 2454 542 2515 sibi
572 2455 672 2516 ille
696 2473 938 2516 manum
968 2453 1367 2516 certissimam
1392 2457 1523 2516 fore
1538 2453 1773 2530 putavit
1798 2487 1884 2500 --
1908 2470 2276 2529 quamquam

216 2537 418 2599 animo
451 2537 698 2601 meliore
729 2547 871 2600 sunt
903 2556 1084 2614 quam
1112 2553 1260 2614 pars
1304 2537 1691 2613 patriciorum
1717 2570 1819 2610 —,
1854 2545 2154 2613 potestate
2188 2546 2277 2597 ta·

155 2683 162 2688 ,
217 2637 355 2681 men
387 2630 599 2683 nostra
631 2622 1116 2684 continebuntur.
1172 2621 1242 2695 Q.
1275 2621 1587 2694 MetelluS,
1632 2637 1814 2695 quem
1844 2636 1958 2695 ego
1989 2620 2107 2681 hoc
2136 2637 2277 2695 pro-

217 2702 485 2778 spiciens
529 2705 588 2764 in
633 2721 845 2780 agrum
887 2705 1179 2766 Gallicum
1215 2705 1626 2780 Picenumque
1661 2701 1979 2778 praemisi,
2030 2709 2135 2763 aut
2168 2719 2275 2776 op-

216 2786 435 2862 primet
471 2785 777 2848 hominem
820 2797 925 2848 aut
966 2803 1181 2848 omnes
1224 2785 1359 2847 eius
1405 2795 1607 2848 motus
1650 2793 2033 2859 conatusque
2074 2783 2279 2861 prohi-

220 2869 402 2931 bebit.
465 2869 741 2943 Reliquis
769 2878 970 2932 autem
1011 2870 1088 2930 de
1129 2869 1317 2930 rebus
1348 2868 1824 2942 constituendis,
1880 2868 2275 2943 maturandis,

219 2951 477 3027 agendis
507 2951 628 3012 iarn
658 2954 737 3014 ad
772 2961 1049 3014 senatum
1083 2952 1437 3018 referemus,
1472 2966 1652 3026 quem
1686 2950 1896 3011 vocari
1925 2950 2165 3014 videtis.

385 3033 486 3103 27.
529 3031 884 3104 Νιιῐισίυοε,
923 3029 1027 3104 qui
1050 3030 1108 3089 in
1136 3030 1290 3088 urbe
1324 3041 1749 3092 remanserunt
1778 3041 1966 3107 atque
1988 3034 2147 3092 adeo
2174 3026 2280 3102 qui

219 3126 432 3179 contra
463 3116 634 3178 urbis
665 3117 921 3178 salutern
951 3113 1340 3188 omniumque
1366 3120 1639 3173 vestrum
1683 3111 1744 3171 in
1776 3113 1927 3174 urbe
1960 3129 1997 3172 a
2028 3111 2279 3174 Catilina

219 3200 412 3263 relicti
446 3208 605 3273 sunt,
643 3213 1010 3278 quamquam
1040 3204 1183 3258 sunt
1211 3196 1444 3266 hosteS,
1478 3202 1707 3271 tamen,
1739 3194 1882 3270 quia
1916 3193 2275 3269 suntcives,

217 3282 482 3345 monitos
512 3283 692 3344 etiarn
721 3290 904 3357 atque
926 3279 1105 3341 etiarn
1126 3279 1290 3340 volo.
1332 3278 1470 3338 Mea
1492 3277 1708 3337 lenitas
1738 3277 1939 3337 adhuc
1970 3275 2146 3338 sicui
2176 3292 2278 3335 so-

223 3366 407 3430 lutior
438 3366 575 3429 visa
609 3374 733 3440 est,
772 3365 892 3426 hoc
920 3362 1328 3439 exspectavit,
1365 3368 1431 3422 ut
1459 3359 1551 3434 id,
1584 3359 1751 3435 quod
1779 3358 2035 3434 latebat,
2080 3375 2278 3420 erum-

1839 3445 1961 3508 15*
