2459 3817
708 158 874 220 cAP.
902 165 1167 221 *ιδ-51.
1210 163 1264 218 3.
1297 163 1628 222 loa-409.
2065 197 2074 204 ·
2119 163 2204 225 83

144 307 405 371 maxime
446 309 657 386 populi
698 308 959 371 Romani
1000 307 1288 370 iudicium
1327 325 1401 368 ac
1449 309 1730 370 voluntas
1779 316 2010 384 potest,
2051 325 2196 373 con-

144 393 337 465 tione,
392 393 683 466 comitiis,
734 393 1018 454 ludorum
1062 393 1590 468 gladiatorumque
1639 408 1964 454 consessu.
2029 393 2196 466 Quae

145 475 347 538 contio
378 475 489 536 fuit
516 493 627 551 per
649 476 767 536 hos
791 490 1016 549 annos,
1074 489 1233 549 quae
1263 474 1508 552 quidem
1533 484 1702 538 essct
1728 491 1850 536 non
1879 477 2200 548 conducta,

146 559 261 620 sed
306 575 483 631 vera,
531 558 593 617 in
616 575 758 634 qua
800 557 1016 634 populi
1056 557 1315 620 Romani
1361 574 1704 620 consensus
1755 558 2026 635 perspici
2079 576 2200 621 non

144 649 415 718 possets·
442 641 697 702 Habitus
726 651 871 704 sunt
908 643 1131 702 multae
1164 644 1244 702 de
1279 659 1378 702 me
1415 657 1454 702 a
1479 641 1818 717 gladiatore
1857 642 2192 704 sceleratis·

145 725 333 800 simo,
360 725 441 784 ad
476 741 631 800 quas
658 741 836 786 nemo
864 725 1074 786 adibat
1100 724 1525 799 incorruptus,
1575 741 1754 785 nemo
1789 723 2051 802 integcrz
2097 743 2198 787 ne·

142 823 243 868 mo
288 809 457 870 illum
500 807 743 870 foedum
784 810 1019 869 vultum
1066 807 1377 883 aspicere,
1429 823 1610 867 nemo
1661 805 1936 868 furialem
1983 825 2200 872 vocem

142 889 346 950 bonus
370 889 585 950 audire
603 897 864 965 poterat.
899 891 1091 951 Erant
1112 891 1252 950 illae
1275 889 1596 950 contiones
1612 891 1990 964 perditorum
2010 888 2201 948 homi·

145 989 291 1036 num
324 973 682 1033 necessario
715 975 1125 1034 turbulentae.
1197 973 1340 1033 107.
1381 973 1608 1034 Habuit
1641 974 1721 1033 de
1757 974 1978 1034 eodem
2013 987 2112 1032 me
2135 972 2199 1028 P.

145 1057 439 1116 Lentulus
476 1059 695 1116 consul
732 1055 1116 1117 contionem:
1158 1070 1504 1116 concursus
1551 1063 1649 1116 est
1687 1056 1902 1131 populi
1943 1050 2203 1114 Romani

146 1141 376 1200 factus:
422 1152 639 1198 omnes
674 1138 949 1208 ordines,
984 1144 1117 1198 tota
1147 1135 1211 1196 in
1242 1137 1348 1198 illa
1384 1137 1673 1200 contione
1702 1138 1876 1200 Italia
1909 1135 2198 1200 con-stitit.

144 1221 284 1296 Egit
312 1233 565 1280 causam
593 1235 833 1280 summa
863 1237 996 1281 cum
1026 1219 1332 1296 gravitate
1373 1222 1678 1298 copiaque
1719 1221 1982 1292 dicen-di,
2029 1224 2201 1282 tanto
2301 1244 2334 1312 ··

146 1303 409 1372 silentio,
436 1309 605 1364 tanta
616 1303 1068 1379 approbatione
1088 1303 1378 1382 omnium,
1404 1305 1548 1367 nihil
1575 1315 1642 1368 ut
1663 1322 1950 1382 umquam
1963 1304 2202 1366 videre-

141 1395 246 1450 tur
266 1397 389 1449 tam
416 1389 721 1463 populare
752 1389 828 1450 ad
858 1387 1071 1464 populi
1093 1388 1354 1450 Romani
1375 1406 1558 1451 aures
1589 1389 1911 1452 accidisse.
1973 1388 2200 1450 Produ-

143 1478 280 1532 ctus
306 1478 403 1532 est
424 1471 503 1530 ab
530 1487 604 1531 eo
621 1471 1090 1548 Cn.P0mpeius,
1116 1473 1316 1546 quise
1339 1490 1464 1535 nou
1481 1474 1682 1536 solum
1695 1481 2010 1536 auctorem
2023 1486 2200 1532 meae

144 1555 381 1628 salutis,
406 1555 520 1615 sed
546 1554 725 1615 ctiam
762 1556 1101 1631 supplicem
1137 1559 1375 1631 populo
1405 1559 1685 1618 Romano
1727 1556 2024 1633 praebuit.
2076 1555 2198 1614 Hu-

144 1638 243 1698 ius
267 1638 463 1699 oratio
487 1645 553 1698 et
574 1640 895 1714 pergravis
930 1647 993 1700 et
1012 1645 1189 1714 grata
1212 1639 1272 1698 in
1299 1645 1588 1702 contione
1613 1641 1896 1701 omnibus
1929 1642 2068 1699 fuit:
2107 1638 2199 1698 sic

142 1717 478 1786 contendo,
520 1731 851 1788 numquam
884 1733 1087 1792 neque
1128 1717 1492 1778 sententiam
1531 1718 1665 1780 eius
1698 1720 2056 1781 auctoritate
2088 1739 2189 1781 ne-

146 1811 270 1872 que
313 1797 730 1871 eloquentiam-
762 1799 1135 1859 iucunditate
1180 1799 1374 1860 fuisse
1429 1800 1679 1860 maiore.
1751 1800 1894 1863 108.
1938 1801 2072 1874 Quo
2113 1803 2183 1864 si·

142 1877 327 1940 lentio
370 1887 513 1938 sunt
554 1877 743 1939 auditi
786 1881 865 1939 de
904 1897 1003 1940 me
1082 1881 1270 1942 ceteri
1311 1880 1622 1956 principes
1677 1882 1966 1945 civitatis!
2034 1901 2194 1959 quos

141 1961 371 2022 idcirco
414 1977 537 2020 non
570 1961 815 2036 appello
858 1962 975 2022 hoc
1012 1964 1177 2034 loco,
1222 1979 1301 2024 ne
1339 1979 1476 2024 mea
1516 1965 1739 2041 oratio,
1782 1965 1834 2025 si
1875 1965 2076 2030 minus
2119 1968 2198 2026 dc

140 2046 346 2120 aliquo
377 2043 618 2116 dixero,
656 2043 919 2119 ing-rata,
952 2045 1007 2106 si
1036 2045 1185 2106 satis
1221 2045 1300 2106 de
1329 2046 1640 2120 omnibus,
1669 2049 1904 2110 infinita
1931 2065 2076 2112 esse
2109 2050 2199 2114 vi·

144 2129 380 2188 deatur.
444 2127 607 2188 Cedo
636 2143 799 2188 nunc
828 2128 1103 2190 eiusdem
1137 2129 1299 2191 illius
1326 2129 1552 2192 inimici
1579 2130 1699 2192 mei
1728 2132 1806 2193 dc
1847 2149 1945 2193 me
1973 2134 2196 2196 codem

142 2211 224 2270 ad
256 2226 461 2270 verum
496 2212 785 2286 populum
826 2210 888 2272 in
925 2228 1142 2289 campo
1169 2212 1385 2275 Martio
1431 2213 1804 2276 contionem!
1873 2214 2020 2288 Quis
2067 2234 2192 2278 non

140 2295 326 2354 modo
355 2293 747 2368 approbavit,
776 2296 890 2356 sed
916 2313 1038 2357 non
1067 2295 1554 2371 indignissimum
1586 2297 1820 2359 facinus
1853 2299 2083 2374 putavit
2121 2300 2192 2360 il·

142 2378 267 2436 lum
295 2393 413 2436 non
445 2375 643 2438 dicam
684 2378 884 2454 ioqui,
916 2380 1029 2440 sed
1058 2379 1266 2441 vivere
1305 2397 1380 2440 ac
1408 2381 1685 2456 spirare?
1729 2381 1888 2480 ‘Quis
1933 2381 2046 2444 fuit
2089 2381 2194 2460 qui

104 2503 122 2511 ..
142 2475 262 2520 non
292 2459 427 2520 eius
457 2474 613 2521 voce
628 2460 928 2522 maculari
958 2479 1084 2524 rem
1114 2461 1416 2539 publicam
1437 2480 1662 2540 seque,
1693 2463 1748 2528 si
1772 2481 1914 2529 eum
1935 2465 2190 2540 audiret,

144 2543 380 2603 scelere
412 2542 665 2620 astringi
696 2545 1125 2610 arbitraretur?

302 2626 397 2685 LI
455 2625 595 2688 109.
653 2628 853 2690 Venio
894 2630 975 2689 ad
1017 2631 1282 2705 comitia,
1327 2631 1460 2694 sive
1497 2632 1953 2708 magistratuum
1996 2635 2197 2708 placet

138 2707 274 2769 sive
300 2711 517 2782 legum.
580 2710 775 2806 Leges
806 2711 1085 2774 videmus
1094 2731 1330 2811 saepe
1341 2717 1482 2777 ferri
1509 2718 1747 2778 multas.
1815 2715 2032 2778 Omitto
2063 2733 2192 2788 eaS,

138 2808 297 2866 quae
332 2793 603 2852 feru-ntur
628 2792 738 2864 ita,
782 2793 889 2854 vix
918 2803 983 2855 ut
1008 2796 1175 2872 quini
1205 2797 1334 2858 etii
1363 2815 1439 2858 ex
1469 2799 1669 2860 aliena
1695 2798 1884 2872 tribu,
1930 2799 2036 2874 qui
2065 2801 2192 2861 sui-

140 2874 393 2948 fragium
425 2876 617 2935 ferant
654 2876 1049 2950 reperiantur.
1111 2880 1203 2938 De
1242 2895 1368 2950 me,
1419 2898 1598 2954 quem
1640 2889 1968 2958 tyrannum
2005 2892 2191 2958 atque

136 2965 479 3030 ereptorem
505 2956 798 3020 libertatis
828 2975 971 3020 esse
990 2959 1233 3022 dicebat
1259 2961 1360 3023 iun
1391 2965 1566 3024 ruina
1593 2965 1681 3025 rei
1718 2965 2018 3040 publicae,
2047 2966 2195 3026 dicit

136 3055 207 3098 se
242 3039 435 3114 legem
466 3040 697 3102 tuliSse.
742 3041 888 3114 Quis
918 3051 1015 3104 cst
1042 3043 1147 3118 qui
1170 3060 1270 3116 se,
1303 3063 1490 3120 quum
1517 3056 1725 3110 contra
1746 3065 1842 3109 me
1866 3049 2191 3120 ferebatur,

139 3119 329 3181 inisse
358 3123 711 3199 suffragium
744 3125 1146 3187 confiteatur?
1187 3145 1372 3203 quum
1401 3139 1601 3192 autem
1638 3133 1716 3194 de
1743 3149 1840 3192 me
1869 3133 2086 3194 eodem
2111 3147 2189 3190 ex

137 3213 387 3265 senatus
444 3209 727 3268 consulto
796 3208 1057 3270 comitiis
1110 3212 1460 3272 centuriatis
1518 3215 1850 3288 ferebatur,
1915 3212 2056 3289 quis
2097 3222 2192 3274 est

138 3285 244 3360 qui
270 3303 389 3347 non
424 3289 775 3362 profiteatur
813 3308 884 3353 se
924 3291 1201 3354 adfuisse
1233 3302 1296 3354 et
1325 3295 1682 3370 suffragium
1721 3300 1800 3359 de
1829 3299 2026 3358 salute
2054 3313 2192 3357 mea

138 3369 393 3430 tulisset
450 3371 597 3432 Utra
637 3373 818 3447 igitur
862 3391 1055 3434 causa
1093 3377 1407 3450 popularis
1449 3380 1646 3440 debet.
1673 3378 1904 3440 videri·
1959 3378 2020 3440 in
2067 3397 2189 3456 qua

1718 3473 1801 3536 6*
