2459 3817
211 105 333 172 170
677 79 827 180 rao
855 116 923 178 r.
950 115 1188 179 Amo
1219 115 1513 179 mamm
1544 115 1849 180 oaArio.

203 279 464 344 stremo,
507 267 629 339 nisi
655 285 794 332 eum
827 268 888 330 di
919 269 1293 332 immortales
1321 267 1382 330 in
1406 285 1541 332 eam
1570 277 1830 331 mentem
1864 265 2277 346 impulissent,

203 363 270 416 ut
300 355 484 415 homo
516 352 899 414 effeminatus
941 349 1341 414 fortissimum
1370 353 1565 415 virum
1612 361 1937 414 conaretur
1962 352 2273 427 occidere,

201 435 398 499 hodie'
428 451 558 496 rem
590 435 894 511 publicam
923 435 1149 496 nullam
1190 435 1517 497 haberetis.
1600 433 1704 496 90.
1744 436 1842 494 An
1871 436 1975 495 illc
2003 444 2275 510 praetor,

201 519 303 581 ille
345 535 492 580 vero
538 519 786 591 consul,
841 516 894 577 si
935 517 1122 579 modo
1161 515 1319 578 haec
1359 519 1585 596 templa
1623 526 1811 592 atque
1846 518 1987 593 ipsa
2026 518 2273 580 moenia

200 611 364 663 stare
401 615 480 662 eo
503 601 645 660 vivo
678 608 798 661 tam
827 599 932 660 diu
970 608 1033 661 et
1065 602 1446 662 consulatum
1482 601 1617 662 eius
1642 609 2007 676 exspectare
2034 602 2275 676 potuis-

203 692 370 755 sent,
413 683 514 742 ille
543 683 810 758 denique
840 683 1020 744 vivus
1048 683 1186 742 mali
1223 683 1370 743 nihil
1401 682 1667 757 fecisset,
1705 683 1809 758 qui
1838 689 2115 744 mortuus
2144 699 2271 746 uno

200 781 280 827 ex
310 766 440 828 suis
465 765 824 828 satellitibus
849 758 1010 848 [Sex.
1037 761 1275 854 clodio]
1294 767 1453 828 duce
1480 763 1707 828 curiam
1731 765 2113 827 incenderit?
2136 766 2267 841 Quo

201 848 350 925 quid
379 847 682 923 miserius,
717 849 865 926 quid
881 847 1183 921 acerbiuS,
1211 848 1359 926 quid
1389 847 1731 911 luctuosius
1762 849 2070 910 vidimus!
2096 848 2269 911 Tem·

202 935 371 1009 plum
405 931 760 1005 sanctitatis,
790 930 1243 1008 amplitudinis,
1272 931 1509 1006 mentis,
1540 931 1779 994 consilii
1808 932 2052 1008 publici,
2086 941 2269 1008 caput

201 1017 402 1089 urbis,
430 1032 597 1077 aram
625 1015 963 1089 sociorum,
1021 1023 1264 1090 portum
1305 1015 1575 1076 omnium
1610 1013 2153 1090 gentium,'sedem
2190 1015 2269 1076 ab

203 1100 492 1160 universo
518 1100 750 1176 populo
775 1113 1138 1160 concessam
1171 1096 1277 1158 uni
1308 1098 1526 1172 ordini,
1554 1097 1934 1174 inflammari,
1968 1097 2267 1171 exscindi,

203 1180 538 1244 funestari?
577 1197 781 1258 neque
818 1181 881 1242 id
907 1180 1040 1242 fleri
1065 1197 1106 1241 a
1135 1180 1514 1242 multitudine
1542 1180 1850 1256 imperita,
1896 1195 2268 1256 quamquam

204 1273 372 1326 esset
392 1263 678 1326 miserum
711 1265 773 1324 id
804 1263 1039 1339 ipsum,
1079 1265 1192 1326 sed
1216 1263 1294 1324 ab
1324 1271 1491 1325 uno?
1536 1263 1649 1338 Qui
1688 1279 1874 1340 quum
1902 1270 2137 1324 tantum
2162 1279 2269 1323 au-

202 1363 310 1408 sus
346 1345 425 1406 sit
446 1356 618 1408 ustor
651 1361 764 1422 pro
807 1355 1044 1419 mortuo
1059 1389 1076 1419 ,
1117 1345 1264 1420 quid
1301 1347 1555 1423 signifer
1597 1362 1713 1423 pro
1752 1345 1895 1408 vivo
1939 1362 2061 1408 non
2104 1354 2273 1408 esset

202 1429 516 1490 aususrln
541 1429 770 1490 curiam
803 1427 1188 1504 potissimum
1221 1429 1463 1502 abiecit,
1494 1437 1563 1492 ut
1588 1443 1723 1490 eam
1758 1438 2035 1491 mortuus
2060 1427 2271 1490 incen-

201 1510 403 1585 deret,
435 1526 616 1585 quam
659 1509 843 1572 vivus
884 1519 1202 1574 everterat.
1284 1511 1389 1573 91.
1419 1511 1493 1574 Et
1519 1520 1657 1575 sunt
1695 1511 1801 1589 qui
1833 1513 1914 1574 de
1941 1511 2039 1572 via
2062 1512 2269 1588 Appia

203 1602 552 1670 querantur,
585 1602 824 1657 taceant
853 1596 934 1656 de
961 1593 1146 1667 curia,
1175 1602 1239 1656 et
1270 1595 1374 1670 qui
1402 1596 1481 1657 ab
1516 1611 1593 1657 eo
1621 1593 1894 1672 spirante
1924 1597 2124 1658 sorum
2158 1611 2247 1670 pu

201 1685 328 1739 tent
368 1677 648 1753 potuisse
703 1676 982 1750 defendi,
1039 1677 1217 1739 cuius
1258 1693 1381 1740 non
1412 1677 1699 1741 restiterit
1738 1676 2025 1740 cadaveri
2064 1676 2269 1738 curia!

200 1759 507 1835 Excitate‚
551 1760 814 1824 excitate
842 1761 1075 1837 ipsum,
1113 1762 1168 1822 si
1195 1761 1456 1837 potestis
1476 1807 1493 1835 ,
1539 1777 1578 1824 a
1600 1761 1871 1824 mortuis.
1954 1758 2273 1834 Frangctis

207 1844 496 1921 impetum
528 1844 670 1920 vivi,
706 1844 882 1907 cuius
915 1846 1018 1906 vix
1045 1843 1359 1906 sustinetis
1388 1843 1577 1906 furias
1602 1843 1932 1921 insepultis
1960 1841 2087 1903 Nisi
2120 1856 2289 1906 vero.

203 1927 580 1990 sustinuistis
610 1944 740 2001 eos,
772 1927 877 2003 qui
905 1943 1043 1989 cum
1074 1927 1311 1989 facibus
1332 1928 1413 1988 ad
1434 1926 1663 1988 curiam
1688 1933 2097 1997 cucurrerunt,
2134 1940 2273 1986 cum

202 2011 460 2072 lalcibus
501 2010 582 2070 ad
617 2010 904 2082 Castoris,
939 2025 1078 2072 cum
1107 2009 1329 2084 gladiis
1356 2017 1484 2071 toto
1512 2011 1647 2072 toro
1682 2009 2025 2071 volitarunt.
2084 2005 2275 2068 caedi

206 2091 448 2153 vidistis
511 2093 805 2168 populum
843 2093 1212 2165 Romanum,
1256 2091 1607 2155 contionem
1660 2091 1880 2168 gladiis
1916 2088 2275 2182 disturbari,

201 2189 388 2250 quum
411 2172 723 2234 audiretur
749 2173 990 2235 silentio
1015 2174 1102 2234 Μ.
1131 2174 1372 2236 Caelius
1389 2220 1405 2247 ,
1432 2173 1713 2236 tribunus
1741 2173 1969 2250 plebis,
1996 2170 2090 2256 {ir
2116 2179 2181 2232 et
2212 2171 2277 2231 in

199 2273 268 2316 re
314 2255 560 2333 publica
600 2254 970 2317 fortissimus
1013 2262 1074 2317 et
1111 2255 1172 2317 in
1219 2263 1511 2333 suscepta
1550 2272 1741 2318 causa
1782 2255 2170 2320 firmissimus
2214 2260 2279 2314 et

193 2340 501 2400 bonorum
545 2338 836 2399 voluntati
887 2345 948 2400 et
988 2337 1329 2400 auctoritati
1380 2346 1629 2400 senatus
1668 2337 1913 2401 deditus
1950 2346 2016 2400 et
2058 2331 2135 2425 iit=
2154 2335 2279 2394 hac

201 2420 448 2482 Milonis
479 2417 614 2482 sive
640 2419 868 2483 invidia
899 2419 1034 2482 sive
1066 2422 1309 2484 fortuna
1348 2419 1637 2497 singulari
1681 2421 1887 2483 divina
1924 2429 1985 2482 et
2010 2415 2275 2483 incredi-

200 2502 306 2566 bili
337 2505 478 2564 flde.
2183 2508 2244 2560 ’κ

323 2587 590 2648 XXXIV.
621 2585 724 2650 92.
759 2587 883 2650 Sed
913 2587 1030 2649 iam
1060 2587 1211 2651 satis
1246 2589 1432 2650 multa
1461 2589 1541 2649 de
1570 2603 1787 2650 causa=
1817 2595 1989 2652 extra
2020 2579 2365 2650 «ιειιιειιιιιιχιχ

201 2667 382 2731 etiam
425 2669 606 2732 nimis
653 2673 922 2733 fortasse
962 2672 1166 2733 multa.
1254 2672 1410 2746 Quid
1443 2679 1633 2732 restat
1660 2671 1778 2732 nisi
1807 2680 1875 2734 ut
1900 2687 2070 2732 orem
2102 2671 2277 2733 obte-

203 2761 456 2829 sterque
476 2769 610 2828 vos,
634 2752 891 2827 iudices,
914 2761 982 2815 ut
1002 2770 1136 2815 eam
1153 2753 1635 2817 misericordiam
1647 2751 2277 2817 tribuatisl'ortissimo

203 2835 338 2896 viro
358 2881 373 2907 ,
409 2853 592 2912 quam
620 2838 756 2913 ipse
785 2852 908 2898 non
939 2837 1251 2912 implorat,
1282 2853 1400 2914 ego
1436 2835 1619 2899 etiam
1645 2845 2027 2914 repugnante
2059 2837 2183 2897 hoc
2214 2844 2279 2898 ct

199 2916 460 2994 imploro
490 2927 550 2981 et
575 2927 901 2996 exposcor
919 2919 1133 2992 Nolite,
1163 2918 1219 2981 si
1248 2921 1307 2981 in
1338 2928 1551 2982 nostro
1582 2921 1849 2982 omnium
1876 2919 2026 2982 fletu
2048 2919 2278 2980 nullam

199 3001 511 3062 lacrimam
541 3001 876 3078 aspexistis
905 3001 1183 3076 Milonis,
1230 3002 1285 3065 si
1336 3005 1564 3064 vultum
1595 3019 1841 3079 semper
1860 3003 2181 3074 eumdem,
2222 3003 2279 3064 si

201 3099 448 3158 vocem,
498 3083 553 3146 si
583 3083 918 3147 orationem
951 3085 1228 3146 stabilem
1273 3101 1349 3147 ac
1376 3101 1500 3147 non
1529 3093 1819 3148 mutatam
1856 3084 2109 3158 videtis,
2154 3083 2277 3146 hoc

199 3169 399 3230 minus
432 3165 489 3228 ei
518 3181 804 3242 parcerez
846 3167 1011 3229 haud
1051 3166 1184 3229 scio
1223 3184 1304 3228 an
1346 3169 1533 3230 multo
1578 3169 1658 3230 sit
1684 3169 1866 3231 etiam
1890 3167 2276 3230 adiuvandus

200 3250 415 3323 magis.
503 3249 736 3311 Etenim
794 3247 847 3308 si
887 3249 948 3310 in
995 3247 1371 3324 gladiatoriis
1426 3250 1652 3328 pugnis
1696 3260 1760 3314 et
1796 3250 1987 3312 infimi
2028 3248 2277 3326 generis

203 3329 511 3393 hominum
552 3331 916 3394 condicione
956 3339 1144 3410 atque
1173 3333 1415 3395 fortuna
1458 3333 1705 3395 timidos
1744 3342 1928 3412 atque
1957 3332 2279 3410 supplices
