2459 3817
784 152 951 216 cAP.
980 161 1246 216 20—22.
1290 158 1343 219 S.
1373 158 1636 218 45—49.
2181 151 2262 218 61

180 322 309 372 non
340 323 517 380 esse,
562 320 773 366 carere
814 320 1031 366 sensae
1088 306 1342 366 alterum
1375 303 1557 366 etiam
1591 305 1957 380 optandum,
2003 305 2256 368 meliore

178 407 331 454 esse
364 405 574 452 sensu.
662 385 766 450 48.
810 387 1119 463 Denique,
1161 405 1348 462 quum
1379 387 1581 448 omnia
1611 403 1856 464 semper
1888 389 1969 448 ad
1997 388 2254 465 dignita-

182 482 305 536 tem
337 473 705 534 rettulissem
734 487 849 532 nec
878 471 1011 534 sine
1042 487 1117 531 ea
1152 469 1487 546 quidquam
1515 471 1930 547 expetendum
1970 487 2115 533 esse
2144 471 2253 534 ho-

180 555 333 618 mini
355 557 417 616 in
438 555 561 617 vita
584 560 897 631 putassem
912 600 927 627 ,
960 563 1244 629 mortem,
1277 571 1461 630 quam
1482 553 1664 614 etiam
1689 554 1954 630 virgines
1979 555 2254 628 AtheniS,

182 639 381 716 regis,
418 636 667 715 opinor,
707 637 1031 699 Erechthei
1064 637 1256 710 filiae,
1304 654 1416 712 pro
1453 637 1648 712 patria
1678 637 2132 714 contempsisse
2165 640 2256 702 di·

184 731 433 794 cuntur,
466 737 581 798 ego
614 721 705 782 vir
726 721 1069 782 consularis
1100 720 1281 782 tantis
1303 721 1490 782 rebus
1513 719 1705 796 gestis
1729 719 2045 782 timerem?
2077 739 2254 798 prae-

180 805 391 868 sertim
422 821 605 881 quum
636 803 770 866 eius
798 821 1005 865 essem
1034 803 1326 876 civitam,
1359 820 1442 864 ex
1472 820 1590 878 qua
1623 803 1689 864 0.
1716 803 1956 865 Mucius
1989 807 2160 866 solus
2193 805 2256 868 in

178 897 385 950 castra
412 889 770 950 Porsennae·
792 887 1067 949 venisset
1098 903 1364 962 eumque
1403 886 1747 947 interficere
1784 885 2102 963 proposita
2139 887 2257 949 sibi

181 979 377 1034 morte
408 981 665 1034 conatus
696 978 892 1032 esset=
948 986 1027 1030 ex
1060 987 1181 1044 qua
1206 970 1271 1029 P.
1301 969 1526 1032 Decius
1559 969 1818 1046 primum
1861 978 2065 1046 pater,
2117 980 2259 1046 post

180 1054 416 1131 aliquot
443 1070 642 1116 annos
676 1054 869 1129 patria
894 1051 1461 1129 virtute-praeditus
1496 1052 1658 1114 filius
1681 1069 1751 1114 se
1775 1069 1848 1114 ac
1873 1051 2056 1116 vitam
2082 1071 2258 1116 suam

182 1138 481 1199 instructa
520 1135 654 1197 acie
704 1153 817 1210 pro
861 1136 1057 1196 salute
1099 1136 1312 1211 populi
1345 1134 1606 1197 Romani
1646 1135 2026 1212 victoriaque
2068 1137 2256 1201 devo·

184 1221 409 1280 visset:
444 1235 525 1280 ex
550 1235 671 1294 qua
693 1217 1165 1280 innumerabiles
1195 1217 1298 1280 alii
1329 1217 1543 1294 partim
1571 1218 2012 1294 adipiscendae
2035 1220 2258 1295 laudis,

184 1301 403 1380 partim
443 1301 729 1364 vitandae
766 1300 1157 1377 turpitudinis
1205 1318 1397 1364 causa
1441 1308 1696 1364 mortem
1747 1303 1810 1364 in
1850 1302 2038 1364 variis
2079 1302 2257 1364 bellis

180 1384 575 1461 aequissimis
616 1384 834 1446 animis
876 1383 1290 1461 oppetissent=
1343 1387 1404 1445 in
1449 1402 1572 1460 qua
1607 1384 1852 1448 civitate
1881 1384 2019 1462 ipse
2049 1386 2250 1447 memi-

182 1470 413 1530 nissem
456 1477 689 1544 patrem
729 1467 910 1530 huius
939 1469 1020 1528 Μ.
1056 1467 1294 1544 crassi,
1347 1468 1744 1530 fortissimum
1773 1468 2006 1540 virum,
2058 1486 2137 1530 ne
2169 1471 2254 1530 vi·

178 1553 357 1614 deret
382 1551 675 1614 victorem
701 1553 881 1614 vivus
918 1550 1254 1625 inimicum,
1309 1553 1526 1614 eadem
1569 1553 1686 1614 sibi
1719 1568 1904 1614 manu
1938 1552 2122 1614 vitam
2151 1569 2256 1614 ex-

179 1635 499 1709 hausisse,
534 1651 658 1712 qua
689 1643 941 1697 mortem
974 1651 1163 1712 saepe
1190 1635 1474 1698 hostibus
1504 1634 1847 1699 obtulisset.

348 1719 532 1778 XXII.
562 1718 664 1780 49.
708 1721 875 1780 Haec
906 1734 1023 1794 ego
1054 1727 1114 1778 et
1139 1721 1328 1779 multa
1355 1718 1476 1780 alia
1503 1718 1782 1792 cogitans
1810 1717 1930 1780 hoc
1953 1719 2254 1792 videbam,

182 1803 239 1864 si
263 1816 511 1861 causam
534 1801 841 1875 publicam
868 1817 1003 1860 mea
1026 1817 1191 1862 mors
1216 1800 1610 1875 peremisset,
1642 1800 1945 1862 neminem
1967 1817 2259 1876 umquam

184 1887 317 1947 iore
360 1883 465 1958 qui
505 1883 759 1944 auderet
801 1882 1121 1959 suscipere
1163 1891 1378 1944 contra
1424 1884 1741 1959 improbos
1784 1883 1952 1944 cives
2001 1886 2258 1945 salutern

182 1967 271 2030 rei
304 1966 601 2043 publicae.
684 1967 897 2040 ltaque
936 1979 1059 2026 non
1090 1967 1291 2027 solum
1327 1965 1380 2026 si
1413 1967 1474 2025 vi
1505 1965 1884 2041 interissem,
1935 1969 2047 2028 sed
2077 1966 2256 2028 etiam

181 2049 243 2112 si
282 2049 495 2110 morbo
538 2048 875 2110 exstinctus
913 2064 1149 2122 essem,
1204 2051 1336 2112 sore
1368 2050 1654 2126 putabam
1687 2059 1756 2112 ut
1789 2053 2136 2126 exemplum
2169 2051 2258 2111 rei

185 2132 468 2209 publicae
517 2132 980 2194 conservandae
1030 2147 1268 2194 mecum
1313 2133 1493 2194 simul
1531 2135 1818 2196 interiret.
1902 2135 2049 2210 Quis
2096 2134 2258 2195 enim

186 2219 471 2292 umquam
504 2232 600 2276 me
638 2233 677 2277 a
710 2224 927 2278 senatu
957 2216 1318 2292 populoque
1348 2218 1623 2278 Romano
1653 2227 1820 2280 tanto
1855 2219 2120 2279 omniurn
2146 2219 2257 2278 bo-

184 2315 403 2362 norum
427 2298 629 2361 studio
654 2315 775 2360 non
796 2299 1105 2372 restituto,
1139 2301 1308 2374 quod
1338 2310 1532 2374 certe,
1568 2302 1622 2362 si
1650 2318 1856 2364 essem
1883 2300 2258 2374 intersectuS,

187 2383 470 2444 accidere
507 2398 633 2443 non
675 2384 1005 2458 potuisset,
1056 2383 1242 2443 ullam
1279 2383 1369 2444 rei
1401 2383 1682 2461 publicae
1710 2393 1946 2461 partem
1974 2401 2112 2446 cum
2143 2401 2260 2445 sua

184 2465 430 2528 minima
462 2463 690 2526 invidia
717 2467 971 2528 auderet
1002 2467 1340 2542 attingeret
1401 2467 1656 2530 Servavi
1685 2467 1867 2544 igitur
1904 2485 2033 2529 rem
2061 2468 2258 2544 publi-

186 2566 322 2612 cam
356 2549 641 2612 discessu
681 2565 849 2624 meo,
896 2549 1163 2611 iudices=
1212 2550 1466 2612 caedem
1497 2568 1534 2611 a
1565 2552 1748 2612 vobis
1790 2551 2124 2628 liberisque
2154 2567 2257 2612 ve—

182 2634 362 2707 stris,
393 2634 769 2708 vastitatem,
803 2633 1114 2712 incendia,
1148 2634 1398 2710 rapinas
1429 2649 1565 2696 meo
1591 2635 1806 2696 dolore
1835 2637 2122 2711 luctuque
2152 2634 2257 2695 de-

184 2717 347 2794 puli,
398 2725 457 2778 et
484 2733 647 2779 unus
666 2715 766 2778 bis
786 2733 911 2778 rem
937 2716 1244 2792 publicam
1267 2717 1542 2791 servavi,
1572 2720 1761 2780 semel
1785 2719 2010 2793 gloria,
2041 2718 2258 2780 iterum

180 2815 476 2862 aerumna
497 2816 652 2862 mea.
692 2801 906 2875 Neque
931 2799 1171 2860 enimin
1195 2802 1316 2862 hoc
1338 2817 1435 2860 me
1456 2799 1764 2862 hominem
1788 2817 1932 2862 esse
1954 2802 2262 2863 infitiabor

183 2899 507 2960 umquam,
552 2890 619 2944 ut
645 2899 743 2944 me
770 2881 999 2960 optimo
1042 2885 1252 2956 fratre,
1303 2880 1638 2946 carissimis
1681 2882 1919 2960 liberiS,
1962 2884 2260 2946 fidissima

181 2967 477 3042 coniuge,
524 2974 729 3028 vestro
760 2973 1128 3041 conspectu,
1176 2966 1399 3042 patria,
1450 2965 1568 3026 hoc
1602 2966 1857 3030 honoris
1897 2969 2094 3045 gradu
2123 2969 2259 3028 sine

178 3051 399 3110 dolore
428 3049 703 3110 caruisse
732 3048 973 3126 glorier.
1037 3048 1213 3123 Quod
1242 3049 1294 3110 si
1327 3047 1644 3124 fecissem,
1681 3053 1846 3126 quod
1877 3068 1916 3112 a
1945 3069 2041 3112 me
2069 3053 2259 3112 bene·

184 3134 391 3196 ficium
418 3133 755 3206 haberetiS,
790 3148 975 3209 quum
1008 3149 1121 3208 pro
1146 3132 1324 3194 vobis
1354 3148 1457 3208 ea,
1493 3149 1652 3209 quae
1681 3133 1827 3200 mihi
1856 3143 2068 3197 essent
2096 3132 2256 3206 vilia,

180 3216 614 3293 reliquissem?
650 3217 782 3278 Hoc
812 3232 949 3278 meo
975 3215 1221 3292 quidem
1245 3218 1444 3279 animo
1471 3216 1694 3279 summi
1717 3217 1779 3279 in
1811 3217 2064 3294 patriam
2089 3231 2259 3276 amo-

183 3297 271 3360 ris
306 3301 422 3361 mei
454 3298 693 3376 signum
734 3316 876 3362 esse
911 3299 1093 3361 debet
1127 3299 1564 3376 certissimum,
1609 3302 1779 3377 quod
1813 3317 1998 3376 quum
2033 3299 2259 3360 abesse

177 3383 265 3442 ab
286 3399 363 3444 ea
380 3381 518 3444 sine
542 3399 779 3446 summo
802 3384 1016 3446 dolore
1040 3400 1161 3445 non
1188 3400 1468 3460 possem,
1499 3385 1663 3444 hunc
1688 3397 1792 3469 me
1814 3381 2050 3467 perpeti
2074 3397 2256 3461 quam
