2459 3817
884 166 1052 231 CAP.
1084 134 1256 227 1-2-3.
1292 173 1346 235 ς.
1378 173 1446 225 1—
1465 171 1558 227 -5.-
1687 169 1694 179 ·
1965 122 1980 127 ’
2133 160 2258 229 223

176 330 382 395 recto:
428 350 553 397 non
588 330 963 397 existimavit
1002 334 1103 397 sui
1142 332 1443 397 similibus
1486 330 1738 410 probari
1779 347 1971 408 posse
2005 349 2076 395 se
2113 346 2258 395 esse

179 423 427 488 hostem
456 420 709 500 patriae,
741 421 860 485 nisi
888 421 1033 483 mihi
1062 430 1228 483 esset
1249 418 1550 485 inimicus,
1637 420 1697 481 3.
1727 420 1835 481 Cui
1864 418 2035 495 prius
2066 436 2249 495 quam

180 508 268 567 de
339 507 557 569 ceteris
590 507 775 568 rebus
805 506 1189 583 respondeo,
1220 504 1300 565 de
1330 502 1622 579 amicitia,
1657 520 1836 580 quam
1865 520 1904 565 a
1933 519 2031 565 me
2059 503 2247 564 viola-

180 598 310 651 tam
364 602 509 651 esse
558 588 908 650 criminatus
958 595 1083 663 est,
1145 586 1314 663 quod
1379 602 1496 663 ego
1544 586 1974 663 gravissimum
2022 586 2251 647 crimen

181 668 429 749 iudico,
458 685 656 747 pauca
686 670 903 733 dicam.

316 754 387 814 11.
416 756 637 816 Contra
648 770 775 815 rem
792 771 965 815 suam
990 770 1093 815 me
1114 752 1326 815 nescio
1341 752 1584 835 quando
1600 752 1849 814 venisse
1866 762 2120 829 questus
2135 759 2248 817 est.

183 837 281 898 An
312 854 427 914 ego
459 854 580 899 non
612 837 878 899 venirem
904 846 1116 899 contra
1140 836 1402 897 alienum
1426 850 1538 910 pro
1569 830 1844 896 'familiari
1875 844 1936 897 et
1963 836 2250 895 necessa·

178 920 323 981 rio?
356 935 479 982 non
515 922 783 983 venirem
812 928 1025 982 contra
1046 918 1298 993 gratiam
1322 934 1444 979 non
1469 916 1704 979 virtutis
1738 934 1872 993 spe,
1901 918 2012 977 sed
2036 916 2253 977 aetatIs

180 1002 344 1065 flore
372 1005 735 1065 collectam?
771 1019 894 1064 non
928 1001 1197 1062 venirem
1222 996 1442 1063 contra'
1461 999 1770 1073 iniuriam,
1805 1015 1984 1075 quam
2015 1000 2132 1059 iste
2161 998 2250 1057 in-

184 1087 553 1147 tercessoris
578 1084 947 1161 iniquissimi
969 1082 1270 1146 beneficio
1296 1082 1566 1156 obtinuit,
1602 1100 1722 1144 non
1752 1082 1885 1144 iure
1904 1081 2256 1157 praetorio?

183 1167 315 1245 Sed
343 1166 461 1229 hoc
486 1166 717 1228 idcirco
747 1176 1280 1228 commemoratum
1321 1184 1360 1227 a
1397 1176 1456 1229 te
1485 1174 1663 1242 puto,
1694 1166 1780 1227 uti
1815 1174 1876 1227 te
1915 1165 2122 1225 infimo
2156 1168 2251 1225 or-'

185 1249 318 1311 dini
346 1250 838 1324 commendareS,
900 1266 1087 1327 quum
1121 1265 1338 1315 omnes
1385 1259 1449 1312 te
1486 1249 1956 1310 recordarentur
1993 1246 2253 1308 libertini

184 1349 481 1407 generum
512 1342 575 1395 et
607 1333 833 1394 liberos
874 1342 1014 1395 tuos
1056 1340 1312 1408 nepotes
1344 1332 1410 1407 Q.
1437 1330 1634 1404 Fauii,
1682 1332 1939 1393 libertini
1969 1330 2248 1403 hominiS,

183 1416 403 1478 fuisse.
473 1420 555 1478 At
583 1415 744 1477 enirn
778 1426 835 1479 te
862 1414 923 1477 in
946 1416 1333 1491 disciplinam
1369 1432 1565 1476 meam
1605 1414 1944 1476 tradideras
1986 1446 2068 1459 -··
2111 1430 2254 1475 nam

181 1500 269 1575 ita
298 1498 503 1561 dixisti
541 1521 651 1556 -ε
696 1500 942 1562 domum
988 1514 1187 1560 meam
1235 1498 1578 1561 ventitaras.
1632 1498 1720 1559 Ne
1755 1506 1851 1571 tu,
1893 1497 1947 1559 si
1977 1496 2042 1558 id
2074 1497 2253 1559 fecis·
2321 1567 2329 1576 „

184 1600 321 1656 sea,
358 1583 577 1645 melius
608 1584 835 1658 ramae,
870 1582 1087 1645 melius
1115 1580 1444 1658 pudicitiae
1475 1590 1614 1643 tuae
1637 1580 2079 1642 consuluisses.
2127 1580 2254 1640 Sed

184 1680 388 1739 neque
424 1665 623 1728 fecisti
654 1682 798 1739 nec,
828 1666 883 1727 si
912 1680 1207 1741 oupereS,
1237 1664 1343 1725 tibi
1371 1664 1434 1724 id
1465 1680 1573 1738 per
1601 1664 1664 1723 C.
1699 1664 2020 1738 Curionem
2051 1664 2257 1723 facere

186 1746 481 1809 licuisset.
564 1743 625 1808 4.
671 1753 1023 1822 Auguratus
1064 1745 1416 1822 petitionem
1457 1744 1602 1804 mihi
1638 1754 1698 1805 te
1737 1744 2133 1807 concessisse
2164 1744 2253 1804 di·

183 1828 348 1893 xisti.
407 1828 457 1891 0
500 1827 918 1891 incredibilem
962 1830 1312 1890 audaciam!
1355 1844 1392 1889 o
1434 1827 1866 1905 impudentiam
1895 1826 2253 1903 praedican-

186 1912 360 1973 dam!
430 1911 559 1986 Quo
597 1911 755 1973 enim
786 1921 1061 1988 tempore
1091 1928 1187 1972 me
1226 1926 1516 1986 augurem
1545 1928 1582 1970 a
1613 1918 1738 1972 toto
1770 1909 2028 1986 collegio
2065 1924 2251 1984 expe·

185 1994 357 2056 titum
386 1994 490 2057 Cn.
519 1994 847 2071 Pompeius
877 2004 937 2057 et
968 1995 1035 2070 Q.
1067 1992 1429 2055 Hortensius
1457 1992 1920 2054 nominaverunt
1971 2026 2059 2041 -
2137 2006 2255 2051 nee

187 2077 347 2139 enim
391 2078 613 2139 licebat
654 2094 693 2138 a
736 2077 1013 2152 pluribus
1056 2076 1352 2138 nominari
1383 2109 1470 2122 -—
1508 2085 1573 2138 tu
1616 2093 1729 2138 nec
1769 2075 2069 2137 solvendo
2113 2089 2254 2136 eras

155 2176 301 2222 *nec
329 2167 391 2221 te
418 2160 542 2222 ullo
572 2160 756 2221 modo
782 2160 900 2221 nisi
928 2176 1145 2221 eversa
1170 2176 1238 2219 re
1264 2158 1507 2236 publica
1538 2161 1668 2219 rore
1693 2160 2054 2221 incolumem
2078 2167 2253 2234 puta·

186 2244 319 2303 bas.
378 2243 631 2305 Poteras
662 2252 862 2305 autem
891 2259 965 2305 eo
996 2252 1272 2318 tempore
1304 2251 1663 2317 auguratum
1693 2251 1932 2318 petere,
1970 2258 2156 2318 quum
2189 2240 2248 2303 in

187 2324 357 2386 Italia
377 2327 440 2387 G.
472 2323 655 2387 Curio
680 2340 805 2385 non
834 2323 1042 2385 esset?
1082 2330 1190 2381 aut
1211 2332 1360 2391 tum,
1389 2342 1574 2397 quum
1601 2340 1669 2387 es
1696 2328 1913 2402 laetus,
1940 2342 2120 2386 unam
2149 2325 2253 2384 tri-

186 2406 331 2468 bum
362 2408 493 2469 sine
518 2407 776 2469 Curione
808 2408 966 2468 ferre
995 2406 1351 2483 potuisses?
1391 2406 1565 2469 cuius
1601 2408 1778 2469 etiam
1810 2407 2136 2469 familiares
2174 2408 2252 2469 de

186 2490 249 2550 vi
295 2490 677 2552 condemnati
718 2499 887 2563 sunt,
944 2491 1111 2565 quod
1150 2490 1237 2552 tui
1285 2490 1462 2551 nimis
1506 2490 1766 2552 studiosi
1814 2492 2092 2553 fuissent.
2151 2491 2251 2553 111.

186 2572 245 2635 5.
274 2576 353 2635 At
378 2572 680 2635 beneficio
713 2590 849 2635 sum
876 2582 979 2634 tuo
1016 2590 1187 2634 usus.
1245 2572 1422 2647 Quo?
1453 2591 1821 2650 quamquam
1854 2574 2003 2634 illud
2033 2576 2254 2650 ipsum,

190 2657 353 2729 quod
384 2672 857 2731 commemoraS,
894 2672 1143 2732 semper
1172 2672 1320 2731 prae
1354 2673 1448 2717 me
1479 2658 1604 2718 tuli.
1665 2656 1849 2717 Malui
1879 2670 1976 2715 me
2007 2656 2114 2716 tibi
2145 2656 2250 2715 de·

186 2736 331 2797 bere
360 2738 635 2799 confiteri
679 2756 863 2816 quam
904 2740 1187 2818 cuiquam
1230 2740 1429 2801 minus
1466 2740 1745 2815 prudenti
1778 2755 1899 2798 non
1931 2737 2082 2799 satis
2116 2754 2256 2815 gra·

188 2829 281 2882 tus
314 2820 525 2881 videri.
569 2821 693 2881 Sed
726 2839 847 2897 quo
877 2822 1224 2881 beneficio?
1273 2822 1446 2893 Quod
1479 2839 1574 2882 me
1603 2819 1908 2882 Brundisii
1937 2838 2058 2883 non
2089 2822 2251 2883 ocei-

189 2901 395 2964 deris'ss
450 2902 636 2976 Quem
679 2902 815 2979 ipse
846 2902 1069 2977 victor,
1117 2901 1219 2977 qui
1256 2904 1392 2976 tibi,
1437 2911 1502 2964 ut
1541 2911 1662 2965 tute
1702 2903 1946 2980 gloriari
1977 2906 2248 2978 solebas,

189 2987 481 3047 detulerat
519 3002 598 3045 ex
638 2986 975 3047 latronibus
1021 2986 1150 3045 suis
1194 2986 1629 3060 principatum,
1674 2988 1910 3048 salvum
1951 3004 2094 3049 esse
2135 3004 2243 3049 vo·

187 3068 429 3143 luisset,
460 3068 519 3129 in
554 3068 781 3129 Italiam
817 3068 905 3129 ire
937 3069 1254 3145 iussisset,
1291 3085 1434 3129 eum
1467 3078 1532 3131 tu
1561 3070 1922 3131 occideres?
1985 3071 2108 3131 Fac
2137 3088 2248 3147 po-

191 3150 393 3213 tuisse.
441 3152 739 3226 Quod'est
780 3152 976 3225 aliud,
1017 3160 1220 3227 patres
1262 3152 1622 3229 conscripti,
1666 3154 2027 3214 beneficium
2065 3155 2247 3216 latro-

190 3247 325 3294 num
366 3232 485 3296 nisi
539 3242 606 3296 ut
658 3249 1133 3296 commemorare
1191 3235 1435 3311 possint
1497 3236 1572 3297 iis
1625 3252 1696 3298 se
1735 3236 1986 3297 dedisse
2039 3234 2244 3310 vitam,

194 3314 406 3391 quibus
436 3334 559 3379 non
583 3317 967 3381 ademerint?
1009 3318 1182 3392 Quod
1206 3318 1259 3379 si
1284 3328 1451 3381 esset
1475 3318 1856 3390 beneficium,
1894 3333 2242 3396 numquam,

191 3399 283 3474 qui
366 3400 533 3461 illum
598 3402 1061 3467 interfecerunt.
1138 3420 1180 3459 a
1240 3419 1364 3477 quo
1425 3412 1600 3465 erant
1658 3404 1912 3475 servati,
1985 3420 2143 3481 quos
2186 3414 2258 3466 tu.
