2459 3817
239 108 322 171 36
573 107 717 167 PRO
762 107 925 167 SEX.
958 106 1228 166 ROSCIO
1260 92 1605 165 AMEmNo
1642 105 1941 165 ORATIO.

241 260 376 332 rint,
413 272 568 331 quae
591 255 798 316 diesin
829 257 964 330 lege
992 256 1309 330 praefinita
1332 264 1442 327 est,
1478 254 1695 315 deinde
1725 270 1831 315 cur
1851 256 2077 316 tantulo
2105 253 2277 314 veni-

245 340 415 401 erint.
505 339 670 411 Quae
724 338 923 399 omnia
974 338 1056 409 si,
1107 338 1609 411 quemadmodum
1674 338 1873 396 solent
1920 334 2118 396 liberti
2170 353 2277 397 ne-

245 418 426 497 quam
453 430 513 480 et
541 419 800 495 improbi
831 422 1046 492 facere,
1068 420 1128 478 in
1155 428 1469 493 patronum
1502 435 1675 479 suum
1697 417 1956 479 voluerit
1977 420 2275 491 conferre,

243 504 389 562 nihil
424 502 630 577 egerit.
710 504 894 563 Nemo
927 512 1020 561 est
1051 502 1208 560 enim
1240 500 1342 575 qui
1374 500 1603 561 nesciat
1630 510 1879 575 propter
1918 497 2277 574 magnitudi-

240 596 382 639 nem
396 596 594 642 rerum
607 587 794 645 multa
808 584 1049 653 multoS‚
1076 582 1108 619 *
1121 582 1151 618 *
1161 581 1192 620 *
1212 581 1426 655 partim
1442 580 1817 652 imprudente
1827 582 1889 639 L.
1908 579 2095 646 Sulla,
2110 594 2273 639 com-

238 666 504 727 misisse.
565 665 702 727 131.
776 666 976 725 Placet
1013 664 1189 738 igitur
1216 664 1277 721 10
1306 664 1401 724 1115
1434 666 1618 723 rebus
1662 663 1891 739 aliquid
1932 663 2276 738 impruden-

213 749 326 809 „tia
357 746 713 823 praeteriri?
781 748 914 807 Non
954 748 1182 823 placet,
1229 746 1495 820 iudices,
1541 746 1653 805 sed
1696 762 1954 807 necesse
2004 750 2115 807 est.
2178 746 2274 805 Et-

243 832 404 891 enim
455 830 508 891 si
554 829 822 906 Iuppiter
867 829 1128 905 optimus
1175 828 1503 903 maximuS,
1546 828 1719 889 cuius
1756 836 1907 889 nutu
1944 838 2003 890 et
2030 827 2277 889 arbitrio

243 916 504 987 caelum,
534 924 690 973 terra
713 912 1019 988 mariaque
1045 921 1356 987 reguntur,
1402 927 1590 986 saepe
1631 911 1828 972 ventis
1872 908 2273 972 vehementio-

237 994 408 1056 ribus
461 1006 562 1056 aut
601 994 1005 1055 immoderatis
1054 993 1510 1069 tempestatibus
1554 1004 1657 1067 aut
1708 992 1889 1055 nimio
1932 994 2132 1053 calore
2177 1000 2281 1053 aut

241 1078 601 1139 intolerabili
647 1077 870 1152 ‘frigore
929 1076 1273 1137 hominibus
1323 1074 1553 1149 nocuit,
1609 1077 1793 1136 urbes
1856 1076 2105 1148 delevit,
2158 1077 2278 1134 sru-

244 1178 352 1236 ges
398 1159 684 1235 perdidit:
727 1176 984 1235 quorum
1023 1159 1167 1219 nihil
1211 1156 1463 1235 pernicii
1504 1174 1690 1219 causa
1732 1158 1934 1218 divino
1992 1157 2276 1228 consili0,

245 1244 356 1303 sed
385 1242 446 1301 vi
472 1242 611 1318 ipsa
640 1251 697 1303 et
726 1241 1131 1316 magnitudine
1159 1257 1359 1301 rerum
1390 1243 1611 1302 factum
1642 1248 1950 1315 putamus,
1980 1248 2042 1301 at
2071 1248 2281 1301 contra

241 1328 564 1385 commoda
605 1324 823 1400 quibus
851 1324 1072 1384 utimur
1100 1326 1419 1398 lucemque
1450 1340 1571 1399 qua
1601 1322 1847 1383 fruimur
1882 1321 2280 1398 spiritumque

241 1423 428 1481 quem
468 1407 744 1467 ducimus
779 1406 854 1465 ab
897 1422 971 1467 eo
1015 1405 1191 1466 nobis
1242 1404 1371 1468 dari
1420 1413 1603 1480 atque
1650 1404 1940 1481 impertiri
1981 1402 2279 1476 videmus,

244 1488 394 1564 quid
421 1488 702 1547 miramur
734 1488 800 1547 L.
833 1487 1087 1560 Sullam,
1121 1504 1306 1561 quum
1338 1489 1509 1549 solus
1543 1503 1669 1546 rem
1710 1487 2011 1563 publicam
2042 1494 2282 1561 regeret

243 1572 576 1645 orbemque
601 1579 890 1630 terrarum
911 1568 1273 1645 gubernaret
1293 1568 1650 1645 imperiique
1677 1571 2069 1643 maiestatem,
2096 1586 2279 1643 quam

243 1652 425 1713 armis
454 1659 795 1727 receperat,
840 1652 1073 1725 legibus
1110 1652 1523 1725 confirmaret,
1568 1652 1771 1726 aliqua
1804 1650 2280 1711 animadvertere

244 1750 362 1797 non
395 1736 711 1811 potuisse?
739 1733 855 1794 nisi
883 1734 1002 1795 hoc
1034 1734 1245 1794 mirum
1278 1742 1400 1807 est,
1444 1735 1610 1809 quod
1651 1735 1744 1795 vis
1786 1735 1988 1794 divina
2020 1732 2279 1808 adsequi

241 1835 362 1878 000
401 1817 626 1893 possit,
660 1816 713 1878 si
745 1816 806 1877 id
833 1834 1005 1878 mens
1034 1817 1295 1883 humana
1326 1818 1549 1891 adepta
1578 1834 1699 1877 non
1729 1815 1823 1876 sit.
1868 1816 2006 1878 132.
2051 1817 2279 1876 Verum

244 1909 307 1960 ut
345 1900 497 1959 haec
539 1899 726 1959 missa
769 1899 1012 1971 faciam,
1066 1915 1223 1974 quae
1265 1898 1381 1958 iam
1427 1900 1584 1959 facta
1613 1905 1782 1970 sunt,
1834 1915 1911 1957 ex
1952 1897 2059 1969 iis,
2122 1914 2281 1973 0000

245 1998 408 2042 0000
457 1998 642 2054 quum
678 1980 939 2055 maxime
980 1982 1162 2055 fiunt,
1204 1997 1408 2042 nonne
1452 1979 1655 2055 quivis
1700 1987 1906 2055 potest
1947 1980 2279 2054 intelligere

245 2062 508 2124 omnium
537 2061 927 2123 architectum
958 2071 1018 2122 et
1051 2062 1523 2123 machinatorem
1550 2079 1735 2123 unum
1764 2079 1907 2123 0550
1938 2062 2279 2138 Chrysogo-

242 2162 414 2218 num,
447 2142 550 2219 qui
580 2143 722 2203 Sex.
752 2143 962 2207 Roscii
992 2160 1208 2204 nomen
1235 2144 1627 2205 deferendum
1664 2144 1896 2206 curavit
1945 2145 2087 2217 [hoc
2126 2143 2272 2205 iudi-

247 2227 406 2288 cium
423 2232 461 2301 ,]
493 2224 666 2287 cuius
694 2224 948 2286 honoris
976 2241 1163 2286 causa
1190 2241 1483 2285 accusare
1512 2241 1581 2286 se
1612 2226 1762 2287 dixit
1788 2227 2043 2287 Erucius
2060 2234 2090 2285 ‘l

953 2310 1176 2369 Desunt
1197 2323 1313 2367 non
1338 2324 1557 2383 pauca.

242 2390 318 2433 ²⁸*
344 2391 406 2451 in
436 2390 572 2451 vico
605 2388 907 2449 Pallacine
932 2393 962 2434 ¹¹¹
981 2388 1012 2428 *
1042 2389 1303 2450 maxime
1336 2388 1589 2451 metuit*
1614 2389 1643 2426 *
1673 2389 1733 2450 10
1762 2391 2161 2453 Veientanam
2188 2393 2217 2431 *
2249 2392 2277 2431 *

241 2492 421 2533 manu
447 2470 695 2549 praedia
714 2470 1028 2547 praediis*
1043 2472 1072 2510 *
1095 2470 1192 2531 hic
1217 2488 1331 2545 ego
1355 2471 1565 2534 audire
1590 2470 1743 2534 istos
1767 2473 1950 2549 cupio
1974 2474 2049 2515 *¹*
2072 2474 2277 2533 XLVI.

241 2562 440 2632 aptam
495 2563 555 2615 et
599 2553 834 2614 ratione
878 2552 1238 2629 dispositam
1280 2571 1349 2614 se
1388 2554 1613 2616 habere
1656 2554 2029 2630 existimant,
2072 2555 2177 2631 qui
2217 2556 2277 2616 in

244 2635 568 2699 Salentinis
602 2645 705 2697 aut
736 2636 795 2697 in
829 2636 1075 2698 Bruttiis
1105 2636 1357 2709 habent,
1387 2639 1549 2697 unde
1578 2637 1684 2697 vix
1728 2646 1819 2699 ter
1859 2638 1920 2699 in
1963 2656 2121 2699 0000
2171 2655 2276 2700 au·

241 2721 370 2781 dire
401 2720 668 2780 nuntium
710 2729 988 2793 possunt.

410 2801 548 2862 133.
607 2802 777 2861 Alter
819 2800 1269 2864 tibidescendit
1309 2802 1389 2871 de
1430 2801 1652 2877 palatio
1696 2812 1758 2865 et
1806 2803 2063 2865 aedibus
2112 2803 2274 2865 suisa

240 2884 424 2945 habet
462 2881 642 2943 animi
682 2878 1026 2947 relaxandi]
1045 2900 1232 2945 causa
1272 2901 1377 2945 rus
1407 2901 1726 2946 amoenum
1755 2896 1815 2947 et
1845 2885 2277 2960 suburbanum,

245 2968 419 3043 plura
449 2974 764 3041 praeterea
802 2965 1048 3041 praedia
1078 2983 1280 3042 neque
1307 2974 1503 3027 tamen
1536 2968 1722 3028 ullum
1750 2966 1868 3029 nisi
1898 2970 2277 3044 praeclarum

243 3058 302 3111 et
332 3048 766 3125 propinquumz
810 3049 1028 3111 domus
1068 3050 1289 3109 referta
1332 3048 1500 3110 vasis
1530 3049 1849 3113 Corinthiis
1894 3059 1956 3111 et
1982 3049 2279 3125 Deliacis,

243 3132 303 3191 in
335 3130 557 3207 quibus
590 3139 684 3191 est
711 3131 1008 3205 authepsa
1036 3129 1163 3203 illa,
1214 3148 1394 3206 quam
1426 3138 1588 3192 tanto
1634 3138 1826 3209 pretio
1884 3150 2081 3209 nuper
2120 3149 2278 3194 mer-

244 3222 415 3275 catus
447 3221 570 3287 est,
599 3221 665 3273 ut
693 3211 796 3288 qui
825 3221 1279 3289 praetereuntes
1329 3211 1477 3289 quid
1506 3231 1728 3289 praeco
1764 3224 2141 3277 enumeraret
2168 3232 2275 3276 au·

241 3296 516 3371 diebant.,
560 3295 806 3356 fundum
837 3295 1042 3357 venire
1076 3294 1520 3357 arbitrarentur.
1591 3296 1746 3371 Quid
1786 3306 2097 3373 praeterea
2138 3314 2267 3358 cae·
