2459 3817
586 146 751 207 CAP.
782 154 1047 211 33—-35,
1090 154 1139 213 S.
1168 156 1238 210 69
1251 180 1336 192 -—
1348 154 1434 210 74.
1919 141 2047 207 277

0 308 45 362 ιι
87 300 263 365 locus
306 294 459 361 etin
502 294 663 358 circo
708 307 767 359 et
807 297 869 357 in
912 300 1045 359 foro
1082 298 1329 360 daretur
1357 294 1568 359 amicis
1603 305 1666 359 et
1691 294 2053 359 tribulibus!

0 386 148 444 {aec
177 382 457 444 homines
489 382 800 442 tenuiores
819 384 1091 444 nondum
1124 383 1227 458 qui
1253 399 1327 445 ea
1350 386 1480 445 suis
1507 383 1829 447 tribulibus
1849 388 2051 442 vetere

1 466 251 528 nstituto
281 464 777 541 adsequebantur
801 466 919 504 *³⁸²*

754 549 930 610 Deest
960 564 1078 609 non
1106 550 1273 609 nihil.

0 634 219 694 (XXV.
264 630 363 696 73.
413 631 791 693 Praefectum
832 632 1065 692 fabrum
1103 630 1291 692 semel
1330 632 1532 692 locum
1563 630 1884 695 tribulibus
1923 632 2050 695 suis

0 716 264 777 ledisse.
314 714 464 791 quid
497 723 761 777 statuent
788 715 849 775 in
877 713 1046 775 viros
1078 713 1432 809 primarios,
1467 713 1573 789 qui
1600 714 1662 775 in
1695 715 1859 777 circo
1891 723 2050 777 totas

0 802 267 860 abernas
310 798 615 860 tribulium
658 814 846 860 causa
890 782 1363 873 compararunt?
1415 797 1583 857 Haec
1619 798 1822 860 omnia
1857 808 2050 860 secta-

0 900 211 957 orum,
258 884 777 979 spectaculorum,
816 881 1217 957 prandiorum
1257 880 1400 941 item
1441 878 1690 941 crimina
1728 899 1765 942 a
1793 883 2049 944 multitu-

0 966 125 1027 line
168 964 232 1025 in
273 975 433 1027 tuam
476 964 721 1025 nimiam
754 964 1153 1041 diligentiam,
1198 963 1405 1036 Servi,
1449 963 1727 1025 coniecta
1769 973 1939 1026 sunt.
1992 963 2052 1023 in

0 1049 207 1122 auibus
263 1056 463 1109 tamen
514 1049 769 1109 Murena
826 1048 903 1108 ab
966 1056 1217 1109 senatus
1275 1045 1631 1107 auctoritate
1690 1046 2052 1107 defenditur.

0 1130 142 1204 Quid
166 1130 367 1190 enim?
408 1130 670 1192 Senatus
694 1147 839 1193 num
862 1131 1103 1192 obviam
1128 1130 1376 1205 prodire
1399 1128 1625 1190 crimen
1650 1138 1859 1205 putat?
1902 1132 1950 1189 N
1955 1146 2051 1205 on,

0 1214 98 1274 §ed
125 1228 425 1273 nuncnune
461 1211 777 1275 convince.
833 1214 987 1275 Num
1020 1214 1242 1275 sectari
1269 1213 1536 1273 multos?
1574 1214 1727 1285 Non,
1763 1215 1876 1273 sed
1913 1228 2050 1272 con-

0 1312 249 1357 o‘uc‘r-os:
278 1297 459 1357 doce.
518 1298 673 1355 Num
695 1297 901 1355 locum
926 1294 1005 1353 ad
1029 1293 1434 1369 spectandum
1459 1292 1608 1351 dare
1641 1302 1747 1355 aut
1769 1293 1846 1353 ad
1869 1308 2050 1368 praua⁴

0 1377 476 1447 diuminvitare?
516 1377 781 1451 Minime,
821 1377 935 1438 sed
962 1392 1171 1439 vunco.
1237 1376 1393 1451 Quid
1425 1383 1520 1437 est
1543 1380 1778 1439 vomo?
1812 1376 2048 1439 Passim

0 1464 341 1525 universos.
400 1464 536 1523 Non
565 1462 764 1538 igitur,
798 1461 853 1521 si
880 1462 947 1523 L.
982 1462 1180 1531 Natta,
1214 1476 1454 1522 summo
1487 1466 1625 1523 loco
1659 1463 2047 1535 adolescenS,

0 1540 95 1617 qui
137 1549 199 1602 et
236 1558 359 1617 quo
390 1540 593 1602 animo
635 1540 753 1601 iam
787 1541 866 1602 sit
906 1548 967 1602 et
1008 1540 1206 1619 qualis
1237 1541 1333 1602 vir
1377 1545 1614 1604 tuturus
1650 1540 1730 1603 sit
1757 1541 2054 1616 videmus,

0 1625 51 1684 'm
89 1623 359 1698 equitum
386 1623 677 1687 centuriis
710 1623 903 1685 voluit
930 1642 1073 1686 esse
1102 1634 1163 1686 et
1201 1625 1282 1685 ad
1321 1625 1440 1685 hoc
1475 1623 1745 1686 officium
1787 1624 2056 1705 necessi—

0 1707 213 1769 tudinis
247 1716 307 1769 et
337 1709 415 1767 ad
444 1706 745 1783 reliquum
775 1716 1015 1782 tempus
1046 1707 1386 1782 gratiOSUS,
1429 1708 1493 1766 id
1535 1708 1649 1769 erit
1679 1706 1814 1767 eius
1844 1707 2057 1769 vitrico

0 1790 185 1851 iraudi
216 1800 320 1851 aut
350 1789 603 1865 crimini,
635 1806 766 1862 nec,
804 1789 859 1849 si
882 1790 1055 1865 virgo
1078 1790 1374 1863 -VestaliS,
1404 1789 1587 1851 huius
1617 1788 1966 1866 propinqua
1999 1799 2059 1851 et

0 1873 369 1945 necessaria,
403 1875 608 1933 locum
638 1890 815 1933 suum
844 1873 1268 1947 gladiatorium
1299 1871 1611 1933 concessit
1638 1870 1812 1947 huic,
1847 1890 1970 1933 non
1999 1880 2060 1935 et

0 1958 91 2017 illa
136 1956 238 2033 pie
274 1954 417 2017 fecit
456 1964 517 2015 et
556 1954 654 2015 hic
694 1971 733 2015 a
766 1956 947 2030 culpa
986 1963 1081 2015 est
1120 1964 1413 2017 remotus.
1476 1955 1690 2016 Omnia
1729 1954 1882 2017 haec
1918 1964 2061 2017 sunt

0 2038 195 2100 officia
236 2037 753 2111 necessariorum,
813 2039 1139 2101 commoda
1178 2039 1551 2115 tenuiorum,
1601 2038 1808 2101 munia
1853 2039 2056 2101 candi·

0 2125 291 2185 datorum.

157 2202 256 2268 74.
299 2206 381 2267 At
422 2205 582 2267 enim
612 2206 735 2283 agit
761 2222 999 2268 mecum
1030 2216 1274 2274 austere
1309 2217 1370 2271 et
1401 2206 1607 2271 Stoice
1639 2208 1805 2270 Cato.
1867 2208 2059 2283 Negat

0 2304 201 2350 verum
237 2305 379 2352 esse
422 2290 604 2351 adlici
646 2290 1132 2353 benevolentiam
1173 2291 1341 2353 cibo=
1393 2300 1576 2369 negat
1617 2290 1904 2354 iudicium
1948 2292 2058 2353 ho-

0 2371 215 2433 minum
266 2372 328 2434 in
377 2373 827 2451 magistratibus
878 2375 1242 2453 mandandis
1289 2374 1596 2453 corrumpi
1646 2371 2058 2451 voluptatibus

0 2465 295 2532 oportere.
362 2458 523 2537 Ergo
564 2460 645 2520 ad
729 2476 941 2521 cenam
982 2456 1294 2535 petitionis
1337 2476 1559 2533 causa,
1603 2458 1659 2519 si
1690 2458 1829 2535 quis
1857 2466 2056 2533 vocat,

0 2540 443 2604 condemnetur.
520 2540 791 2619 Quippe,
839 2542 1065 2619 inquit,
1104 2551 1169 2605 tu
1200 2540 1349 2604 mihi
1377 2560 1680 2606 summum
1721 2542 2058 2619 imperium,

0 2640 287 2686 summam
315 2627 751 2701 auctoritatem,
782 2636 847 2690 tu
880 2629 1296 2703 gubernacula
1321 2626 1413 2689 rei
1441 2627 1727 2704 publicae
1759 2634 1934 2701 petas
1968 2628 2056 2687 so-

0 2707 207 2776 vendls
236 2709 547 2785 hominum
572 2712 859 2783 sensibus
884 2720 945 2779 et
966 2708 1333 2793 deliniendis
1357 2710 1576 2777 animis
1606 2718 1667 2777 et
1695 2708 2058 2778 adhibendis

0 2800 446 2878 voluptatibus?
499 2802 711 2865 Utrum
752 2802 1150 2877 lenocinium,
1193 2802 1420 2881 inquit,
1464 2818 1501 2865 a
1543 2816 1728 2881 grege
1763 2800 2060 2866 delicatae

0 2884 317 2948 iuventutis
346 2902 422 2945 an
454 2888 619 2948 orbis
650 2894 944 2949 terrarum
976 2886 1297 2963 imperium
1325 2904 1364 2947 a
1393 2890 1627 2965 populo
1651 2890 1928 2950 Romano
1953 2904 2058 2964 pe·

0 2968 203 3029 lebas?
242 2968 563 3031 Horribilis
595 2970 819 3033 oratios
862 2972 975 3031 sed
1008 2987 1143 3031 eam
1170 2988 1357 3046 usus,
1387 2971 1540 3047 vita,
1575 2988 1810 3047 ωσι-οε,
1843 2971 2059 3033 civitas

0 3051 125 3126 ipsa
164 3052 420 3129 respuit.
502 3054 717 3129 Neque
756 3063 957 3117 tamen
1004 3054 1506 3130 Lacedaemonii,
1551 3064 1834 3118 auctores
1881 3054 2058 3117 istius

0 3133 148 3195 vitae
194 3144 382 3213 atque
432 3138 756 3211 orationiS,
810 3137 915 3214 qui
966 3137 1288 3201 cotidianis
1337 3139 1539 3213 epulis
1587 3139 1648 3200 in
1694 3138 1917 3199 robore
1957 3154 2060 3197 ac-

0 3219 295 3294 cumbunt,
329 3236 531 3297 neque
557 3237 707 3283 vero
733 3223 961 3296 CreteS,
997 3238 1258 3300 quorum
1282 3239 1462 3285 nemo
1483 3221 1751 3298 gustavit
1769 3235 2059 3297 umquam

0 3302 239 3376 cubam,
270 3303 489 3366 melius
520 3323 703 3382 quam
730 3305 990 3369 Romani
1016 3305 1317 3380 homines,
1351 3305 1458 3383 qui
1483 3314 1761 3381 tempora
1781 3304 2059 3379 volupta-

0 3380 69 3444 tis
114 3384 466 3465 laborisque
521 3388 916 3513 dispertiunt,
970 3407 1073 3451 res
1127 3387 1406 3467 publicas
1457 3404 1604 3449 suas
1653 3386 2058 3449 retinuerunt·
