2459 3817
723 610 811 695 M.
881 612 1152 697 TULLII
1222 610 1510 695 CICERO
1523 608 1657 693 le

239 766 351 850 mi
414 766 816 853 mmmm
880 768 1009 853 GN.
1067 768 1470 855 Pomm!
1525 768 1642 854 AB
1703 770 2152 865 annuus

1012 907 1378 992 oltA'no.

788 1172 1602 1237 ARGUMENTUM.

307 1290 468 1349 Quum
515 1292 572 1340 L.
621 1290 891 1351 Lucullus,
942 1295 1027 1355 qui
1074 1292 1264 1343 bellum
1308 1294 1554 1343 adversus
1601 1290 1936 1341 Mithridatem
1986 1293 2222 1359 Magnum

172 1356 314 1406 Ponti
361 1373 532 1423 regem
582 1367 774 1422 septem
809 1374 967 1409 annos
1001 1362 1224 1424 primum
1255 1360 1536 1421 consulari,
1586 1360 1703 1409 dein
1750 1361 2095 1423 proconsulari
2130 1363 2220 1411 im·

172 1426 315 1489 perio
354 1425 820 1486 administraverat,
871 1441 919 1477 a.
967 1442 1016 1476 u.
1066 1444 1109 1480 c.
1158 1426 1279 1481 687.
1334 1443 1364 1478 a
1399 1435 1577 1477 senatu
1609 1435 1872 1477 revocatus
1908 1437 2041 1477 esset
2077 1430 2222 1493 eique

171 1492 256 1541 Μ’.
293 1492 491 1541 Acilius
528 1490 731 1542 Glabrio
777 1494 926 1543 homo
970 1497 1122 1545 tantis
1156 1497 1305 1545 rebus
1341 1498 1506 1560 impar
1537 1497 1894 1555 successisset,
1941 1497 2221 1559 insequenti

172 1574 302 1609 anno
340 1561 406 1610 M.
442 1560 657 1610 Aemilio
692 1560 887 1627 Lepido
916 1561 975 1614 L.
1003 1562 1236 1613 Volcatio
1262 1563 1408 1613 Tullo
1445 1577 1580 1616 coss.
1614 1577 1661 1615 a.
1681 1578 1734 1614 u.
1755 1578 1798 1612 c.
1818 1560 1939 1617 888.
1981 1563 2035 1613 0.
2064 1564 2222 1613 Mani·

172 1628 271 1677 lius
300 1629 529 1677 tribunus
554 1628 719 1693 plebis
744 1629 909 1695 legem
949 1631 1013 1679 ad
1034 1632 1282 1696 populum
1303 1632 1448 1695 tulit,
1485 1632 1562 1681 uti
1592 1632 1702 1680 eius
1720 1630 1838 1679 belli
1855 1633 2223 1682 administratio

173 1694 260 1745 Gn.
300 1698 566 1761 Pompeio,
614 1698 701 1761 qui
736 1707 841 1748 tum
874 1697 1060 1749 bellum
1095 1700 1403 1749 maritimum
1441 1708 1614 1749 contra
1649 1697 1852 1747 Ciliciae
1887 1701 2074 1763 piratas
2108 1700 2222 1765 lege

175 1762 385 1815 Gabinia
416 1780 545 1815 anno
590 1768 853 1831 superiore
888 1768 1244 1818 demandatum
1282 1767 1587 1827 confecerat,
1635 1766 2040 1817 committeretur.
2116 1768 2223 1827 Qua

174 1830 285 1897 lege
330 1848 485 1897 quum
537 1848 637 1883 non
671 1835 836 1885 solum
888 1837 1011 1886 Asia
1054 1838 1344 1901 provincia,
1393 1837 1476 1885 cui
1523 1832 1764 1883 Lucullus
1809 1834 2124 1899 praefuerat,
2175 1847 2223 1885 et

173 1916 318 1950 omne
353 1903 463 1950 eius
498 1903 761 1966 imperium
794 1904 883 1957 On.
922 1905 1163 1969 Pompeio
1198 1904 1612 1963 committeretur,
1655 1916 1831 1951 verum
1867 1904 2016 1952 etiam
2055 1904 2223 1969 Bithy-

171 1969 272 2027 nia,
303 1970 383 2017 cui
419 1967 618 2019 Glabrio
654 1979 897 2036 praeerat,
933 1972 1113 2022 classis
1146 1974 1268 2022 item
1293 1979 1342 2021 et
1363 1985 1538 2021 omnes
1559 1971 1738 2033 copiae
1763 1971 2060 2031 maritimae,
2099 1984 2223 2033 quas

172 2036 384 2099 piratico
426 2035 555 2085 bello
602 2038 703 2086 iam
754 2041 1063 2100 obtinuerat,
1122 2038 1404 2101 multaeque
1437 2047 1695 2103 praeterea
1729 2040 2046 2102 provinciae,
2095 2054 2225 2101 quae

170 2103 282 2167 lege
304 2102 521 2153 Gabinia
540 2105 777 2168 Pompeio
806 2106 951 2155 datae
971 2122 1070 2156 nou
1089 2107 1397 2167 viderentur,
1434 2106 1673 2170 Phrygia,
1704 2105 1976 2170 Lycaonia,
2009 2104 2221 2163 Galatia,

174 2168 521 2235 Cappadocia,
554 2170 751 2231 Cilicia,
792 2172 1021 2235 Colchis,
1071 2174 1336 2232 ArmenIa,
1388 2173 1496 2222 eius
1528 2175 1766 2238 potestati
1801 2177 2222 2237 permitterentur,

172 2240 466 2303 optimates,
502 2240 655 2289 nimis
673 2242 849 2307 augeri
866 2256 989 2306 opes
1024 2249 1073 2291 et
1110 2243 1382 2306 potentiam
1413 2242 1563 2289 unius
1586 2240 1675 2294 Cn.
1698 2240 1926 2306 Pompeii
1960 2243 2080 2300 rati,
2113 2256 2221 2289 eam

173 2307 340 2372 legem
376 2310 739 2375 oppugnabant
764 2324 1036 2373 eorumque
1065 2310 1268 2359 nomine
1303 2309 1360 2367 Q.
1397 2308 1600 2357 Catulus
1635 2316 1683 2359 et
1719 2308 1778 2367 Q.
1818 2310 2109 2359 Hortensius
2142 2324 2223 2357 ro-

170 2376 424 2439 gationem
446 2376 498 2427 G.
520 2375 716 2425 Manilii
736 2377 1099 2427 dissuaserant.
1168 2378 1490 2427 Adiuvabant
1522 2384 1690 2426 tamen
1721 2376 1864 2427 multi
1887 2377 1944 2429 C.
1969 2376 2222 2426 Manilium

172 2443 466 2493 auctoritate
502 2446 654 2493 etiam
692 2444 745 2493 G.
784 2444 1010 2494 Caesaris
1047 2447 1304 2507 suasitque
1328 2446 1397 2495 Μ.
1427 2444 1616 2507 Cicera,
1655 2446 1742 2507 qui
1772 2460 1831 2494 eo
1863 2460 1992 2495 anno
2027 2452 2222 2507 praetor

170 2521 293 2570 erat,
328 2511 425 2560 hac
460 2512 572 2576 ipsa
609 2512 846 2577 oratione,
881 2528 980 2575 qua
1013 2514 1230 2577 primum
1270 2513 1406 2577 apud
1441 2512 1684 2577 populum
1721 2513 1905 2570 oravit,
1957 2512 2120 2576 legem
2161 2510 2222 2557 de

171 2576 493 2695 imperioIOu.
513 2580 736 2644 Pompeii
774 2581 1093 2646 prorogando
1126 2588 1272 2643 atque
1303 2582 1626 2645 adaugendo,
1661 2595 1788 2643 quae
1821 2580 2010 2629 cunctis
2043 2575 2221 2626 suffra-

170 2648 271 2711 giis
299 2661 364 2711 pe
408 2657 491 2695 ata
526 2655 619 2697 est.

339 2774 383 2831 1.
450 2772 507 2833 1.
596 2738 983 2849 Quamquam
1034 2772 1177 2833 mihi
1230 2790 1474 2848 semper
1520 2736 1808 2848 frequens
1857 2778 2226 2845 conspectus

176 2862 378 2915 vester
417 2856 603 2917 multo
645 2855 1151 2929 iucundissimus,
1197 2856 1296 2916 hic
1342 2865 1542 2917 autem
1582 2857 1756 2917 locus
1800 2854 1881 2913 ad
1923 2854 2228 2929 agendum

174 2936 619 3013 amplissimuS,
656 2938 735 2997 ad
768 2939 1091 3000 dicendum
1124 2938 1546 3001 ornatissimus
1581 2946 1677 2998 est
1702 2936 1906 3008 visus,
1950 2935 2227 3010 Quirites,

173 3029 373 3081 tamen
418 3018 537 3081 hoc
580 3019 746 3081 aditu
786 3020 1016 3096 laudis,
1058 3021 1162 3096 qui
1190 3036 1434 3095 semper
1460 3021 1687 3094 optimo
1719 3019 1940 3094 cuique
1971 3016 2230 3077 maxime

173 3105 382 3179 patuit,
415 3120 537 3163 non
567 3119 703 3163 mea
726 3119 823 3163 me
851 3104 1133 3164 voluntas
1162 3103 1396 3177 adhuc,
1427 3104 1541 3165 sed
1569 3103 1730 3162 vitae
1758 3116 1930 3161 meae
1960 3098 2228 3161 rationes

177 3188 254 3245 ab
283 3186 527 3248 ineunte
555 3194 751 3247 aetate
783 3194 1107 3261 susceptae
1142 3185 1594 3261 prohibuerunt.
1657 3184 1806 3243 Nam
1838 3199 2024 3256 quum
2053 3190 2230 3243 antea

176 3284 289 3342 per
328 3278 584 3331 aetatem
615 3268 880 3329 nondum
911 3266 1091 3329 huius
1127 3268 1543 3328 auctoritatem
1573 3264 1692 3328 loci
1724 3264 2016 3337 attingere
2045 3264 2226 3325 aude-
