2459 3817
691 168 856 227 cAP.
887 175 1150 229 20—23.
1193 174 1247 233 s.
1274 174 1537 230 57--64.
2116 164 2193 229 17

131 337 250 381 sare
281 321 448 381 ultro
487 328 550 379 et
582 317 735 378 citro
777 334 898 377 non
941 316 1335 392 destiterunt,
1381 317 1599 390 credo,
1650 312 1757 392 qui
1786 315 2187 393 Chrysogono

44 450 46 459 .
134 402 483 463 nuntiarent
521 416 668 461 esse
706 400 970 476 aliquem
1011 399 1074 460 in
1115 399 1359 461 civitate
1408 398 1512 475 qui
1556 408 1769 459 contra
1814 400 2189 459 voluntatem

44 484 47 495 '
130 486 246 547 eius
275 483 496 545 dicere
523 484 808 545 auderet·
839 483 1012 543 aliter
1043 498 1293 543 causam
1320 482 1419 557 agi
1440 488 1626 557 atque
1654 481 1756 542 ille
1786 480 2186 543 existimaret·

129 566 341 643 aperiri
395 567 706 627 bonorum
755 566 1151 661 emptionem.
1207 564 1423 627 vexari
1467 563 1745 640 pessime
1798 562 2182 627 societatem·

42 678 50 701 ι
129 649 374 724 gratiam
410 648 874 725 potentiamque
915 648 1050 709 eius
1081 648 1339 723 negligi·
1382 646 1620 709 iudices
1650 646 1968 721 diligenter
1994 654 2185 707 atten-

128 734 292 792 dere.
353 734 592 807 populo
630 748 758 791 rem
799 731 1108 805 indignam
1150 731 1361 791 videri.
1448 728 1549 791 61.
1592 728 1761 804 Quae
1801 728 2087 805 quoniam
2129 738 2188 789 te

127 817 498 886 fefellerunt,
525 814 741 888 Eruci,
773 813 1184 889 quoniamque
1203 814 1383 873 vides
1413 829 1596 873 versa
1622 828 1767 873 esse
1794 812 2015 885 omnia,
2045 826 2183 873 cau-

127 916 248 979 sam
279 913 396 973 pro
424 896 570 956 Sex.
591 896 822 957 Roscio
845 941 861 969 ,
891 897 945 955 si
975 914 1096 957 non
1125 898 1479 969 commode,
1508 902 1572 954 at
1596 894 1787 956 libere
1816 893 1970 967 dici,
2006 910 2187 969 quem

41 1048 48 1067 ι
129 976 260 1040 dedi
282 981 575 1056 putabas,
600 980 847 1041 defendi
868 979 1178 1055 intelligis,
1202 998 1363 1055 quos
1386 977 1723 1039 tradituros
1746 978 2069 1052 sperabas,
2092 978 2179 1037 vi-

129 1064 234 1122 des
257 1064 559 1135 iudicare,
574 1065 832 1124 restitue
843 1062 1024 1124 nobis
1046 1063 1378 1136 aliquando
1392 1068 1669 1122 veterem
1687 1069 1855 1122 tuam
1883 1058 2047 1119 illam
2062 1062 2179 1121 cal-

129 1144 418 1208 liditatem
441 1154 631 1221 atque
652 1146 1040 1222 prudentiam
1063 1153 1170 1207 aut
1177 1146 1476 1206 confitere
1496 1145 1680 1205 tehuc
1695 1160 1769 1203 ea
1781 1159 1897 1219 spe
1909 1143 2180 1213 venisse,

133 1234 295 1307 quod
339 1239 592 1307 putares
631 1232 730 1291 hic
769 1225 1148 1293 latrocinium
1163 1278 1179 1306 ,
1237 1249 1361 1293 non
1404 1231 1693 1293 iudicium
1733 1233 2017 1293 futurum.
2100 1233 2191 1292 De

131 1313 457 1390 parricidio
489 1330 679 1374 causa
710 1313 956 1375 dicitur:
990 1314 1146 1376 ratio
1181 1314 1258 1373 ab
1286 1320 1647 1375 accusatore
1674 1315 1914 1375 reddita
1940 1331 2065 1373 non
2097 1330 2193 1373 est

131 1414 312 1473 quam
361 1397 444 1457 ob
488 1412 736 1457 causam
784 1406 1017 1472 patrem
1050 1396 1212 1457 filius
1244 1396 1553 1458 occiderit.
1636 1396 1739 1459 62.
1784 1396 1963 1494 Quod
1989 1395 2053 1457 in
2082 1396 2189 1457 mi-

128 1480 306 1541 nimis
334 1478 541 1539 noxiis
569 1479 717 1539 etin
744 1480 840 1540 his
867 1480 1200 1542 levioribus
1227 1479 1501 1556 peccatis
1516 1525 1533 1554 ,
1558 1496 1717 1556 quae
1744 1480 1939 1557 magis
1976 1480 2192 1543 crebra

131 1576 194 1628 et
218 1567 342 1626 iam
371 1582 570 1642 prope
596 1564 904 1625 cotidiana
923 1570 1085 1636 sunt,
1111 1569 1174 1622 et
1197 1562 1459 1623 maxime
1484 1570 1547 1623 et
1570 1562 1827 1637 primum
1854 1563 2187 1657 quaeritur,

132 1658 289 1717 quae
321 1658 514 1703 causa
538 1642 822 1703 maleficii
859 1643 1068 1718 fuerit,
1114 1642 1179 1703 id
1213 1643 1473 1705 Erucius
1514 1643 1575 1703 in
1620 1644 1947 1719 parricidio
1980 1641 2191 1717 quaeri

133 1742 255 1785 non
303 1732 477 1800 putat
518 1733 832 1799 oportere·
886 1724 948 1785 in
991 1743 1114 1802 quo
1159 1728 1425 1798 scelere,
1472 1724 1743 1799 iudices,
1792 1724 1975 1785 etiam
2006 1740 2191 1799 quum

131 1808 356 1869 multae
387 1823 612 1869 causae
636 1807 1004 1870 convenisse
1032 1824 1220 1869 unum
1248 1808 1309 1867 in
1340 1809 1542 1868 locum
1564 1813 1753 1883 atque
1776 1806 1933 1867 inter
1954 1822 2025 1867 se
2045 1820 2191 1869 con-

133 1906 352 1966 gruere
384 1889 694 1962 videntur,
724 1898 924 1951 tamen
956 1908 1078 1952 non
1112 1899 1340 1951 temere
1371 1888 1637 1950 creditur
1666 1905 1868 1965 neque
1894 1890 2017 1951 levi
2046 1906 2189 1952 con-

133 1974 364 2034 iectura
390 1989 492 2033 res
521 1974 805 2048 penditur
831 1990 1036 2049 neque
1066 1974 1237 2033 testis
1264 1973 1533 2033 incertus
1563 1972 1807 2034 auditur
1846 1990 2049 2050 neque
2090 1991 2188 2034 ac-

137 2054 439 2117 cusatoris
460 2055 705 2131 ingenio
731 2072 834 2116 res
862 2055 1178 2117 iudicatur.
1223 2054 1419 2129 Quum
1448 2058 1633 2117 multa
1660 2066 1839 2119 antea
1862 2056 2192 2119 commissa

135 2136 459 2210 maleficia,
516 2154 702 2213 quum
740 2138 867 2199 vita
907 2138 1170 2199 hominis
1207 2138 1624 2214 perditissima
1640 2186 1656 2213 ,
1698 2149 1827 2202 tum
1864 2140 2189 2215 singularis

136 2221 391 2281 audacia
432 2222 786 2282 ostendatur
825 2215 1088 2283 necesse
1125 2230 1247 2294 est,
1288 2238 1491 2299 neque
1520 2222 1780 2283 audacia
1806 2225 2033 2295 solum,
2078 2222 2189 2281 sed

136 2319 408 2364 summus
442 2304 611 2363 furor
631 2312 817 2379 atque
845 2304 1125 2365 amentia.
1165 2305 1333 2365 Haec
1366 2323 1552 2381 quum
1581 2305 1702 2367 sint
1730 2306 1959 2379 omnia,
1986 2314 2187 2364 tamen

135 2394 376 2447 exstent
405 2393 646 2463 oportet
671 2403 970 2462 expressa
1004 2386 1257 2448 sceleris
1286 2387 1573 2464 vestigia,
1620 2388 1756 2463 ubi,
1787 2406 1909 2463 qua
1937 2388 2189 2460 ratione,

133 2484 244 2544 per
274 2483 464 2544 quoS,
511 2485 634 2544 quo
664 2478 938 2546 tempore
965 2470 1331 2531 maleficium
1358 2470 1437 2531 sit
1464 2470 1817 2547 admissum.
1859 2470 2043 2543 Quae
2072 2468 2189 2529 nisi

131 2552 317 2613 multa
339 2560 402 2612 et
421 2551 744 2613 manifesta
764 2561 933 2627 sunt,
963 2554 1239 2628 profecto
1261 2570 1363 2615 res
1386 2562 1507 2614 tam
1530 2556 1793 2614 scelesta
1807 2599 1823 2629 ,
1851 2561 1971 2614 tam
1994 2561 2188 2623 atrox,

131 2643 252 2694 tam
297 2634 531 2694 nefaria
575 2635 742 2694 credi
781 2653 904 2696 non
954 2644 1176 2710 potest.
1246 2634 1348 2697 63.
1390 2637 1613 2711 Magna
1641 2645 1738 2697 cst
1764 2636 1925 2696 enim
1953 2636 2048 2695 vis
2079 2636 2189 2695 hu—

131 2715 466 2777 manitatis=
525 2718 776 2778 multum
829 2720 992 2780 valet
1046 2718 1391 2780 communio
1444 2717 1757 2795 sanguinis
1774 2741 1790 2774 a
1856 2717 2192 2779 reclamitat

131 2798 310 2860 istius
363 2798 528 2859 modi
581 2799 1038 2873 suspicionibus
1089 2799 1226 2875 ipsa
1280 2809 1519 2862 natura=
1599 2811 1944 2876 portentum
2005 2810 2191 2877 atque

131 2890 470 2943 monstrum
516 2880 920 2943 certissimum
963 2889 1060 2943 est
1099 2898 1243 2944 esse
1281 2883 1546 2962 aliquem
1585 2885 1849 2945 humana
1891 2883 2100 2961 specie
2132 2893 2192 2944 et

130 2964 326 3039 figura
340 3010 359 3039 ,
383 2962 489 3037 qui
511 2972 736 3024 tantum
756 2963 1122 3026 immanitate
1146 2965 1379 3026 bestias
1404 2965 1641 3039 vicerit,
1670 2976 1738 3029 ut
1758 2977 2009 3044 propter
2032 2983 2189 3042 quos

133 3046 291 3106 hanc
339 3044 770 3112 suavissimam
809 3049 1008 3107 lucem
1050 3048 1389 3124 aspexerit,
1434 3066 1545 3111 eos
1588 3049 2012 3125 indignissime
2051 3051 2189 3110 lucc

132 3127 414 3201 privar-iu
457 3146 644 3203 quum
687 3128 865 3189 etiam
911 3132 1072 3189 feras
1099 3129 1427 3209 inthese
1455 3138 1664 3207 partus
1692 3142 1876 3209 atque
1907 3134 2187 3194 educatio

135 3219 192 3270 et
217 3218 438 3271 natura
467 3210 605 3285 ipsa
635 3211 932 3273 conciliet.
971 3210 1180 3273 XXIII.
1210 3212 1313 3274 64.
1342 3214 1472 3275 Non
1500 3213 1585 3276 ita
1610 3217 1813 3277 multis
1844 3223 1984 3275 ante
2010 3212 2188 3273 annis

135 3291 304 3355 aiunt
346 3293 410 3350 T.
455 3293 745 3354 Cloelium
782 3295 1105 3371 quemdam
1146 3296 1675 3369 Tarracinensem,
1718 3297 2024 3358 hominem
2064 3312 2185 3356 non

135 3375 496 3444 obscurum,
544 3393 729 3449 quum
803 3386 1056 3439 cenatus
1115 3378 1380 3440 cubitum
1418 3379 1479 3438 in
1522 3380 1682 3438 idem
1731 3380 2024 3509 {onclave
2053 3395 2184 3440 cum

207 3474 322 3518 crc.
360 3474 541 3519 omi-r.
571 3467 618 3519 L
