2459 3817
250 103 336 168 46
842 108 987 170 PRO
1012 109 1075 169 P.
1105 110 1370 171 SESTIO
1412 108 1712 172 ORATIO.

253 261 350 319 vel
400 256 765 320 adsiduitate
815 254 949 316 eius
999 257 1093 316 vel
1140 254 1546 317 sollicitudine
1592 265 1654 318 et
1689 256 1966 318 molestia
2007 255 2310 318 iudicare.

253 339 312 402 7.
365 341 548 402 Duxit
588 337 839 401 uxorem
885 347 1053 413 patre
1093 338 1233 399 vivo
1285 337 1494 412 optimi
1535 347 1595 398 et
1635 337 2139 400 calamitosissimi
2185 339 2306 401 viri

252 423 468 496 filiam,
506 423 574 482 L.
612 422 938 498 Scipionis.
994 421 1169 481 Clara
1206 419 1268 479 in
1307 420 1426 481 hoc
1451 420 1517 479 Ρ.
1547 420 1730 482 Sestii
1760 423 1956 497 pietas
1983 421 2213 483 exstitit
2241 433 2310 484 et

250 506 533 569 omnibus
574 514 772 580 grata,
821 504 987 580 quod
1028 511 1090 564 et
1113 502 1444 563 Massiliam
1487 502 1684 563 statim
1714 505 2026 578 profectus
2065 514 2190 578 est,
2235 515 2310 567 ut

237 603 536 654 socerum
578 586 787 647 videre
834 585 1264 660 consolarique
1311 593 1525 660 posset
1563 584 1848 647 fluctibus
1886 587 1976 646 rei
2017 589 2304 661 publicae

250 671 601 744 expulsum,
634 669 695 728 in
730 668 943 729 alienis
969 668 1147 730 terris
1174 667 1499 742 iacentem,
1530 684 1708 741 quem
1740 668 1801 728 in
1829 669 2121 731 maiorum
2153 688 2304 732 suo-

248 769 383 814 rum
414 749 687 826 vestigiis
715 760 876 812 stare
904 751 1254 827 oportebat,
1287 759 1348 810 et
1373 750 1453 811 ad
1481 766 1618 810 eum
1651 750 1834 811 filiam
1862 751 1994 812 eius
2023 753 2304 826 adduxit,

254 843 320 897 ut
344 835 446 895 ille
471 837 780 909 insperato
808 843 1063 909 aspectu
1093 834 1540 908 complexuque
1571 833 1627 893 si
1656 849 1778 894 non
1809 849 2066 907 omnem,
2097 843 2162 896 at
2189 837 2302 896 ali—

254 933 437 992 quam
462 924 698 991 partem
723 915 1017 976 maeroris
1050 913 1146 974 sui
1168 915 1536 989 deponeret,
1569 921 1632 974 et
1659 913 1937 974 maximis
1972 921 2298 988 praeterea

250 1012 315 1062 et
334 1000 627 1061 subsidiis
644 1006 707 1059 et
729 999 947 1060 officiis
970 1005 1031 1058 et
1051 997 1211 1057 illius
1233 1012 1606 1068 aerumnam,
1623 998 1838 1071 quoad
1853 995 2024 1066 vixit,
2051 1003 2112 1056 et
2135 995 2310 1057 filiae

254 1083 644 1144 solitudinem
668 1081 1053 1143 sustentavit.
1097 1082 1360 1142 Possum
1382 1081 1568 1140 multa
1590 1079 1798 1140 dicere
1819 1081 1899 1139 de
1920 1079 2300 1152 liberalitate,

252 1169 333 1228 de
356 1165 710 1227 domesticis
740 1164 991 1237 officiis,
1021 1165 1101 1226 de
1120 1164 1428 1225 tribunatu
1461 1163 1717 1235 militari,
1753 1164 1832 1224 de
1858 1161 2219 1238 provinciali
2239 1163 2302 1224 in

252 1267 330 1310 eo
356 1249 711 1324 magistratu
742 1248 1133 1309 abstinentia:
1170 1248 1285 1308 sed
1320 1247 1462 1306 mihi
1496 1254 1639 1306 ante
1675 1250 1891 1307 oculos
1929 1246 2300 1307 obversatur

252 1332 345 1392 rei
364 1330 649 1407 publicae
672 1329 953 1404 dignitas,
984 1345 1144 1404 quae
1164 1346 1264 1390 me
1287 1332 1366 1390 ad
1388 1346 1531 1391 sese
1554 1329 1730 1405 rapit,
1765 1330 1920 1390 haec
1942 1329 2178 1389 minora
2201 1345 2296 1390 re-

254 1416 532 1488 linquere
554 1419 848 1472 hortatur.
904 1413 963 1474 8.
989 1412 1294 1486 Quaestor
1322 1413 1418 1472 hic
1453 1415 1516 1474 C.
1545 1413 1814 1484 Antonii,
1850 1416 2128 1489 collegae
2159 1414 2298 1484 mei,

252 1495 504 1564 iudices,
530 1493 641 1554 suit
665 1503 853 1567 sorte,
876 1496 989 1555 sed
1012 1495 1309 1555 societate
1332 1495 1726 1557 consiliorum
1749 1511 1940 1556 meus.
1990 1496 2302 1572 impedior

253 1594 377 1639 non
414 1577 638 1638 nullius
672 1578 878 1649 oflicii,
911 1585 979 1638 ut
1012 1593 1130 1654 ego
1167 1578 1557 1653 interpretor,
1594 1579 1908 1655 religione,
1943 1596 2067 1654 quo
2097 1579 2300 1640 minus

253 1677 559 1737 exponam
577 1678 757 1737 quam
784 1664 969 1728 multa
980 1662 1043 1722 P.
1058 1660 1317 1730 Sestius,
1342 1679 1528 1737 quum
1552 1673 1869 1724 essetcum
1886 1664 2126 1739 collega
2139 1678 2302 1732 meo,

252 1746 531 1819 senserit,
547 1746 624 1806 ad
640 1761 738 1806 me
752 1745 1049 1819 detulerit,
1068 1752 1297 1821 quanto
1323 1753 1465 1806 ante
1474 1763 1589 1822 pro
1596 1745 1830 1807 viderit.
1866 1749 2072 1820 Atque
2086 1760 2206 1822 ego
2221 1747 2301 1806 de

253 1827 515 1892 Antonio
546 1829 688 1888 nihil
714 1827 852 1888 dico
882 1837 1121 1904 praeter
1149 1844 1364 1890 unum:
1394 1843 1722 1904 numquam
1743 1827 1906 1888 illum
1928 1827 2031 1889 illo
2060 1842 2295 1889 summo

256 1913 468 1973 timore
489 1928 561 1972 ac
583 1911 853 1987 periculo
878 1910 1135 1972 civitatis
1159 1927 1359 1986 neque
1382 1927 1758 1971 communem
1779 1919 1998 1972 metum
2033 1911 2298 1971 omnium

255 2011 367 2054 nec
413 1993 721 2068 propriam
761 2010 883 2054 non
927 1994 1226 2054 nullorum
1269 1995 1348 2053 de
1386 1993 1524 2068 ipso
1573 1993 1977 2069 suspitionem
2020 2000 2123 2053 aut
2162 1993 2296 2054 inti-

254 2075 459 2136 tiando
489 2077 699 2136 tollere
730 2084 834 2136 aut
860 2075 1298 2136 dissimulando
1329 2077 1548 2136 sedare
1570 2076 1858 2136 voluisse.
1921 2077 1987 2135 In
2020 2091 2142 2150 quo
2171 2077 2295 2137 col·

257 2158 392 2231 lega
415 2155 769 2217 sustinendo
792 2165 975 2232 atque
1002 2157 1376 2220 moderando
1401 2157 1456 2218 si
1482 2173 1675 2218 meam
1705 2157 1766 2218 in
1787 2158 1952 2218 illum
1981 2155 2268 2231 indulgen
2291 2194 2298 2200 ·

255 2240 395 2300 tiam
430 2238 809 2302 coniunctam
852 2255 986 2300 cum
1032 2257 1268 2301 summa
1307 2240 1584 2301 custodia
1613 2239 1701 2300 rei
1734 2239 2014 2316 publicae
2046 2241 2299 2304 laudare

254 2338 399 2382 vere
441 2321 759 2392 solebatis,
809 2337 920 2396 par
956 2339 1151 2398 prope
1191 2325 1324 2384 laus
1352 2322 1414 2382 P.
1449 2323 1629 2384 Sestii
1661 2338 1804 2382 esse
1829 2323 2039 2396 debet,
2083 2322 2187 2396 qui
2216 2323 2296 2381 ita

254 2420 429 2464 suum
463 2405 773 2464 consulem
799 2405 1166 2478 observavit,
1195 2413 1265 2465 ut
1291 2413 1351 2465 et
1376 2404 1462 2466 illi
1487 2414 1775 2480 quaestor
1803 2405 2000 2467 bonus
2031 2413 2091 2465 et
2117 2403 2296 2466 nobis

254 2485 534 2548 omnibus
571 2484 834 2560 optimus
863 2484 1015 2545 civis
1047 2485 1369 2550 videretur.

417 2569 519 2626 lv.
547 2566 607 2627 9.
652 2568 846 2640 Idem,
895 2585 1076 2642 quum
1108 2567 1209 2630 illa
1240 2569 1572 2631 coniuratio
1615 2585 1694 2629 ex
1721 2571 1966 2631 latebris
2000 2579 2182 2646 atque
2216 2587 2296 2632 ex

252 2649 516 2711 tenebris
537 2649 841 2725 erupisset
862 2650 1185 2726 palamque
1206 2660 1433 2712 armata
1453 2652 1746 2726 volitaret,
1775 2653 1939 2712 venit
1963 2668 2096 2713 cum
2120 2668 2296 2712 exer·

252 2730 374 2792 citu
404 2731 688 2808 Capuam,
724 2750 905 2808 quam
933 2732 1140 2794 urbem
1175 2742 1424 2810 propter
1453 2733 1741 2811 plurimas
1771 2734 1912 2796 belli
1943 2734 2294 2810 opportuni-

252 2822 407 2874 tates
430 2815 506 2874 ab
536 2817 635 2877 illa
664 2815 847 2892 impia
870 2824 930 2877 et
958 2817 1254 2878 scelerata
1285 2833 1466 2878 manu
1498 2815 1772 2890 temptari
1800 2817 2295 2893 suspicabamur:

252 2895 318 2957 C.
346 2895 753 2967 Mevulanum,
796 2896 1101 2958 tribunum
1131 2897 1383 2956 militum
1416 2897 1698 2968 Antonii,
1744 2897 1951 2972 Capua
1997 2894 2300 2971 praecipi-

251 2987 377 3040 tem
419 2979 625 3048 eiecit,
678 2978 983 3040 hominem
1023 2979 1329 3055 perditum
1378 2987 1442 3040 et
1480 2995 1601 3039 non
1650 2979 1918 3041 obscure
1958 2977 2195 3040 Pisauri
2236 2985 2302 3039 et

253 3063 316 3124 in
347 3062 481 3123 aliis
524 3060 654 3137 agri
686 3061 894 3123 Gallici
936 3062 1210 3138 partibus
1252 3062 1310 3122 in
1354 3062 1457 3124 illa
1488 3062 1908 3124 coniuratione
1954 3070 2296 3124 versatum:

251 3146 539 3221 idemque
566 3146 628 3204 C.
652 3144 1025 3219 Marcellum,
1051 3161 1238 3221 quum
1262 3144 1315 3207 is
1340 3162 1461 3206 non
1481 3148 1747 3222 Capuam
1772 3149 1972 3208 solum
1999 3145 2296 3216 venisset,

254 3245 469 3290 verum
500 3229 681 3290 etiam
712 3243 784 3288 se
808 3229 982 3303 quasi
1011 3245 1316 3290 armorum
1340 3230 1544 3291 studio
1576 3229 1635 3290 in
1667 3230 1987 3291 maximam
2013 3229 2296 3289 familiam

257 3313 653 3382 coniecisset,
699 3311 1221 3372 exterminandum
1268 3327 1346 3372 ex
1385 3312 1488 3374 illa
1529 3314 1680 3374 urbe
1713 3312 1966 3376 curavit.
2057 3314 2183 3390 Qua
2214 3311 2296 3370 de
