2459 3817
190 0 2439 63 ἡ

756 186 918 245 CAP.
950 194 1209 247 42—45.
1256 192 1307 253 s.
1342 194 1441 247 122
1462 218 1527 227 —-
1551 195 1667 248 130.
2156 164 2273 239 35·

183 334 308 395 otio
355 334 600 396 rediens
653 349 690 393 a
734 350 883 395 cena
902 338 1136 397 Romae
1169 336 1415 397 occisus
1446 346 1558 397 est.
1618 337 1685 398 Si
1713 340 1864 412 lege,
1897 338 2060 398 bona
2084 358 2233 413 quo·

185 434 307 491 que
343 420 478 493 lege
513 418 757 478 venisse
803 420 1025 491 fateor3
1083 418 1176 478 sin
1221 428 1423 479 autem
1478 429 1721 482 constat
1774 428 1985 481 contra
2022 438 2233 483 omnes

181 518 307 560 non
338 501 520 561 modo
549 509 788 561 veteres
816 502 1016 577 legeS,
1061 518 1276 563 verum
1314 502 1493 562 etiam
1537 518 1733 563 novas
1769 504 2041 565 occisum
2071 520 2231 578 esse,

182 584 348 643 bona
378 599 500 658 quo
524 582 654 643 iure
684 592 788 643 aut
817 601 938 658 quo
967 586 1150 645 modo
1183 594 1288 645 aut
1315 602 1437 660 qua
1468 586 1603 660 lege
1642 585 1941 646 venierint
1982 602 2234 661 quaero.

179 666 388 726 XLIV.
421 664 560 728 127.
604 667 672 726 In
711 682 893 742 quem
924 668 1042 728 hoc
1063 666 1263 729 dicam
1285 666 1547 742 quaeris,
1582 668 1806 728 Eruci?
1834 670 1968 729 Non
1991 668 2053 728 in
2077 686 2235 744 eum,

183 764 366 825 quem
399 749 490 808 vis
520 758 581 809 et
609 757 808 825 putas.
893 750 1045 810 Nam
1076 749 1307 811 Sullam
1346 759 1407 811 et
1433 750 1627 811 oratio
1667 768 1804 811 mea
1843 752 1919 811 ab
1960 751 2129 812 initio
2174 760 2235 813 et

181 832 381 909 ipsius
411 832 632 893 eximia
662 832 854 893 virtus
890 832 1052 894 omni
1083 840 1360 908 ternpore
1387 833 1688 908 purgavit.
1762 834 1893 909 Ego
1922 834 2075 895 haec
2106 850 2224 895 om-

179 914 285 975 nia
318 914 784 993 Chrysogonum
818 916 1041 977 secisse
1073 916 1232 989 dico,
1261 924 1329 976 ut
1356 916 1773 989 ementiretur,
1804 926 1870 977 ut
1897 919 2121 978 malum
2151 916 2233 977 ci·

178 1014 322 1059 vem
348 998 640 1059 Roscium
670 999 863 1059 fuisse
891 999 1175 1074 fingeret,
1205 1007 1272 1060 ut
1299 1016 1437 1059 eum
1463 1000 1629 1073 apud
1657 999 2048 1060 adversarios
2072 998 2235 1060 occi-

181 1098 320 1145 sum
352 1098 494 1142 esse
541 1081 796 1155 diceret,
846 1087 912 1143 ut
965 1081 1062 1140 his
1118 1084 1200 1140 de
1257 1082 1443 1143 rebus
1483 1098 1521 1141 a
1558 1082 1774 1157 legatis
1808 1082 2233 1143 Amerinorum

180 1164 392 1237 doceri
418 1164 486 1223 L.
531 1164 756 1225 Sullam
790 1182 1020 1240 passus
1061 1181 1182 1225 non
1225 1164 1322 1225 sit.
1412 1164 1689 1240 Denique
1730 1164 1909 1224 etiam
1949 1164 2097 1224 illud
2136 1182 2235 1224 su·

177 1248 424 1323 spicor,
457 1247 702 1307 omnino
729 1247 882 1307 haec
927 1249 1090 1308 bona
1118 1264 1243 1307 non
1274 1249 1549 1308 venisse=
1587 1248 1649 1307 id
1682 1242 1850 1322 qtiod
1891 1254 2136 1323 postea,
2182 1245 2236 1308 si

177 1347 299 1407 per
334 1346 476 1402 vos,
509 1330 776 1403 iudices,
806 1329 1033 1390 licitum
1061 1329 1192 1402 erit,
1223 1330 1547 1405 aperietur.
1605 1328 1745 1392 128.
1815 1330 2045 1405 Opinor
2075 1330 2235 1389 enim

176 1430 326 1475 esse
353 1412 414 1473 in
446 1414 612 1487 lege,
655 1428 836 1488 quam
874 1414 954 1473 ad
999 1412 1158 1473 diem
1197 1413 1680 1490 proscriptiones
1729 1412 2237 1488 venditionesque

177 1498 356 1557 fiant:
427 1497 750 1569 [nImirum]
803 1512 1117 1557 KALENDAS
1147 1512 1371 1557 rums.
1444 1496 1697 1573 Aliquot
1723 1505 1867 1573 post
1896 1513 2144 1559 menses
2176 1504 2233 1558 et

101 1624 107 1629 .
175 1580 361 1640 homo
405 1579 648 1640 occisus
689 1588 786 1640 est
826 1588 886 1641 et
927 1582 1090 1641 bona
1129 1579 1379 1641 venisse
1420 1579 1717 1641 dicuntur.
1803 1580 2082 1641 Profecto
2130 1586 2237 1641 aut

178 1662 332 1723 haec
365 1662 528 1723 bona
555 1662 615 1722 in
638 1662 876 1723 tabulas
898 1662 1177 1738 publicas
1205 1664 1372 1722 nulla
1397 1663 1709 1724 redierunt
1737 1678 1977 1737 nosque
2006 1664 2083 1723 ab
2114 1662 2231 1722 isto

175 1746 486 1806 nebulone
521 1746 774 1806 facetius
799 1746 1100 1806 eludimur
1131 1762 1313 1821 quam
1340 1751 1641 1820 putamuS‚
1674 1754 1797 1816 aut,
1830 1745 1885 1803 si
1906 1745 2232 1817 redierunt,

180 1829 420 1887 tabulae
467 1828 745 1903 publicae
786 1837 1111 1903 corruptae
1154 1828 1360 1901 aliqua
1396 1826 1631 1886 ratione
1679 1834 1838 1886 sunt.
1906 1828 2056 1885 Nam
2100 1828 2235 1901 lege

182 1909 428 1985 quidem
456 1909 620 1971 bona
648 1909 859 1969 venire
888 1926 1009 1969 non
1038 1907 1321 1983 potuisse
1350 1916 1609 1970 constat.
1664 1907 1936 1983 Intelligo
1970 1926 2066 1969 me
2096 1919 2237 1969 ante

180 2001 456 2067 tempuS‚
485 1990 755 2063 iudiceS‚
789 1991 943 2051 haec
971 1990 1227 2051 scrutari
1268 1999 1328 2050 et
1353 1993 1795 2065 propemodum
1832 2009 2065 2068 errare,
2100 1992 2233 2067 qui,

179 2091 370 2151 quum
402 2072 586 2148 capiti
627 2072 770 2132 Sex.
801 2072 1011 2133 Roscii
1049 2071 1282 2133 mederi
1326 2074 1611 2147 debeam,
1651 2075 1967 2136 reduviam
2008 2092 2233 2137 curem.

177 2160 316 2217 Non
349 2156 505 2216 enim
539 2156 773 2217 laborat
800 2156 877 2216 de
907 2156 1196 2231 pecunia:
1240 2173 1360 2217 non
1391 2156 1570 2218 ullius
1603 2157 1897 2219 rationem
1934 2160 2029 2221 sui
2069 2176 2226 2220 com-

177 2238 348 2301 modi
386 2238 581 2300 ducit:
619 2238 794 2299 facile
827 2247 1161 2315 egestatem
1190 2256 1363 2300 suam
1392 2257 1462 2301 se
1497 2242 1753 2301 laturum
1786 2250 1984 2317 putat,
2028 2243 2081 2303 si
2119 2241 2235 2301 hac

179 2322 428 2398 Indigna
451 2320 805 2397 suspicione
829 2330 888 2383 et
910 2322 1052 2383 ficto
1077 2320 1326 2384 crimine
1349 2322 1637 2383 liberatus
1664 2324 1759 2384 sit.
1815 2323 1952 2385 129.
2001 2326 2234 2384 Verum

181 2421 418 2480 quaeso
448 2422 484 2465 a
511 2404 722 2477 vobiS,
772 2404 1041 2476 iudiceS,
1089 2413 1154 2466 ut
1191 2406 1345 2467 haec
1386 2422 1612 2481 pauca,
1655 2422 1815 2481 quae
1846 2414 2103 2478 restant,
2152 2404 2233 2467 ita

179 2487 471 2559 audiatiS,
513 2495 580 2548 ut
610 2487 824 2563 partim
852 2504 948 2547 me
988 2488 1193 2549 dicere
1236 2506 1345 2563 pro
1388 2505 1486 2548 me
1533 2488 1670 2564 ipso
1715 2486 1972 2565 putetiS,
2018 2488 2234 2564 partim

178 2586 295 2647 pro
327 2570 468 2631 Sex.
500 2569 750 2631 Roscio.
807 2570 974 2645 Quae
1005 2570 1162 2631 enim
1195 2570 1763 2651 mihi[ipsi]indigna
1794 2580 1853 2633 et
1889 2571 2230 2633 intolerabi-

177 2652 262 2713 lia
307 2652 586 2714 videntur
628 2670 914 2729 quaeque
952 2654 1033 2713 ad
1075 2670 1318 2727 omnes,
1358 2652 1477 2713 nisi
1517 2654 1940 2729 providemuS,
1980 2656 2235 2715 arbitror

179 2734 503 2813 pertinere,
534 2752 609 2796 ea
630 2753 740 2811 pro
772 2752 868 2796 me
890 2736 1030 2810 ipso
1060 2752 1140 2795 ex
1168 2736 1352 2796 animi
1382 2735 1499 2795 mei
1529 2752 1717 2797 sensu
1745 2754 1818 2798 ac
1847 2738 2059 2798 dolore
2094 2754 2229 2813 pro·

179 2818 423 2885 nuntio:
494 2834 653 2895 quae
691 2819 771 2878 ad
811 2817 992 2878 huius
1038 2818 1199 2879 vitae
1229 2835 1440 2879 casum
1482 2834 1853 2895 causamque
1896 2820 2233 2896 pertineant

179 2912 240 2963 et
272 2901 418 2977 quid
451 2900 548 2962 hic
578 2918 689 2976 pro
725 2917 796 2962 se
825 2900 947 2960 dici
977 2901 1124 2961 velit
1149 2910 1210 2963 et
1239 2918 1361 2977 qua
1390 2900 1753 2963 condicione
1792 2912 2113 2965 contentus
2158 2901 2235 2963 sit

177 2985 300 3045 iam
347 2984 407 3044 in
456 2992 727 3045 extrema
778 2982 1052 3044 oratione
1103 2992 1341 3057 nostra,
1386 2982 1654 3059 iudices,
1700 2984 1981 3048 audietis.
2054 2986 2233 3047 XLV.

181 3067 322 3130 130.
393 3068 522 3142 Ego
563 3066 718 3127 haec
761 3083 798 3127 a
846 3066 1280 3145 Chrysogono,
1332 3082 1469 3127 mea
1507 3076 1757 3142 sponte,
1813 3078 2045 3132 remoto
2090 3068 2235 3127 Sex,

178 3149 442 3223 Roscio,
478 3166 738 3225 quaero=
768 3147 1028 3225 primum
1060 3166 1249 3225 quare
1280 3148 1433 3211 civis
1477 3149 1686 3226 optimi
1714 3153 1878 3213 bona
1918 3148 2235 3221 venierint,

179 3232 406 3295 deinde
432 3249 619 3307 quare
633 3231 892 3294 hominis
910 3232 1062 3303 eiuS‚
1082 3232 1187 3307 qui
1215 3246 1403 3309 neque
1418 3239 1794 3310 proscriptus
1842 3248 2044 3309 neque
2070 3229 2237 3305 apud

177 3314 574 3379 adversarios
605 3314 850 3377 occisus
882 3323 1006 3387 est,
1034 3314 1199 3375 bona
1225 3315 1545 3389 venierint,
1593 3334 1778 3390 quum
1816 3317 1879 3376 in
1915 3332 2025 3375 eos
2067 3312 2237 3374 solos

178 3406 280 3465 lex
316 3404 544 3479 scripta
573 3400 680 3474 sit,
718 3396 940 3458 deinde
968 3413 1154 3472 quare
1183 3396 1493 3471 aliquanto
1523 3404 1665 3471 post
1686 3414 1821 3457 eam
1851 3398 2009 3457 diem
2031 3392 2235 3457 venie—

1836 3473 1939 3547 3*
