2459 3817
843 242 1002 300 CAP.
1035 248 1220 301 1--3.
1252 244 1303 305 s.
1336 246 1519 301 1-7,
2138 232 2219 295 65

179 398 344 451 sent=
388 403 570 449 unum
596 386 905 463 Cupidinis
936 402 1333 447 marmoreum
1362 386 1658 447 Praxiteli.
1718 386 2001 446 Nimirum
2032 385 2213 445 didici

175 472 385 539 etiam,
416 472 559 530 dum
595 470 652 529 in
683 470 860 529 istum
889 470 1158 545 inquire,
1187 470 1482 528 artificum
1512 468 1775 527 nomina.
1839 470 2038 541 Idem,
2082 469 2211 542 opi·

178 570 319 625 nor,
369 552 584 612 artifex
631 552 903 612 eiusdem
941 552 1106 611 modi
1157 551 1512 624 Cupidinem
1547 550 1689 610 fecit
1726 550 1919 621 illum,
1974 550 2077 625 qui
2118 558 2212 611 est

173 633 473 707 ThespiiS,
505 641 752 708 propter
785 650 966 707 quem
999 632 1297 705 Thespiae
1324 633 1628 692 visuntur.
1661 648 1796 691 nam
1826 632 1943 691 alia
1974 632 2210 693 visendi

174 732 364 776 causa
395 717 558 774 nulla
591 724 701 775 est.
767 718 969 789 Atque
996 715 1095 774 ille
1123 715 1188 772 L.
1218 714 1567 786 MummiuS,
1602 732 1785 788 quum
1814 715 2207 789 ThespiadaS,

176 813 338 872 quae
366 798 445 856 ad
475 778 686 856 aedem
714 796 1038 857 Felicitatis
1083 804 1249 867 sunt,
1296 805 1658 878 caeteraque
1690 798 1943 870 prolana
1988 812 2067 856 ex
2108 797 2209 856 illo

177 878 409 953 oppido
453 880 626 951 signa
663 880 925 949 tolleret,
967 878 1128 939 hunc
1167 894 1561 937 marmoreum
1612 878 1993 951 Cupidinem,
2044 878 2209 951 quod

173 970 303 1021 erat
359 969 781 1031 conseeratuS,
837 976 958 1020 non
1011 958 1216 1034 attigit.
1280 960 1377 1018 111.
1438 958 1496 1020 5.
1562 962 1785 1019 Verum
1834 968 1900 1019 ut
1948 961 2027 1019 ad
2066 959 2209 1018 illud

177 1041 508 1102 sacrarium
541 1042 810 1114 redeam,
855 1040 1094 1116 signum
1125 1050 1253 1101 erat
1292 1042 1439 1113 hoc,
1490 1042 1655 1116 quod
1685 1041 1853 1111 dico,
1899 1040 2209 1115 Cupidinis

175 1140 211 1184 c
241 1138 572 1182 marmore:
607 1140 686 1181 ex
713 1125 900 1183 altera
929 1133 1098 1197 parte
1120 1124 1430 1195 HerculcS,
1462 1122 1704 1197 egregie
1734 1124 1925 1183 sactus
1950 1138 2027 1181 ex
2050 1136 2209 1180 aere.

175 1207 236 1264 Is
279 1204 592 1264 dicebatur
634 1222 774 1263 esse
802 1206 1104 1281 MyroniS,
1157 1213 1222 1263 ιιι
1263 1204 1510 1280 opinor„
1553 1214 1612 1265 et
1654 1213 1834 1265 certe.
1898 1206 2043 1264 Item
2072 1210 2211 1262 ante

175 1287 294 1345 hos
339 1286 492 1352 deos
535 1294 706 1343 erant
749 1287 984 1359 arulae,
1027 1301 1184 1359 quac
1215 1286 1407 1345 cuivis
1442 1286 1793 1358 religionem
1838 1284 2087 1345 sacrarii
2130 1284 2210 1344 si·

173 1366 470 1443 gnificare
525 1375 799 1439 possent.
865 1366 1050 1427 Erant
1091 1370 1281 1425 aenea
1322 1367 1443 1426 duo
1485 1374 1795 1440 praeterea
1836 1368 2040 1441 signa,
2088 1382 2206 1425 non

175 1448 456 1519 maxima,
498 1462 705 1507 verum
733 1448 951 1507 eximia
981 1456 1321 1518 venustate,
1368 1448 1638 1523 virginali
1667 1450 1870 1510 habitu
1900 1460 2081 1523 atque
2109 1466 2210 1507 ve-

177 1531 346 1601 stitu,
383 1544 542 1603 quae
569 1528 846 1589 manibus
877 1530 1126 1590 sublatis
1157 1546 1330 1589 sacra
1363 1532 1657 1605 quaedam
1688 1547 1855 1592 more
1886 1532 2209 1592 Athenien·

177 1612 332 1671 sium
370 1610 665 1685 virginum
695 1610 962 1685 reposita
1001 1612 1061 1671 in
1097 1612 1391 1686 capitibus
1434 1612 1829 1674 sustinebant.
1900 1614 2209 1687 Canepho—

176 1710 286 1754 roe
313 1692 488 1767 ipsae
525 1692 911 1753 vocabantur.
976 1694 1101 1754 Sed
1131 1710 1334 1753 earum
1374 1695 1691 1767 artificem,
1740 1703 1963 1770 quem?
2004 1710 2210 1769 quem-

179 1782 360 1835 nam?
417 1774 606 1835 Recte
626 1776 937 1849 admones,
965 1775 1320 1852 Polyclitum
1350 1792 1491 1835 esse
1515 1777 1812 1836 dicebant.
1865 1776 2209 1835 Messanam

179 1856 534 1931 utquisque
569 1864 840 1917 nostrum
871 1865 1146 1928 venerat,
1190 1857 1342 1917 haec
1385 1856 1583 1917 visere
1626 1858 1887 1917 solebam
1934 1857 2211 1916 omnibus

176 1940 334 1999 haec
363 1940 440 1997 ad
469 1939 789 1999 visendum
819 1939 1102 2012 patebant
1132 1938 1382 1999 cotidie=
1414 1940 1631 1998 domus
1662 1946 1790 1998 erat
1816 1954 1935 1999 non
1968 1938 2211 1999 domino

178 2022 374 2095 magis
404 2028 752 2079 ornamento
785 2035 962 2094 quam
999 2020 1242 2080 civitati.
1280 2020 1339 2081 6.
1382 2019 1443 2079 G.
1470 2019 1773 2092 ClaudiuS,
1805 2022 1976 2081 cuius
2004 2020 2211 2081 aedili·

180 2111 366 2163 tatem
393 2100 1040 2174 magnificentissimam
1071 2100 1297 2161 scimus
1331 2100 1550 2174 fuisse,
1582 2118 1731 2162 usus
1760 2111 1853 2163 est
1882 2104 1999 2163 hoc
2033 2102 2211 2176 Cupi·

59 2251 67 2259 ,
176 2184 330 2243 dine
370 2189 486 2242 tam
535 2182 665 2255 diu,
699 2183 840 2243 dum
886 2184 1081 2243 forum
1125 2182 1220 2243 dis
1250 2182 1680 2245 immortalibus
1709 2186 2062 2259 populoque
2090 2186 2210 2245 Ro-

178 2280 364 2325 mano
413 2264 614 2325 habuit
670 2275 977 2325 ornamina
1033 2274 1118 2336 et,
1181 2281 1365 2339 quum
1414 2265 1644 2340 hospes
1692 2275 1858 2327 esset
1906 2268 2209 2339 Heiorum,

175 2345 518 2407 Mamertini
546 2355 746 2417 autem
777 2348 986 2422 populi
1016 2353 1335 2421 patronus,
1384 2356 1451 2407 ut
1477 2347 1593 2407 illis
1621 2346 1899 2422 benignis
1928 2364 2079 2407 usus
2120 2355 2213 2407 est

177 2430 261 2490 ad
302 2429 834 2500 commodandum,
883 2427 973 2487 sic
1009 2429 1144 2503 ipse
1175 2428 1433 2503 diligens
1487 2430 1596 2489 mit
1636 2431 1713 2488 ad
1762 2430 2210 2503 reportandum.

177 2511 386 2585 Nuper
414 2509 690 2570 homines
720 2507 954 2570 nobiles
983 2510 1114 2571 eius
1143 2510 1335 2582 modi,
1369 2510 1629 2583 iudiceS,
1673 2518 1731 2571 et
1764 2512 1907 2586 quid
1936 2510 2074 2572 dico
2106 2528 2213 2571 nu-

177 2599 336 2667 per?
361 2591 541 2651 immo
575 2607 719 2652 vcro
749 2593 932 2652 modo
963 2608 1036 2653 ac
1063 2594 1244 2667 plane
1274 2594 1476 2665 paullo
1505 2600 1643 2653 ante
1674 2592 1959 2665 vidimuS,
1991 2592 2093 2669 qui
2126 2595 2213 2655 fo·

176 2690 313 2733 rum
347 2682 408 2733 et
432 2672 716 2733 basilicas
745 2688 865 2734 non
914 2674 1126 2747 spoliis
1175 2674 1647 2748 provinciarum,
1699 2676 1811 2735 sed
1852 2676 2213 2738 ornamentis

176 2754 542 2825 amicorum,
573 2752 907 2815 commodis
937 2756 1272 2830 hospitum,
1314 2772 1435 2816 nou
1466 2756 1639 2816 furtis
1669 2758 2009 2818 nocentium
2040 2775 2213 2818 orna·

177 2846 346 2897 rent=
389 2836 494 2910 qui
532 2842 727 2895 tamen
774 2836 949 2911 signa
990 2846 1172 2911 atquc
1221 2847 1568 2898 ornamenta
1612 2854 1725 2899 sua
1754 2839 1973 2913 cuique
1999 2841 2213 2899 redde·

179 2920 356 2987 bant,
391 2932 511 2977 non
541 2918 738 2977 ablata
769 2934 848 2978 ex
879 2917 1130 2980 urbibus
1153 2918 1456 2981 sociorum
1484 2928 1666 2993 atque
1686 2919 2033 2992 amicorum,
2068 2936 2213 2996 qua-

181 2996 384 3059 dridui
415 3014 629 3069 causa,
682 3015 792 3072 per
837 2998 1275 3068 simulationem
1326 3000 1676 3073 aedilitatiS,
1720 3001 1965 3062 domum
1995 3002 2215 3062 deinde

183 3090 370 3153 atque
401 3080 480 3139 ad
510 3094 655 3140 suas
691 3080 864 3141 villas
891 3083 1259 3142 auferebant.
1321 3080 1379 3141 7.
1434 3085 1597 3144 Haec
1627 3082 1846 3153 omnia,
1884 3098 2042 3158 quae
2070 3082 2214 3153 dixi,

181 3162 388 3236 signa,
431 3160 694 3233 iudices,
720 3163 813 3221 -ab
859 3164 1010 3223 Heio
1045 3182 1080 3224 e
1109 3166 1374 3226 sacrario
1404 3166 1628 3226 Verres
1656 3163 1927 3225 abstulit·
1973 3165 2213 3235 nullum,

183 3243 466 3317 inquam,
509 3243 721 3302 horum
761 3243 1003 3319 reliquit
1043 3263 1241 3321 neque
1290 3246 1452 3307 aliud
1500 3249 1680 3307 ullum
1730 3256 1927 3307 tamen
1978 3253 2217 3317 praeter

185 3342 368 3386 unum
401 3340 550 3399 pert
552 3332 686 3385 etus
726 3325 1020 3400 ligneum,
1059 3330 1287 3389 Bonam
1302 3330 1630 3408 Fortunam,
1663 3337 1729 3387 ut
1765 3326 1999 3401 opinor.
2073 3324 2217 3382 Eam

185 3408 302 3468 iste
332 3406 560 3465 habere
593 3407 756 3467 domi
787 3424 936 3467 suae
967 3409 1174 3469 noluit.

293 3500 412 3544 010.
452 3501 634 3544 onAT.
671 3490 712 3545 Ι.
1734 3488 1773 3547 5
