2459 3817
760 77 925 159 CAP.
955 85 1180 139 9—12.
1224 84 1276 142 s.
1310 86 1571 139 26—33.
2154 74 2195 135 9

310 228 413 287 XI.
459 225 613 300 Quid
652 224 907 301 primum
951 232 1210 300 querar?
1262 234 1365 286 aut
1391 226 1553 287 unde
1587 225 2003 300 potissimum,
2035 224 2187 285 iudi·

126 325 278 379 ceS,
327 308 572 369 ordiar?
613 315 716 368 aut
756 308 922 381 quod
950 316 1054 368 aut
1083 323 1120 365 a
1149 306 1370 381 quibus
1404 306 1693 369 auxilium
1720 314 1965 382 petam?
2028 308 2185 367 Deo·

121 406 357 451 rumne
422 388 872 462 immortalium,
951 388 1242 463 populine
1292 390 1580 462 Romani,
1645 398 2019 462 vestramne,
2082 387 2182 463 qui

123 489 444 532 summam
477 479 842 547 potestatem
870 469 1105 530 habetis
1122 516 1138 543 ,
1165 471 1285 530 hoc
1316 480 1590 545 tempore
1616 471 1799 531 fidem
1827 470 2187 544 implorem?

117 554 236 615 30.
283 554 462 614 Pater
488 552 731 613 occisus
766 552 1024 626 nefarie,
1059 552 1278 612 domus
1310 554 1569 613 obsessa
1594 553 1672 612 ab
1700 551 1990 625 inimiciS,
2021 553 2187 612 bona

119 638 458 710 adempta,
499 650 826 710 possessa,
871 633 1132 707 direpta,
1179 634 1287 693 filii
1329 635 1455 693 vita
1497 635 1745 709 infesta,
1790 650 1979 708 saepe
2024 635 2185 694 ferro

117 726 327 792 atque
381 716 618 778 insidiis
665 715 952 790 appetita.
1036 715 1186 787 Quid
1242 716 1319 775 ab
1371 716 1468 775 his
1524 724 1611 776 tot
1648 715 1962 777 maleficiis
1992 718 2184 777 scele-

111 800 216 859 ris
273 801 499 859 abesse
549 799 832 857 videtur?
907 798 1128 856 Tamen
1183 798 1337 857 haec
1384 797 1519 856 aliis
1580 797 1827 859 nefariis
1880 797 2187 858 cumulant

113 892 325 955 atque
367 881 698 955 adaugent,
755 878 979 939 crimen
1036 878 1389 938 incredibile
1442 879 1823 955 confingunt,
1878 887 2067 940 testes
2119 878 2183 939 in

109 964 302 1024 hunc
344 972 403 1023 et
431 968 822 1022 accusatores
862 960 1116 1020 huiusce
1145 961 1405 1035 pecunia
1432 969 1811 1035 comparant=
1854 961 2011 1022 hanc
2040 977 2183 1021 con-

112 1045 444 1105 dicionem
501 1043 721 1104 misero
777 1044 975 1103 ferunt
999 1088 1014 1114 ,
1069 1052 1134 1103 ut
1189 1052 1395 1117 optet,
1451 1051 1648 1103 utrum
1699 1044 1865 1103 malit
1911 1042 2185 1103 cervices

105 1126 370 1188 Roscio
421 1126 568 1185 dare
619 1142 692 1184 an
748 1125 986 1185 insutus
1026 1124 1090 1183 in
1142 1125 1379 1186 culeum
1414 1141 1527 1199 per
1564 1141 1863 1185 summum
1913 1125 2182 1185 dedecus

105 1210 328 1269 vitam
368 1209 658 1267 amittere.
741 1206 1039 1266 Patronos
1091 1205 1232 1266 huic
1274 1208 1589 1267 defuturos
1632 1214 2022 1281 putaverunt:
2078 1208 2182 1265 de·

107 1298 312 1351 sume
383 1288 488 1363 qui
533 1288 721 1349 libere
762 1288 949 1358 dicat,
996 1286 1098 1361 qui
1123 1302 1278 1347 -cum
1319 1289 1443 1349 fide
1472 1290 1789 1361 defendat,
1833 1287 1896 1348 id
1927 1288 2095 1363 quod
2122 1286 2183 1345 in

106 1375 251 1432 hac
275 1387 464 1431 causa
485 1380 582 1431 est
608 1370 755 1431 satis
771 1415 786 1441 ,
815 1368 1100 1443 quoniam
1124 1368 1367 1443 quidem
1389 1370 1666 1445 suscepi,
1698 1387 1819 1430 non
1845 1371 2021 1430 deest
2043 1384 2183 1443 pro·

111 1458 330 1524 fect0,
363 1452 617 1513 iudices.
695 1450 796 1512 31.
837 1452 912 1509 Et
943 1451 1193 1512 forsitan
1217 1451 1281 1511 in
1318 1452 1715 1526 suscipienda
1746 1464 1934 1513 causa
1955 1459 2185 1511 temere

109 1536 437 1610 impulsus
468 1533 884 1595 adolescentia
911 1533 1185 1594 fecerim:
1224 1534 1511 1609 quoniam
1544 1534 1793 1610 quidem
1822 1534 2011 1595 semel
2042 1550 2175 1593 sus-

113 1617 302 1693 cepi,
347 1616 486 1676 licet
524 1616 804 1676 hercules
831 1615 1102 1691 undique
1133 1632 1345 1676 omnes
1373 1616 1435 1675 in
1462 1634 1560 1677 me
1595 1626 1857 1677 terrores
1888 1614 2183 1690 pericula·

114 1716 257 1775 que
276 1699 686 1772 intendantur,
717 1700 922 1761 omnia
946 1714 1295 1758 succurram
1316 1707 1500 1771 atque
1525 1698 1765 1759 subibo.
1827 1697 2064 1758 Certum
2092 1704 2187 1755 est

111 1780 654 1855 deliberatumque
677 1825 692 1852 ‚
736 1796 894 1853 quae
922 1781 1000 1838 ad
1043 1796 1290 1840 causam
1326 1779 1627 1853 pertinere
1658 1778 1941 1849 arbitror,
1987 1776 2185 1838 omnia

107 1880 256 1923 non
287 1864 471 1923 modo
502 1862 738 1931 dicere,
783 1877 994 1921 verum
1023 1860 1200 1920 etiam
1228 1860 1511 1933 libenter,
1553 1860 1844 1921 audacter
1871 1859 2183 1935 libereque

111 1946 361 2005 dicere.
442 1944 620 2003 Nulla
671 1958 772 2001 res
824 1950 990 2003 tanta
1031 1941 1317 2014 exsistet,
1372 1942 1635 2014 iudices,
1684 1950 1751 2003 ut
1807 1942 2009 2017 possit
2061 1942 2182 2000 vim

108 2026 278 2087 mihi
311 2025 600 2085 maiorem
629 2023 918 2085 adhibere
945 2032 1140 2084 metus
1170 2040 1350 2098 quam
1377 2025 1553 2085 fides.
1637 2022 1738 2085 32.
1778 2024 2011 2085 Etenim
2044 2023 2181 2100 quis

107 2119 252 2169 tam
297 2107 596 2167 dissoluto
637 2104 835 2167 animo
867 2115 990 2179 est,
1047 2105 1149 2180 qui
1188 2106 1343 2167 haec
1372 2125 1555 2183 quum
1586 2106 1819 2178 videat,
1866 2116 2067 2167 tacere
2108 2120 2181 2163 ac

109 2191 442 2265 negligere
491 2188 733 2263 possit?
814 2188 1049 2250 Patrem
1100 2205 1327 2261 meum,
1385 2207 1569 2263 quum
1622 2188 2006 2265 proscriptus
2060 2202 2180 2247 non

110 2280 332 2345 esset,
368 2269 714 2345 iugulastisa
758 2270 1029 2331 occisum
1055 2270 1116 2329 in
1146 2270 1628 2346 proscriptorum
1654 2286 1969 2330 numerum
1996 2276 2182 2328 rettu-

107 2354 318 2415 listis=
347 2369 444 2412 me
466 2354 650 2413 domo
677 2368 813 2412 mea
847 2370 958 2427 per
979 2352 1104 2412 vim
1133 2354 1485 2428 expulistis=
1522 2351 1949 2429 patrimonium
1978 2364 2180 2410 meum

107 2434 488 2512 possidetis.
565 2433 721 2507 Quid
749 2436 930 2496 vultis
957 2435 1263 2510 amplius?
1315 2436 1573 2496 etiamne
1614 2436 1694 2495 ad
1727 2432 2017 2495 subsellia
2044 2447 2181 2501 cum

111 2522 294 2577 ferro
326 2525 509 2591 atque
542 2518 679 2577 telis
712 2517 994 2591 venistis,
1023 2526 1090 2577 ut
1116 2518 1212 2577 hic
1244 2526 1347 2578 aut
1373 2517 1656 2591 iuguletis
1686 2527 1787 2577 aut
1816 2516 2152 2578 condemne

111 2600 202 2661 tis
241 2598 388 2659 Sex.
422 2598 754 2659 Roscium?
835 2599 962 2658 XII.
1007 2598 1106 2661 33.
1149 2599 1468 2659 Hominem
1496 2602 1678 2675 longe
1706 2598 2179 2659 audacissimum

109 2696 330 2755 nuper
351 2680 668 2740 habuimus
688 2680 749 2740 in
775 2680 1014 2741 civitate
1037 2681 1099 2740 C.
1122 2680 1443 2741 Fimbriam
1474 2688 1563 2756 et,
1591 2683 1755 2757 quod
1784 2681 1939 2741 inter
1967 2695 2179 2740 omnes

113 2770 402 2832 constat,
433 2762 550 2823 nisi
579 2762 734 2822 inter
762 2778 902 2835 eOS,
933 2763 1036 2837 qui
1063 2762 1185 2837 ipsi
1217 2780 1463 2838 quoque
1492 2762 1827 2833 insaniunt,
1860 2760 2177 2823 insanissi-

110 2862 313 2906 mum.
385 2844 446 2904 Is
477 2862 660 2918 quum
697 2852 973 2904 curasset
999 2844 1058 2903 in
1102 2846 1313 2904 funere
1343 2845 1405 2905 C.
1440 2846 1644 2919 Marii,
1684 2854 1751 2905 ut
1781 2844 1847 2919 Q.
1881 2843 2177 2904 Scaevola

113 2928 579 2998 vulneraretur,
631 2924 728 2985 vir
769 2925 1191 2987 sanctissimus
1231 2933 1417 3000 atque
1464 2926 1884 2988 ornatissimus
1932 2934 2179 2987 nostrae

117 3008 394 3069 civitatis
411 3054 426 3081 ‚
457 3009 534 3069 de
565 3007 738 3069 cuius
767 3009 946 3069 laude
975 3024 1176 3084 neque
1203 3008 1303 3067 hic
1332 3010 1505 3069 locus
1542 3018 1639 3069 est
1666 3017 1729 3069 ut
1755 3010 1941 3069 multa
1975 3009 2177 3067 dican·

115 3101 224 3152 tur
267 3106 472 3165 neque
512 3094 688 3166 plura
715 3098 916 3150 tamen
947 3089 1068 3149 dici
1101 3098 1392 3164 possunt,
1438 3108 1619 3165 quam
1663 3093 1930 3165 populus
1959 3090 2177 3149 Roma-

115 3190 244 3234 nus
267 3172 563 3233 memoria
583 3170 830 3245 retinet,
855 3171 1014 3232 diem
1030 3172 1364 3233 Scaevolae
1386 3171 1566 3245 dixit,
1589 3180 1991 3247 posteaquam
2015 3182 2177 3228 com·

115 3254 284 3331 perit
313 3271 454 3317 eum
488 3270 680 3330 posse
708 3254 934 3313 vivere.
992 3254 1184 3327 Quum
1217 3254 1293 3313 ab
1324 3270 1397 3313 eo
1433 3259 1849 3328 quaereretur,
1879 3251 2024 3326 quid
2049 3256 2178 3307 tan-
