2459 3817
225 116 349 182 168
679 119 830 184 PRO
871 121 938 182 T.
969 121 1204 182 ANNIO
1231 119 1525 184 MILONE
1553 118 1855 184 ORATIO.

229 273 341 340 stri
381 271 732 350 magnitudo
775 285 980 347 neque
1017 274 1114 332 sol
1149 272 1253 334 ille
1296 287 1411 334 nec
1442 271 1597 334 caeli
1626 271 2066 348 signorumque
2090 277 2299 334 motus

233 373 347 420 nec
387 353 844 418 vicissitudines
880 369 1084 416 rerum
1123 362 1310 432 atque
1350 355 1598 418 ordines
1654 361 1904 418 movent
1946 369 2189 431 neque,
2236 354 2301 414 id

233 441 402 518 quod
433 438 762 502 maximum
789 445 904 510 est,
932 437 1228 501 maiorum
1256 437 1574 514 sapientia,
1604 437 1712 514 qni
1744 452 1941 511 sacra,
1970 437 2077 513 qui
2104 436 2300 500 caeri-

231 523 470 586 monias
485 568 502 596 ,
543 520 648 598 qui
685 518 966 595 auspicia
1007 527 1072 582 et
1109 519 1232 596 ipsi
1270 519 1657 584 sanctissime
1684 521 2003 582 coluerunt
2026 527 2093 580 et
2116 519 2303 581 nobis

232 606 366 670 suis
393 603 662 680 posteris
693 601 1109 678 prodiderunt.
1190 603 1401 662 XXXI.
1448 601 1549 666 84.
1590 603 1717 675 Est,
1744 609 1842 664 est
1879 603 2157 678 profecto
2198 603 2303 662 illa

233 688 350 762 vis,
379 702 582 760 neque
607 685 670 746 in
695 685 792 746 his
821 684 1183 760 corporibus
1211 691 1401 761 atque
1428 686 1489 744 in
1518 685 1635 747 hac
1662 684 2067 747 imbecillitate
2086 691 2305 749 nostra

231 770 390 832 inest
433 769 725 846 quiddam
767 768 936 843 quod
978 767 1182 844 vigeat
1219 776 1286 830 et
1324 768 1573 840 sentiat,
1612 774 1675 830 et
1714 783 1841 830 non
1880 765 2043 828 inest
2086 765 2151 828 in
2178 766 2303 830 hoc

239 861 406 916 tanto
447 861 698 914 naturae
744 859 866 912 tam
911 851 1229 926 praeclaro
1274 858 1461 912 motu.
1544 849 1673 912 Nisi
1717 851 1873 912 rorte
1914 848 2145 912 idcirco
2172 864 2301 910 non

233 943 467 1014 putant,
499 933 644 1010 quia
669 948 794 994 non
815 940 1076 1009 apparet
1097 949 1212 994 nee
1236 932 1517 1008 cernitur,
1544 931 1803 1008 proinde
1826 932 2002 1007 quasi
2025 937 2297 992 nostram

209 1021 431 1095 ,ipsam
459 1025 739 1090 mentem,
769 1032 892 1092 qua
917 1017 1210 1091 sapimus,
1242 1031 1365 1090 qua
1388 1015 1806 1092 providemus,
1832 1030 1955 1089 qua
1980 1014 2135 1075 haec
2161 1014 2299 1090 ipsa

233 1103 468 1180 agimus
489 1117 564 1162 ac
585 1098 866 1174 dicimus,
897 1097 1104 1160 videre
1125 1107 1231 1160 aut
1259 1100 1441 1175 plane
1470 1098 1670 1174 qualis
1698 1106 1804 1160 aut
1830 1096 1933 1158 ubi
1960 1094 2041 1159 sit
2068 1096 2299 1158 sentire

237 1185 566 1262 possimus.
650 1183 742 1244 Ea
766 1181 862 1244 vis
887 1181 1070 1258 igitur
1094 1183 1263 1258 ipsa,
1308 1196 1465 1258 quae
1498 1197 1689 1256 saepe
1734 1178 2125 1243 incredibiles
2154 1178 2299 1242 huic

236 1267 368 1331 urbi
397 1265 714 1331 felicitates
741 1273 927 1340 atque
950 1280 1108 1340 opes
1132 1263 1339 1336 attulit,
1367 1263 1529 1325 illam
1556 1247 1887 1340 pernicie‘in
1912 1261 2209 1324 exstinxit
2222 1278 2301 1323 ac

238 1347 511 1423 sustulit,
550 1349 650 1410 cui
695 1349 952 1422 primum
980 1354 1241 1408 mentem
1268 1345 1501 1422 iniecit,
1547 1355 1615 1408 ut
1650 1347 1713 1406 vi
1751 1345 1983 1410 irritare
2012 1346 2301 1421 ferroque

239 1433 546 1494 lacessere
587 1429 981 1490 fortissimum
1024 1427 1220 1492 virum
1260 1430 1515 1492 auderet
1567 1430 2029 1505 vincereturque
2081 1429 2160 1489 ab
2200 1443 2301 1503 eo,

240 1529 422 1590 quem
461 1512 516 1575 si
547 1511 828 1584 vicisset,
875 1511 1194 1576 habiturus
1233 1521 1403 1576 esset
1442 1511 1854 1588 impunitatem
1894 1519 1956 1574 et
1994 1511 2302 1574 licentiam

237 1597 686 1671 sempiternam.
781 1593 885 1658 85.
925 1597 1060 1656 Non
1111 1603 1208 1656 est
1244 1594 1509 1658 humano
1552 1594 1843 1668 consilio,
1883 1610 1965 1656 ne
2005 1594 2301 1656 mediocri

240 1680 484 1756 quidem
499 1723 516 1754 ,
541 1677 777 1741 iudices
791 1723 809 1752 ,
842 1680 1099 1740 deorum
1123 1677 1547 1740 immortalium
1576 1695 1724 1742 eura
1748 1694 1851 1739 res
1879 1679 1981 1738 illa
2008 1677 2299 1754 perfecta.

237 1761 592 1839 Religiones
623 1761 972 1825 mehercule
1001 1763 1199 1837 ipsae,
1229 1777 1389 1837 quae
1419 1761 1581 1824 illam
1610 1763 1854 1824 beluam
1882 1761 2106 1823 eadere
2126 1759 2299 1821 vide·

237 1853 406 1919 runt,
481 1863 833 1910 commosse
873 1863 946 1910 se
995 1845 1276 1907 videntur
1302 1853 1363 1906 et
1390 1844 1487 1908 ius
1522 1845 1583 1905 in
1612 1845 1717 1907 illo
1746 1860 1924 1907 suum
1953 1841 2301 1906 retinuisse.

237 1930 374 1991 Vos
401 1929 562 1990 enim
591 1928 742 2000 iam,
775 1927 997 1990 Albani
1035 1926 1249 1990 tumuli
1292 1935 1477 2002 atque
1502 1927 1655 2002 luci,
1696 1943 1843 2002 vos,
1872 1927 2149 2004 inquam,
2192 1923 2303 1986 im-

240 2013 418 2088 ploro
449 2018 636 2086 atque
651 2011 948 2080 obtestor,
971 2025 1227 2084 vosque,
1242 2010 1620 2074 Albanorum
1635 2014 1893 2074 obrutae
1904 2026 2067 2081 arae,
2093 2024 2305 2072 sacro·

242 2109 376 2154 rum
404 2091 621 2167 populi
647 2090 908 2152 Romani
946 2092 1156 2154 sociae
1193 2099 1257 2152 et
1282 2093 1604 2168 aequales,
1650 2108 1810 2169 quae
1854 2092 1957 2154 ille
1997 2107 2305 2167 praeceps

240 2174 503 2235 amentia
529 2172 732 2234 caesis
773 2173 1220 2250 prostratisque
1264 2173 1669 2236 sanctissimis
1710 2174 1865 2238 lucis
1903 2173 2305 2237 substructio-

244 2272 386 2318 num
417 2253 650 2316 insanis
675 2255 939 2318 molibus
961 2265 1387 2332 oppresserat·
1425 2265 1665 2320 vestrae
1690 2267 1835 2331 tum,
1862 2273 2021 2330 arae,
2056 2264 2306 2318 vestrae

243 2336 566 2412 religiones
598 2338 936 2412 viguerunt,
975 2348 1180 2402 vestra
1203 2339 1301 2402 vis
1330 2340 1532 2415 valuit,
1558 2357 1740 2416 quam
1760 2341 1861 2403 ille
1882 2339 2045 2402 omni
2067 2340 2305 2403 scelere

241 2422 568 2498 pollueratz
599 2430 788 2496 tuque
817 2437 896 2482 ex
924 2430 1028 2484 tuo
1051 2422 1218 2484 edito
1242 2432 1465 2498 monte,
1495 2423 1753 2486 Latiaris
1776 2433 1985 2486 sancte
2007 2423 2167 2499 lupp
2250 2438 2301 2493 r,

243 2503 416 2566 cuius
447 2505 548 2566 ille
575 2505 780 2576 lacus,
817 2521 1069 2568 nemora
1099 2506 1382 2581 finesque
1408 2523 1601 2583 saepe
1628 2509 1790 2568 omni
1822 2507 2053 2568 nefario
2086 2516 2229 2583 stup
2319 2525 2328 2530 ·
2444 2559 2451 2569 .

241 2595 304 2648 et
329 2589 564 2650 scelere
598 2588 962 2660 macularat,
1001 2589 1332 2663 aliquando
1362 2589 1442 2650 ad
1474 2605 1613 2650 eum
1644 2591 2053 2664 poeniendum
2084 2592 2305 2652 oculos

241 2669 568 2745 apennistie
609 2669 788 2731 vobis
817 2671 987 2745 illae,
1029 2669 1208 2734 vobis
1248 2680 1453 2734 vestro
1480 2670 1543 2734 in
1574 2681 1914 2749 conspectu
1932 2687 2139 2744 serae,
2190 2673 2308 2734 sed

241 2752 442 2816 iustae
469 2760 666 2814 tamen
696 2761 758 2814 et
787 2753 1030 2816 debitae
1061 2770 1300 2830 poenae
1340 2756 1581 2818 solutae
1608 2765 1769 2818 sunt.
1852 2755 1955 2819 86.
1984 2754 2113 2818 Nisi
2148 2756 2305 2817 forte

239 2835 360 2897 hoc
388 2835 566 2898 etiam
589 2852 740 2912 casu
761 2837 982 2901 tactum
1005 2853 1148 2900 esse
1170 2837 1462 2909 dicemus,
1494 2847 1563 2898 ut
1586 2848 1727 2900 ante
1746 2840 1949 2914 ipsum
1970 2838 2307 2900 sacrarium

241 2919 452 2982 Bonae
480 2920 664 2992 deae,
699 2921 868 2995 quod
899 2928 997 2983 est
1023 2920 1084 2982 in
1118 2921 1305 2982 fundo
1335 2923 1399 2982 Τ.
1436 2919 1620 2982 Sestii
1649 2921 1833 2995 Galli,
1863 2921 1925 2982 in
1956 2920 2166 2997 primis
2192 2921 2307 2982 ho·

239 3001 400 3062 nesti
421 3010 483 3063 et
503 3002 698 3062 ornati
717 3003 1148 3076 adolescentis,
1171 3012 1312 3064 ante
1328 3003 1545 3078 ipsam,
1566 3002 1833 3078 inquam,
1854 3003 2087 3065 Bonam
2106 3005 2305 3078 deam,

244 3101 430 3161 quum
467 3085 765 3160 proelium
793 3085 1230 3160 commisisset,
1259 3085 1517 3160 primum
1544 3087 1693 3148 illud
1722 3088 1944 3149 vulnus
1978 3085 2308 3161 acciperet,

243 3184 368 3242 quo
391 3165 792 3230 taeterrimam
818 3177 1072 3230 mortem
1097 3168 1323 3240 obiret,
1358 3176 1573 3231 utnon
1600 3170 1919 3231 absolutus
1946 3168 2173 3230 iudicio
2203 3167 2310 3230 illo

241 3250 474 3311 nefario
506 3249 840 3323 videretur,
873 3251 986 3312 sed
1016 3251 1095 3312 ad
1125 3252 1285 3310 hanc
1314 3249 1611 3326 insignem
1646 3267 1906 3326 poenam
1934 3259 2303 3314 reservatus.

241 3327 474 3392 XXXII.
498 3332 624 3394 Nec
646 3348 793 3394 vero
820 3348 942 3393 non
977 3333 1192 3394 eadem
1219 3331 1311 3394 ira
1332 3334 1587 3395 deorum
1608 3333 1765 3394 hanc
1792 3333 1927 3395 eius
1948 3331 2311 3395 satellitibus
