2459 3817
271 146 399 215 202
668 149 769 209 DE
798 146 1116 209 IMPERIO
1150 146 1266 208 CN.
1287 145 1595 210 POMPEII
1626 148 1930 211 ORATIO.

272 300 547 373 audiam,
588 300 671 360 de
700 314 850 374 qua,
892 306 959 359 ut
987 296 1277 375 arbitror,
1317 297 1418 361 isti
1449 298 1600 375 ipsi,
1647 298 1752 377 qui
1785 298 2117 379 minantur,
2158 303 2336 370 etiam

270 395 457 483 atque
485 382 665 445 etiam
698 380 849 458 quid
876 381 1056 443 liceat
1082 379 1574 444 considerabunt.
1649 383 1789 445 Mea
1824 386 2069 461 quidem
2097 396 2338 453 senten-

271 468 389 543 tia,
433 465 724 541 Quirites,
764 480 927 525 unus
953 465 1030 526 A.
1062 463 1356 526 Gabinius
1385 466 1530 527 belii
1562 465 1843 528 maritimi
1872 484 2200 549 rerumque
2233 486 2336 547 ge·

276 558 503 613 starum
534 550 638 609 Cn.
672 548 965 625 Pompeio
1000 548 1209 609 socius
1241 547 1592 625 ascribitur,
1637 554 1966 627 propterea
1995 554 2163 629 quod
2190 555 2340 616 alter

272 634 379 695 uni
403 631 550 693 iliud
579 632 808 693 bellum
836 630 1301 707 suscipiendum
1329 631 1552 693 vestris
1577 596 1895 709 suffragiis
1924 634 2154 709 detulit,
2191 638 2340 699 aiter

273 718 538 779 delatum
572 723 1055 791 susceptumque
1084 713 1368 777 confecit.

436 799 563 859 XX.
606 796 708 861 59.
762 798 1089 875 Reliquum
1116 804 1300 859 estut
1324 799 1404 861 de
1427 798 1495 873 Q.
1522 798 1714 861 catuli
1736 800 2092 864 auctoritate
2117 810 2178 864 et
2200 816 2337 863 sen-

272 884 457 945 tentia
494 881 823 945 dicendum
864 898 1009 943 esse
1042 880 1339 943 videatur.
1401 882 1514 957 Qui
1547 895 1733 957 quum
1763 898 1844 943 ex
1871 884 2050 945 vobis
2083 895 2336 960 quaere·

268 976 391 1041 ret,
438 964 493 1027 si
538 966 602 1026 in
634 981 759 1028 uno
791 965 897 1025 Cn.
929 963 1219 1041 Pompeio
1249 965 1456 1026 omnia
1489 964 1834 1042 poneretis,
1882 966 1936 1027 si
1969 966 2118 1044 quid
2145 982 2220 1029 eo
2251 970 2336 1029 ia-

271 1058 434 1113 ctum
462 1056 645 1123 esset,
678 1049 739 1109 in
771 1064 894 1124 quo
919 1064 1095 1126 spem
1122 1047 1346 1109 essetis
1370 1049 1649 1124 habituri,
1683 1048 1848 1126 cepit
1873 1066 2156 1127 magnum
2188 1066 2337 1113 suae

268 1130 509 1195 virtutis
540 1132 799 1194 fructum
831 1146 905 1192 ac
936 1130 1248 1207 dignitatis
1264 1177 1280 1206 ,
1324 1148 1511 1207 quum
1543 1144 1756 1193 omnes
1791 1146 1914 1193 una
1942 1150 2138 1210 prope
2180 1149 2338 1196 voce

269 1218 329 1278 in
372 1232 449 1279 eo
491 1216 631 1293 ipso
672 1232 791 1277 vos
832 1228 1006 1291 spem
1054 1214 1368 1276 habituros
1407 1230 1554 1277 esse
1595 1213 1859 1277 dixistis.
1923 1216 2158 1279 Etenim
2199 1216 2336 1278 talis

270 1309 369 1362 est
396 1299 516 1374 vir,
545 1300 805 1361 utnulla
830 1314 935 1358 res
962 1306 1129 1359 tanta
1162 1297 1242 1359 sit
1271 1312 1346 1357 ac
1381 1306 1500 1359 tam
1530 1296 1830 1372 difficilia,
1871 1316 2053 1375 quam
2082 1300 2185 1361 ille
2213 1313 2336 1361 non

270 1391 331 1446 et
377 1382 635 1443 consitio
684 1396 903 1455 regere
954 1389 1016 1441 et
1062 1378 1402 1455 integritate
1449 1382 1602 1442 tueri
1653 1388 1714 1441 et
1761 1381 1982 1445 virtute
2031 1382 2337 1445 conficere

271 1463 494 1541 possit.
584 1462 710 1523 Sed
752 1462 815 1522 in
857 1462 977 1522 hoc
1017 1462 1157 1537 ips-o
1200 1462 1279 1522 ab
1319 1476 1396 1523 eo
1437 1463 1972 1525 vehementissime
2017 1464 2336 1541 dissentio,

272 1547 441 1625 quod
472 1558 596 1623 quo
637 1543 837 1607 minus
870 1552 1036 1606 certa
1078 1553 1175 1607 est
1200 1544 1512 1606 hominum
1542 1558 1616 1607 ac
1646 1547 1850 1609 minus
1883 1548 2166 1610 diuturna
2193 1548 2336 1625 vita,

272 1629 390 1692 hoc
436 1628 633 1705 magis
690 1642 794 1690 res
828 1627 1124 1726 ‘pub-lica,
1182 1628 1326 1689 dum
1381 1645 1494 1704 per
1537 1630 1691 1691 deos
1745 1626 2118 1693 immortales
2169 1630 2324 1693 {icet

272 1713 387 1779 frui
414 1706 603 1775 'debet
628 1709 847 1773 summi
876 1710 1009 1771 viri
1018 1710 1143 1781 vita
1176 1717 1362 1787 atque
1395 1710 1632 1773 virtute.
1680 1741 1768 1756 -—
1813 1711 1916 1776 60.
1952 1715 2037 1776 Αι
2069 1715 2230 1777 enim
2259 1730 2337 1775 ne

276 1797 419 1874 quid
458 1797 601 1859 novi
634 1796 743 1859 fiat
782 1803 993 1858 contra
1038 1796 1322 1892 exempla
1361 1802 1546 1873 atque
1581 1793 1855 1858 instituta
1893 1792 2213 1860 maiorum.
2253 1830 2338 1843 —-

273 1877 403 1944 Non
446 1880 647 1941 dicam
689 1880 809 1941 hoc
848 1881 987 1940 loco
1026 1878 1294 1940 maiores
1334 1886 1610 1941 nostros
1623 1894 1872 1957 semper
1907 1878 1970 1941 in
2005 1896 2160 1957 pace
2190 1896 2336 1942 conv*-

273 1962 607 2036 suetudini,
636 1961 699 2022 in
726 1962 887 2023 bello
915 1960 1153 2023 utilitati
1185 1960 1497 2037 paruisse,
1530 1976 1777 2039 semper
1805 1965 1886 2023 ad
1917 1974 2117 2025 novos
2152 1978 2336 2026 casus

273 2054 613 2121 temporum
636 2059 935 2105 novorum
957 2041 1352 2105 consiliorum
1371 2044 1641 2107 rationes
1663 2048 2188 2123 accommodasse,
2211 2064 2332 2109 non

274 2127 471 2188 dicam
513 2127 636 2187 duo
680 2126 841 2187 belia
881 2126 1171 2199 maxima,
1212 2126 1506 2188 Punicum
1545 2138 1730 2205 atque
1771 2128 2212 2207 Hispaniense,
2256 2132 2335 2191 ab

270 2228 394 2273 uno
434 2209 803 2307 imperatore
836 2223 979 2269 esse
1014 2208 1296 2271 confecta
1329 2210 1610 2286 duasque
1637 2213 1826 2273 urbes
1856 2212 2333 2290 potentissimas,

270 2310 430 2372 quae
458 2290 645 2355 huic
625 2292 882 2369 imperio
912 2290 1174 2353 maxime
1198 2290 1656 2368 minitabantur,
1687 2294 2122 2371 Karthaginem
2150 2304 2339 2373 atque

264 2376 677 2449 Numantiam,
722 2376 799 2435 ab
839 2374 1060 2435 eodem
1092 2374 1382 2451 Scipione
1423 2392 1566 2437 esse
1608 2340 1872 2452 d'eletas,
1913 2393 2039 2439 non
2072 2394 2336 2440 comme·

268 2460 522 2521 morabo
564 2451 763 2535 nuper
801 2457 885 2519 ita
922 2456 1103 2519 vobis
1138 2458 1539 2557 patribusque
1569 2460 1793 2523 vestris
1822 2478 1965 2523 esse
1997 2460 2226 2536 visum,
2268 2469 2338 2522 ιιι

266 2542 331 2603 in
360 2558 484 2603 uno
517 2541 577 2602 G.
606 2540 797 2602 Mario
827 2556 977 2616 spes
1007 2540 1246 2616 imperii
1275 2538 1634 2618 poneretur,
1675 2551 1743 2605 ιιι
1768 2544 1930 2605 idem
1959 2558 2097 2607 cum
2124 2546 2340 2620 lugur-

266 2626 401 2702 tha,
441 2625 601 2685 idem
649 2640 787 2685 cum
816 2621 1102 2697 CimbriS,
1142 2622 1304 2683 idem
1346 2640 1483 2686 cum
1511 2624 1799 2689 Teutonis
1827 2628 2053 2689 bellum
2079 2626 2338 2688 admini-

270 2716 519 2770 straret=
560 2705 662 2769 61.
690 2706 753 2767 in
780 2706 923 2785 ipso
955 2707 1058 2767 Cn.
1092 2706 1416 2783 Pompeio,
1449 2709 1511 2769 in
1543 2726 1666 2785 quo
1696 2708 1843 2772 novi
1872 2706 2160 2773 constitui
2187 2708 2338 2771 nihil

266 2792 396 2853 vult
424 2791 492 2865 Q.
523 2790 799 2865 CatuluS,
845 2806 1027 2867 quam
1066 2793 1254 2852 multa
1295 2790 1418 2854 sint
1441 2808 1604 2854 nova
1639 2808 1876 2855 summa
1903 2793 1968 2868 Ω.
2005 2793 2197 2855 catuli
2225 2810 2339 2855 vo·

272 2874 498 2935 luntate
532 2873 859 2937 constituta
884 2873 1310 2935 recordamini.

433 2956 588 3018 XXI.
648 2956 808 3037 Quid
849 2964 969 3019 tam
996 2974 1226 3019 novum
1258 2974 1441 3033 quam
1476 2958 2002 3021 adolescentulum
2033 2954 2336 3034 privatum

268 3038 603 3103 exercitum
644 3038 875 3102 difficili
904 3040 994 3102 rei
1030 3038 1314 3117 publicae
1348 3049 1623 3117 tempore
1654 3042 2004 3104 conficere?
2043 3039 2338 3102 confecit.

264 3122 423 3186 Huic
474 3130 813 3200 praeesse?
859 3123 1143 3185 Praefuit.
1212 3125 1367 3185 Rem
1416 3123 1642 3201 optime
1693 3125 1881 3187 ductu
1921 3140 2037 3187 suo
2083 3132 2341 3199 gereret

269 3207 491 3269 Gessit.
562 3206 719 3282 Quid
747 3215 871 3268 tam
906 3215 1149 3282 praeter
1182 3207 1692 3269 consuetudinem
1730 3224 1912 3283 quam
1939 3205 2170 3269 homini
2199 3221 2340 3282 per-

267 3288 676 3367 adolescenti,
731 3290 905 3351 cuius
960 3296 1132 3351 aetas
1174 3306 1212 3350 a
1255 3288 1564 3352 senatorio
1608 3292 1802 3365 gradu
1845 3292 2029 3367 longe
2070 3290 2340 3363 abesset,

264 3369 585 3448 imperium
614 3382 799 3451 atque
828 3373 1159 3435 exercitum
1189 3374 1350 3446 dari,
1383 3371 1651 3435 Siciliam
1677 3372 1939 3449 permitti
1971 3380 2157 3449 atque
2179 3370 2333 3433 Arri
