2459 3817
931 128 1505 193 ARGUMENTUM.
2107 135 2243 199 141

197 279 393 343 equites
449 278 904 330 condemnaverunt
957 278 1099 337 XIII,
1159 278 1479 329 absolverunt
1506 280 1603 329 IV:
1666 278 1855 333 tribuni
1894 282 2077 329 aerarii
2128 297 2245 332 eou-

200 348 557 397 demnaverunt
585 344 726 405 xm,
773 344 1088 408 absolverunt
1135 344 1218 395 111.
1285 344 1597 396 Videbantur
1624 359 1725 395 non
1760 346 2019 410 ignorasse
2057 349 2247 399 iudIoes

197 415 358 464 inscio
395 412 578 463 Milone
613 414 756 463 initio
791 412 1107 463 vulneratum
1142 426 1253 461 esse
1288 412 1544 477 Clodium,
1576 414 1667 463 sed
1702 426 2075 477 compereram,
2110 428 2245 480 post·

193 497 348 545 quam
381 480 666 531 vulneratus
703 488 864 539 esset,
901 482 1043 529 iussu
1077 479 1279 529 Milonis
1312 481 1554 530 occisum.
1621 481 1841 531 Fuerunt
1876 482 1965 543 qui
1993 482 2247 533 crederem

201 550 265 599 M.
299 548 502 599 Catonis
549 550 795 598 sententia
843 562 957 597 eum
977 562 1106 604 ,esse
1153 547 1463 598 absolutumz
1512 563 1627 598 nam
1670 553 1719 597 et
1756 549 1883 597 bene
1916 558 2031 599 cum
2066 566 2121 601 re
2152 566 2247 615 pu·

198 616 334 667 blica
379 623 545 665 actum
587 630 700 665 esse
747 624 906 665 morte
933 616 987 665 P.
1022 614 1186 665 Clodii
1227 632 1329 667 uon
1365 615 1793 675 dissimulaverat,
1829 623 1883 665 et
1922 618 2155 669 studebat
2194 621 2247 669 in

193 685 436 749 petitione
475 683 762 752 consulatus
799 683 972 735 Miloni
1023 691 1072 733 et
1101 698 1186 734 reo
1211 684 1461 733 adfuerat.
1512 682 1867 735 Nomiuavera-t.
1898 699 2098 747 quoque
2130 702 2245 735 eum

199 752 368 802 Cicero
401 758 716 815 praesentem
747 760 794 800 et
825 758 1032 801 testatus
1061 758 1164 801 erat
1193 752 1399 800 audisse
1426 765 1457 800 a
1486 748 1555 804 M.
1588 750 1825 811 Favonio,
1858 760 1971 801 ante
1988 752 2123 803 diem
2150 763 2245 805 ter-

196 820 324 870 tium
372 834 523 881 quam
561 820 740 869 caedes
777 818 907 867 facta
955 826 1060 869 erat
1091 817 1319 868 Clodium
1370 818 1563 867 dixisse
1598 818 1874 881 periturum
1910 834 2021 869 esse
2065 836 2125 871 eo
2160 824 2247 870 tri-

193 888 297 937 duo
342 886 599 937 Milone-m.
681 884 782 937 Sed
831 886 1030 935 Milonis
1079 898 1279 949 quoque
1324 888 1493 934 notam
1548 884 1810 935 audaciam
1838 888 2089 936 removeri
2120 903 2151 937 a
2191 904 2246 938 re

195 953 394 1020 publica
417 953 549 1005 utile
583 956 746 1003 visum
783 961 895 1003 estz
933 954 1063 1003 scire
1091 959 1257 1003 tamen
1279 966 1427 1001 nemo
1460 966 1695 1015 umquam
1721 954 1901 1018 potuit,
1932 960 2096 1003 utram
2132 970 2245 1005 sen-

196 1024 400 1074 tentiam
437 1022 661 1071 tulisset:
709 1022 996 1070 damnatum
1041 1028 1203 1069 autem
1253 1022 1406 1085 opera
1441 1021 1848 1085 maxime'Appii
1891 1019 2089 1073 Claudii
2132 1036 2247 1087 pro·

199 1092 476 1139 nuntiatum
527 1099 620 1141 est.
693 1088 813 1138 Milo
859 1094 1064 1152 postero
1097 1088 1178 1137 die
1215 1087 1377 1137 factus
1412 1102 1529 1149 reus
1574 1088 1793 1137 ambitus
1834 1090 1971 1153 apud
2004 1090 2245 1140 Manlium

195 1158 502 1219 Torquatum
539 1157 720 1205 absens
757 1156 1020 1206 damnatus
1052 1162 1145 1203 est.
1215 1155 1309 1204 Illa
1344 1170 1541 1219 quoque
1569 1155 1681 1221 lege
1717 1162 1975 1205 accusator
2006 1156 2103 1207 fuit
2138 1159 2246 1207 eius

197 1223 393 1288 Appius
427 1220 693 1284 Claudius,
741 1230 790 1281 et
835 1236 986 1285 quum
1033 1223 1077 1271 ei
1112 1223 1391 1285 praemium
1440 1222 1552 1287 lege
1584 1224 1803 1282 daretur,
1852 1226 2053 1289 negavit
2094 1240 2149 1275 se
2187 1240 2247 1277 eo

199 1293 290 1344 uti.
361 1288 766 1354 Subscripserunt
815 1298 864 1341 et
907 1292 960 1342 in
996 1290 1212 1339 ambitus
1238 1291 1425 1339 iudicio
1454 1291 1511 1340 P.
1546 1290 1780 1340 Valerius
1804 1288 1907 1342 Leo
1937 1300 1987 1341 et
2020 1291 2112 1343 Gn.
2146 1294 2246 1343 Do-

198 1359 368 1409 mitius
381 1394 396 1417 ,
441 1357 531 1411 Cn.
566 1358 620 1411 F.
685 1359 804 1408 Post
833 1372 1020 1421 paucos
1067 1357 1176 1409 dies
1213 1373 1413 1421 quoque
1438 1357 1561 1407 Milo
1600 1358 1737 1422 apud
1770 1358 2047 1409 Favonium
2092 1374 2243 1423 quao-

195 1428 404 1477 sitorem
439 1428 504 1477 de
540 1424 797 1476 sodaliciis
845 1426 1110 1475 damnatus
1157 1432 1261 1489 est,
1306 1432 1572 1475 accusante
1598 1426 1656 1480 P.
1694 1425 1870 1477 Fulvio
1906 1425 2115 1487 Nerato,
2164 1428 2247 1477 cui

199 1494 310 1559 lege
343 1496 621 1558 praemium
654 1494 822 1545 datum
857 1501 950 1545 est.
994 1492 1187 1543 Deinde
1215 1493 1353 1558 apud
1382 1494 1445 1548 L.
1477 1488 1683 1545 Fabium
1707 1496 2041 1557 quaesitorem
2066 1496 2245 1545 iterum

197 1562 376 1611 absens
410 1561 674 1611 damnatus
712 1567 788 1611 est
823 1560 885 1611 de
917 1563 984 1609 vi.
1055 1562 1321 1611 Accusavit
1356 1562 1417 1613 L.
1462 1560 1753 1611 Cornificius
1794 1568 1841 1610 et
1874 1560 1933 1619 Q.
1968 1562 2241 1615 Patulcius.

198 1628 318 1679 Milo
353 1630 406 1678 in
439 1630 670 1689 exsilium
704 1630 835 1677 intra
863 1628 1201 1692 paucissimos
1233 1628 1341 1678 dies
1376 1620 1634 1693 pr'dfectus
1668 1636 1761 1681 est.
1806 1626 1945 1677 Boua
1982 1632 2091 1679 eius
2127 1645 2241 1695 pro-

201 1705 313 1761 pter
341 1696 498 1746 alieni
527 1699 660 1746 aeris
688 1696 1087 1761 magnitudinem
1123 1696 1399 1745 semiuncia
1427 1696 1705 1748 venierunt.

327 1764 443 1813 Post
477 1764 716 1815 Milonem
755 1763 930 1812 eadem
959 1764 1073 1826 iege
1105 1764 1345 1827 Pompeia
1386 1764 1581 1827 primus
1617 1772 1694 1813 est
1723 1771 1987 1813 accusatus
2014 1764 2081 1812 Μ.
2118 1764 2243 1813 Sau·
2330 1812 2336 1816 .

201 1830 358 1889 seius,
393 1829 460 1881 M.
497 1830 586 1887 F„
622 1831 708 1891 qui
742 1830 844 1879 dux
879 1829 1042 1879 fuerat
1076 1831 1126 1878 iu
1156 1830 1493 1894 expugnanda
1519 1830 1725 1879 taberna
1755 1830 1963 1879 Bovillis
1992 1838 2041 1879 et
2072 1829 2243 1881 Clodio

199 1896 487 1949 occidendo.
541 1896 916 1947 Accusaverunt
945 1911 1058 1945 eum
1093 1898 1152 1949 1..
1189 1895 1408 1956 Cassius,
1442 1896 1502 1949 L.
1539 1896 1832 1959 Fulcinius„
1866 1896 1921 1951 Ο.
1955 1898 2032 1957 F..
2064 1897 2118 1947 C.
2145 1899 2242 1949 Va-

201 1966 384 2016 lerius:
419 1963 746 2014 defenderunt
771 1964 842 2012 M.
879 1962 1078 2023 Cicero,
1117 1964 1182 2018 M.
1215 1962 1430 2025 Caelius,
1460 1964 1879 2027 obtinueruntque
1908 1971 1963 2013 ut
1998 1980 2100 2014 una
2134 1981 2245 2015 sen-

203 2034 354 2083 tentia
393 2031 751 2081 absolveretur.
818 2029 1283 2080 Condemnaveruut
1326 2038 1579 2081 senatores
1618 2031 1695 2092 X,
1738 2031 2056 2081 absolverunt
2099 2032 2245 2082 VIII:

201 2101 654 2151 condemnaverunt
691 2100 884 2161 equites
915 2097 1132 2148 Romani
1162 2097 1265 2159 lx,
1302 2098 1623 2149 absolverunt
1654 2099 1785 2148 VIII.
1840 2098 1943 2149 Sed
1979 2114 2045 2149 ex
2086 2102 2245 2150 tribu-

198 2170 282 2217 nis
308 2166 512 2217 aerariis
540 2166 588 2215 X
617 2166 952 2230 absolverunt,
989 2168 1059 2217 VI
1089 2167 1467 2225 damnaverunt,
1499 2166 1917 2229 manifestumque
1943 2166 2115 2217 odium
2134 2166 2247 2219 clo-

201 2236 273 2285 dii
320 2234 473 2287 saluti
503 2232 710 2283 Saufeio
755 2234 874 2293 fuit,
925 2248 1079 2295 quum
1105 2232 1213 2283 ei'us
1235 2234 1315 2284 vel
1348 2236 1487 2299 peior
1524 2248 1675 2284 causa
1710 2249 1859 2295 quam
1896 2234 2095 2285 Milonis
2122 2235 2247 2285 fuis-

201 2312 295 2363 set,
337 2302 472 2365 quod
507 2310 677 2365 aperte
725 2301 830 2351 dux
868 2299 1026 2350 suerat
1064 2302 1429 2367 expugnandae
1471 2302 1721 2352 tabernae.
1771 2304 2029 2366 ltepetitus
2065 2302 2246 2353 deindo

202 2382 318 2435 post
363 2384 551 2435 paucos
595 2370 705 2419 dies
741 2368 876 2433 apud
909 2366 1196 2419 Considium
1217 2370 1551 2432 quaesitorem
1582 2377 1658 2437 est
1702 2370 1815 2435 lege
1850 2368 2047 2419 Plautia
2084 2370 2147 2421 de
2180 2369 2247 2429 ri,

199 2438 562 2503 subscriptione
598 2451 683 2499 ea,
733 2436 868 2497 quod
909 2435 1018 2485 loca
1047 2440 1309 2501 superiora
1342 2443 1637 2501 occupasset
1664 2444 1716 2486 et
1752 2452 1867 2487 cum
1902 2436 2003 2488 telo
2034 2438 2244 2489 fuisset:

201 2520 317 2554 nam
349 2539 558 2558 ......
595 2518 858 2567 operarum
883 2502 1098 2553 Milonis.
1132 2506 1505 2555 Accusaverunt
1532 2503 1587 2558 G.
1626 2506 1819 2569 Fidius,
1868 2506 1961 2556 Gn.
1998 2503 2243 2569 Aponius,

201 2574 292 2623 Cn.
323 2572 400 2632 F..
437 2572 504 2621 Μ.
539 2569 702 2629 Seius,
734 2569 850 2622 Sex.
883 2572 963 2621 R:
1001 2572 1327 2621 defenderunt
1360 2574 1427 2626 M.
1466 2572 1651 2635 Cicero,
1682 2573 1749 2623 M.
1781 2574 2045 2625 Terentius
2084 2574 2243 2623 Varro

203 2640 378 2705 Gibba.
447 2639 720 2689 Absolutus
767 2648 843 2688 est
889 2641 1146 2689 sententiis
1189 2639 1390 2703 plenius
1436 2654 1587 2703 quam
1624 2640 1799 2703 prius:
1844 2654 2023 2704 graves
2070 2640 2245 2689 habuit

201 2706 352 2767 XIX,
390 2706 724 2757 absolutorias
759 2706 804 2755 11
843 2716 890 2755 et
923 2706 1094 2765 XXX,
1138 2708 1228 2757 sed
1275 2724 1303 2755 e
1348 2707 1593 2757 contrario
1640 2706 1738 2756 hoc
1768 2720 1797 2754 a
1845 2708 2014 2771 priore
2059 2707 2245 2757 iudicio

200 2775 410 2825 accidit:
455 2775 647 2837 equites
703 2775 834 2822 enim
877 2788 936 2823 ae
1001 2783 1256 2823 senatores
1292 2790 1407 2824 eum
1452 2774 1797 2832 absolverunt,
1834 2774 2021 2824 tribuni
2069 2776 2280 2841 aerarii·

200 2844 579 2893 damnaverunt.

346 2909 464 2967 Sex.
487 2917 653 2959 autem
670 2909 896 2971 Clodius,
918 2921 1016 2969 quo
1035 2913 1235 2955 auctore
1260 2919 1443 2969 corpus
1460 2904 1619 2955 Clodii
1641 2906 1695 2953 in
1712 2906 1899 2953 curiam
1926 2906 2117 2957 illatum
2135 2904 2249 2967 fuit,

213 2978 562 3031 accusantibus
591 2976 645 3025 O.
671 2974 944 3026 Caesennio
969 2972 1194 3033 Philone,
1221 2972 1288 3024 Μ.
1315 2970 1535 3031 Aufidio,
1565 2970 1863 3022 defendente
1886 2972 1943 3028 T.
1968 2973 2249 3035 Flacconio,

207 3060 390 3109 magno
431 3056 675 3094 consensu
707 3042 970 3089 damnatus
1003 3047 1094 3097 est,
1131 3041 1391 3089 sententiis
1416 3041 1485 3089 VI
1523 3048 1571 3087 et
1610 3038 1725 3088 XL:
1756 3039 2087 3091 absolutorias
2109 3042 2251 3101 quin-

209 3128 306 3175 que
342 3112 544 3162 omnino
579 3110 770 3168 habuit,
803 3108 928 3157 duas
960 3115 1259 3171 senatorum,
1293 3116 1394 3157 tres
1430 3108 1668 3170 equitum.
1738 3108 1881 3157 Multi
1914 3115 2173 3173 praeterea
2206 3116 2254 3155 et

207 3188 494 3247 praesentes
521 3188 596 3239 et,
638 3190 791 3241 quum
820 3176 956 3225 citati
982 3188 1082 3225 non
1117 3176 1521 3241 respondissent,
1560 3174 1779 3226 damnati
1812 3183 1944 3235 sunt,
1980 3190 2045 3225 ex
2074 3174 2254 3238 quibus

210 3248 428 3299 maxima
459 3262 578 3313 pars
613 3245 707 3295 fuit
737 3243 1106 3295 Clodianorum.

915 3502 942 3529 0
