2459 3817
738 148 902 213 CAP.
940 156 1203 213 13—15.
1248 153 1302 215 s.
1333 156 1404 209 32
1425 184 1490 193 —
1509 155 1598 211 38.
2086 142 2212 211 221

124 298 363 380 populi
408 306 675 362 versus?
711 300 859 376 quid
886 297 1157 374 Pompeii
1193 305 1432 359 statuae
1468 299 1724 375 plausus
1771 295 2030 360 infiniti?
2069 302 2218 376 quid

124 386 391 447 duobus
414 382 671 446 tribunis
692 382 909 459 plebis,
946 382 1051 457 qui
1070 380 1252 442 vobis
1273 382 1720 443 adversamur?
1749 398 2043 458 parumne
2062 382 2217 445 haec

126 468 497 543 significant
532 465 966 528 incredibiliter
1002 464 1484 527 consentientem
1523 463 1736 541 populi
1777 465 2036 527 Romani
2085 468 2216 529 uni-

125 548 313 611 versi
340 551 765 613 voluntatem?
796 548 994 623 Quid?
1019 545 1460 623 Apollinarium
1504 547 1788 609 ludorum
1828 550 2082 623 plausus
2117 550 2218 611 vel

128 632 494 696 testimonia
524 632 728 711 potius
764 640 823 693 et
850 627 1075 695 iudicia
1098 631 1312 707 populi
1331 630 1589 693 Romani
1616 646 1834 705 parum
1861 648 2082 707 magna
2107 649 2217 695 vo·

128 719 235 778 bis
274 716 683 779 videbantur?
720 714 771 776 Ο
797 716 1013 777 beatos
1046 712 1215 788 illos,
1249 712 1388 790 qui,
1418 728 1602 790 quum
1630 715 1856 774 adesse
1887 715 2044 789 ipsis
2075 731 2215 791 pro·

130 810 278 877 pter
308 800 432 859 vim
462 814 767 861 armorum
798 815 921 859 non
951 798 1200 869 licebat,
1228 798 1486 856 aderant
1518 804 1716 857 tamen
1747 803 1807 857 et
1835 796 1896 856 in
1927 798 2210 859 medullis

132 881 363 958 populi
389 884 648 943 Romani
682 898 759 942 ac
784 880 1126 941 visceribus
1154 880 1516 940 haerebant!
1538 877 1668 937 Nisi
1693 879 1849 939 forte
1873 879 2065 941 Accio
2087 888 2216 941 tum

27 998 29 1015 ι
132 966 354 1042 plaudi
384 973 446 1026 et
476 964 867 1039 sexagesimo
900 970 1041 1037 post
1072 977 1236 1023 anno
1269 962 1529 1036 palmam
1550 960 1701 1033 dari,
1737 976 1859 1019 non
1889 960 2078 1023 Bruto
2103 978 2215 1037 pu-

27 1078 28 1097 :
133 1047 382 1122 tabatiS,
416 1049 518 1123 qui
552 1046 713 1109 ludis
742 1046 871 1107 suis
904 1046 984 1105 ita
1013 1044 1225 1119 caruit,
1251 1044 1408 1106 utin
1435 1044 1538 1105 illo
1573 1042 2044 1119 apparatissimo
2075 1061 2215 1119 spe-

136 1132 385 1193 ctaculo
419 1131 685 1193 studium
714 1130 983 1205 populus
1011 1129 1326 1189 Romanus
1345 1128 1642 1189 tribueret
1663 1126 1930 1199 absenti,
1972 1126 2214 1188 deside·

27 1242 28 1247 1
140 1216 305 1275 rium
334 1214 677 1275 liberatoris
704 1210 804 1273 sui
836 1219 1135 1287 perpetuo
1166 1212 1389 1287 plausu
1416 1219 1477 1272 et
1501 1212 1766 1275 clamore
1796 1209 2034 1270 leniret.

264 1294 371 1361 37.
400 1297 701 1373 Equidem
717 1297 772 1356 is
800 1311 961 1371 sum,
992 1293 1099 1371 qui
1126 1294 1286 1356 istos
1304 1295 1580 1369 plausus,
1607 1309 1794 1369 quum
1815 1292 2212 1368 popularibus

140 1378 386 1442 civibus
417 1381 852 1453 tribuerentur,
895 1393 1143 1453 semper
1174 1377 1674 1453 'contempserimz
1706 1376 1994 1452 idemque
2027 1392 2217 1452 quum

142 1482 183 1525 a
208 1464 496 1537 summiS‚
539 1462 785 1535 mediis,
816 1460 1071 1535 infimiS,
1103 1480 1292 1538 quum
1321 1459 1588 1535 denique
1631 1460 1709 1520 ab
1748 1458 2056 1520 universis
2096 1459 2218 1522 hoc

140 1548 308 1609 idem
338 1549 405 1609 fit
444 1562 755 1623 quumque
784 1544 858 1621 ii,
888 1544 995 1622 qui
1022 1553 1164 1607 ante
1195 1544 1376 1622 sequi
1405 1542 1622 1620 populi
1650 1558 2024 1604 consensum
2055 1546 2215 1605 sole-

142 1634 320 1702 bant,
367 1630 633 1705 fugiunt,
675 1647 796 1691 non
828 1631 1111 1705 plausum
1140 1628 1338 1699 illum,
1385 1628 1502 1688 sed
1529 1624 1818 1688 iudicium
1851 1633 2020 1701 puto.
2108 1626 2216 1688 Sin

150 1709 307 1767 haec
330 1709 565 1769 leviora
587 1709 769 1770 vobis
782 1708 1089 1778 videntur,
1118 1724 1281 1783 quae
1303 1715 1448 1768 sunt
1468 1708 1852 1785 gravissima,
1873 1723 2020 1771 num
2033 1708 2216 1768 etiam

152 1792 274 1851 hoc
306 1790 715 1863 contemnitis,
753 1794 923 1867 quod
957 1788 1243 1853 sensistis
1275 1797 1402 1850 tam
1432 1806 1632 1852 caram
1664 1795 1902 1869 populo
1929 1793 2212 1851 Romano

152 1874 343 1934 vitam
372 1878 449 1934 A.
472 1874 647 1935 Hirtii
673 1874 909 1935 fuisse?
950 1874 1117 1936 Satis
1153 1880 1286 1935 erat
1323 1875 1486 1935 enim
1513 1876 1841 1951 probatum
1869 1877 2040 1937 illum
2068 1888 2216 1937 csse

149 1960 388 2033 populo
418 1960 722 2031 Romano,
749 1965 819 2020 ut
850 1967 972 2019 est:
1004 1958 1337 2019 iucundum
1365 1957 1599 2029 amicis,
1627 1957 1690 2019 in
1714 1976 1840 2035 quo
1869 1956 2060 2019 vincit
2087 1974 2215 2020 om-

157 2056 301 2101 nes:
345 2054 554 2102 carum
584 2041 746 2114 suis,
778 2042 1004 2116 quibus
1032 2048 1131 2103 est
1158 2040 1297 2121 ipse
1325 2039 1712 2104 carissimus:
1747 2050 1978 2105 tantam
2011 2050 2212 2103 tamen

157 2122 627 2185 sollicitudinem
649 2126 976 2197 bonorum,
1000 2132 1236 2187 tantum
1255 2124 1536 2186 timorem
1567 2129 1838 2189 omnium
1859 2127 1922 2187 in
1945 2142 2071 2201 quo
2093 2142 2216 2185 me-

160 2207 487 2269 minimus?
533 2210 711 2270 Certe
754 2209 816 2269 in
863 2211 1055 2270 nullo.
1141 2206 1245 2271 38.
1289 2209 1448 2284 Quid
1486 2208 1706 2285 igitur?
1754 2212 1876 2273 hoc
1911 2226 2064 2282 voS‚
2105 2225 2218 2285 per

159 2295 311 2353 deos
345 2290 753 2355 immortales!
798 2296 983 2368 quale
1012 2291 1250 2355 sitnon
1289 2291 1816 2369 interpretamini?
1864 2293 2060 2371 Quid?
2103 2309 2214 2354 eos

161 2378 240 2436 de
271 2382 477 2436 vestra
517 2376 641 2438 vita
670 2376 945 2452 cogitare
986 2391 1113 2437 non
1152 2377 1454 2446 censetis,
1498 2378 1722 2452 quibus
1765 2393 2010 2450 eorum,
2055 2392 2216 2453 quos

162 2466 411 2535 sperant
443 2458 532 2520 rei
562 2460 848 2536 publicae
875 2460 1302 2532 consulturos,
1331 2458 1458 2521 vita
1489 2469 1614 2522 tam
1645 2478 1786 2522 cara
1820 2462 1936 2524 sit?

284 2542 430 2619 Cepi
460 2544 743 2614 fructum,
776 2551 987 2620 patres
1019 2542 1385 2619 conscripti,
1419 2546 1801 2607 reversionis
1830 2562 2022 2617 meae,
2066 2562 2216 2621 quo·

164 2626 317 2687 niam
346 2634 409 2687 et
438 2644 511 2688 ea
536 2628 691 2699 dixi,
738 2635 805 2689 ut
842 2627 1217 2704 quicumque
1257 2643 1440 2689 casus
1471 2637 1848 2691 consecutus
1879 2635 2076 2698 esset,
2110 2646 2215 2689 ex-

166 2718 349 2770 staret
392 2710 777 2772 constantiae
822 2728 1000 2772 meae
1042 2711 1488 2780 testimonium,
1535 2721 1598 2773 et
1639 2730 1777 2773 sum
1805 2729 1856 2773 a
1895 2712 2074 2773 vobis
2116 2712 2216 2771 be—

167 2794 339 2868 nigne
380 2808 455 2853 ac
484 2794 807 2867 diligenter
838 2796 1098 2856 auditus.
1188 2796 1360 2869 Quae
1389 2803 1672 2871 potestas
1707 2795 1762 2857 si
1792 2795 1933 2857 mihi
1962 2796 2215 2872 saepius

166 2876 292 2936 sine
320 2890 459 2935 meo
490 2886 827 2955 vestroque
860 2878 1149 2952 periculo,
1170 2878 1304 2944 fiet,
1349 2884 1516 2938 utar:
1563 2876 1619 2938 si
1653 2878 1880 2953 minus,
1919 2888 2214 2955 quantum

168 2968 410 3035 potero,
463 2976 587 3021 non
634 2968 757 3021 tam
811 2960 956 3021 mihi
1004 2976 1102 3021 me
1144 2976 1330 3034 quam
1377 2959 1468 3020 rei
1516 2962 1802 3037 publicae
1851 2964 2212 3025 reservabo,

168 3042 302 3103 Mihi
330 3044 460 3103 fere
488 3045 638 3105 satis
675 3052 769 3105 est
798 3046 968 3119 quod
997 3043 1124 3105 vixi
1153 3046 1255 3103 vel
1286 3044 1366 3103 ad
1396 3050 1657 3105 aetatem
1691 3049 1786 3107 vel
1815 3048 1894 3107 ad
1923 3045 2213 3122 gloriam:

171 3128 281 3186 huc
319 3127 371 3186 si
416 3128 565 3203 quid
606 3130 968 3204 accesserit,
1018 3144 1140 3190 non
1187 3135 1310 3187 tam
1359 3127 1502 3189 mihi
1545 3146 1729 3205 quarn
1772 3131 1952 3193 vobis
1998 3129 2214 3207 reique

173 3210 440 3289 publicae
470 3214 821 3276 accesserit.

984 3364 1385 3375 mm
