2459 3817
792 128 957 192 GAP.
990 137 1255 194 38-40.
1299 134 1352 196 S.
1379 133 1646 193 52—81.
2186 133 2268 200 75

178 285 406 344 ceretv
450 278 789 358 principem
818 279 1079 342 civitatis
1112 275 1273 342 ferro
1305 282 1632 344 obsessum
1664 287 1940 342 teneret?
2000 279 2168 342 Haec
2196 290 2264 346 ut

186 365 449 426 efficere
490 374 733 440 posset,
783 380 943 440 quae
984 363 1118 426 fieri
1160 363 1280 425 nisi
1323 363 1524 426 armis-
1553 380 1862 440 oppressa
1902 379 1972 426 re
2011 363 2262 439 publica

178 449 360 509 nullo
396 451 579 509 modo
612 457 919 523 poterant,
956 447 1220 520 idcirco,
1255 449 1474 521 credo,
1501 464 1747 508 manum
1777 445 1895 506 sibi
1924 446 1987 507 P.
2019 446 2262 510 Sestius

185 537 253 591 et
280 531 497 606 copias
532 529 924 606 comparavit.
948 564 1031 578 —
1056 532 1136 591 At
1169 532 1440 591 nondum
1471 538 1600 592 erat
1630 538 1959 592 maturumz
1990 531 2262 592 nondum

182 629 295 674 res
324 613 461 688 ipsa
490 615 569 674 ad
604 613 739 676 eius
768 613 933 675 modi
965 613 1274 689 praesidia
1306 615 1472 675 viros
1503 614 1704 675 bonos
1734 614 2159 690 compellebat.
2181 648 2254 661 —

184 695 356 756 Pulsi
380 714 497 758 nos
518 713 791 766 eramus,
822 714 945 759 non
975 697 1222 758 omnino
1248 696 1365 758 ista
1390 713 1574 758 manu
1597 698 1748 769 sola,
1775 698 1887 757 sed
1911 706 2110 758 tamen
2135 714 2261 760 non

184 778 327 840 sine
350 779 497 840 istae
530 797 642 841 vos
668 779 833 842 taciti
858 783 1244 847 maerebatis,
1321 779 1425 843 85.
1453 781 1707 856 Captum
1728 782 2076 842 aratrorum
2092 797 2258 844 anno

184 861 527 937 superiore,
547 864 699 925 aede
724 864 993 926 Castoris
1017 872 1326 938 tamquam
1349 879 1492 924 arce
1516 863 1773 938 aliquaa
1788 862 2059 938 fugitivis
2075 880 2258 926 oecu-

183 955 363 1021 patae
395 945 703 1007 silebatur.
759 945 973 1008 Omnia
994 946 1308 1009 hominum
1337 963 1524 1022 quum
1545 955 1820 1022 egestate
1845 953 1969 1007 tum
1997 948 2259 1010 audacia

180 1028 563 1104 perditorum
590 1030 872 1102 clamore,
900 1045 1225 1102 concursu,
1249 1030 1328 1103 vi,
1354 1046 1535 1092 manu
1557 1029 1956 1106 gerebantur-2
1985 1032 2258 1106 perfere-

182 1111 367 1172 batis.
433 1111 823 1186 Magistratus
856 1113 1099 1187 templis
1129 1113 1538 1189 pellebanturz
1585 1111 1690 1173 alii
1714 1111 1961 1174 omnino
1990 1113 2158 1174 aditu
2183 1131 2258 1176 ae

182 1193 321 1256 foro
340 1193 846 1268 prohibebantur=
876 1211 1055 1256 nemo
1071 1195 1417 1258 resistebat.
1449 1195 1832 1258 Gladiatores
1855 1213 1932 1257 ex
1955 1198 2258 1273 praetoris

179 1277 474 1338 >comitatu
489 1277 937 1352 comprehensi,
960 1276 1019 1338 in
1046 1288 1330 1340 senatum
1343 1278 1696 1351 introducti,
1724 1279 2016 1355 confessi,
2029 1282 2100 1342 in
2126 1280 2253 1341 vin·-

182 1361 283 1420 cla
306 1359 565 1421 coniecti
586 1377 625 1420 a
647 1360 904 1435 Milone,
932 1363 1142 1424 emissi
1164 1379 1203 1422 a
1224 1362 1523 1425 Serrano:
1553 1361 1780 1425 mentio
1805 1364 1987 1425 nulla.
2027 1364 2252 1427 Forum

180 1443 549 1519 corporibus
578 1443 800 1506 civium
828 1447 1242 1506 Romanorum
1273 1454 1650 1509 constratum
1692 1447 1885 1508 caede
1925 1456 2252 1510 nocturnaae

180 1543 305 1589 non
330 1528 515 1589 modo
538 1529 704 1588 nulla
727 1545 889 1590 nova
914 1529 1215 1605 quaestio,
1232 1531 1346 1592 sed
1367 1529 1550 1593 etiam
1577 1537 1786 1592 vetera
1808 1529 2032 1592 iudicia
2048 1532 2253 1593 subla·

183 1618 263 1670 ta.
302 1609 634 1672 Tribunum
656 1614 857 1686 plebis
882 1614 1021 1688 plus
1044 1612 1258 1688 viginti
1283 1613 1637 1675 vulneribus
1657 1613 1931 1688 acceptis
1954 1614 2254 1677 iacentem

178 1692 736 1770 moribundumque
752 1695 989 1756 vidistis
1004 1719 1019 1752 ε
1044 1695 1296 1757 alterius
1314 1696 1532 1757 tribuni
1548 1695 1765 1771 plebis,
1784 1694 1972 1756 divini
1986 1696 2254 1760 hominis

177 1808 263 1822 -
280 1775 479 1836 dicam
496 1776 657 1838 enim
678 1779 842 1852 quod
868 1777 1065 1840 sentio
1088 1787 1151 1839 et
1172 1779 1342 1853 quod
1364 1793 1602 1840 mecum
1625 1777 1894 1840 sentiunt
1908 1794 2122 1839 omnes
2155 1807 2254 1850 -,

176 1856 397 1928 divini,
435 1857 658 1934 insigni
700 1860 995 1934 quadam,
1033 1859 1334 1932 inaudita,
1385 1877 1548 1923 nova
1590 1859 2006 1936 magnitudine
2047 1859 2250 1938 animi,

178 1941 501 2018 gravitate,
540 1942 663 2003 fide
693 1942 979 2018 praediti,
1009 1944 1229 2004 domus
1261 1951 1356 2005 est
1384 1952 1738 2020 oppugnata
1763 1945 1957 2018 ferro,
1993 1943 2252 2019 facibus,

180 2024 455 2086 exercitu
491 2024 805 2088 Clodiano.
890 2025 1011 2086 XL.
1040 2025 1141 2088 86.
1184 2027 1260 2087 Et
1289 2034 1354 2088 tu
1392 2027 1513 2088 hoc
1545 2029 1684 2088 loco
1716 2027 1935 2088 laudas
1964 2026 2252 2090 Milonem

178 2117 241 2169 et
280 2105 410 2168 iure
454 2108 691 2170 laudas.
782 2108 973 2184 Quem
1018 2109 1180 2172 enim
1211 2127 1504 2186 umquam
1532 2107 1730 2171 virum
1769 2117 1888 2171 tam
1929 2108 2252 2173 immortali

178 2190 398 2252 virtute
447 2190 752 2253 vidimus?
805 2192 911 2268 qui
954 2194 1121 2254 nullo
1166 2193 1441 2270 praemio
1478 2191 1801 2269 proposito
1837 2199 2081 2268 praeter
2111 2193 2251 2269 hoc,

178 2274 349 2348 quod
388 2272 507 2335 iam
551 2277 871 2337 contritum
914 2284 976 2338 et
1020 2285 1433 2351 contemptum
1476 2283 1748 2353 putatur,
1806 2275 2099 2337 iudicium
2140 2277 2249 2338 bo·

178 2373 423 2432 norum,
458 2358 661 2418 omnia
692 2358 990 2434 pericula,
1036 2375 1313 2421 summos
1345 2359 1621 2432 labores,
1667 2357 2069 2435 gravissimas
2103 2375 2250 2422 con-

178 2439 479 2502 tentiones
502 2439 972 2518 inimicitiasque
996 2443 1316 2519 suscepit?
1351 2441 1458 2518 qui
1487 2442 1632 2504 mihi
1665 2459 1824 2505 unus
1854 2459 1934 2503 ex
1963 2444 2248 2507 omnibus

178 2521 415 2586 civibus
449 2523 689 2586 videtur
718 2541 787 2588 re
815 2525 1138 2599 docuisse,
1174 2543 1298 2589 non
1335 2525 1570 2600 verbis,
1601 2535 1663 2590 et
1691 2525 1841 2602 quid
1871 2534 2184 2602 oporteret
2211 2542 2250 2589 a

178 2607 625 2682 praestantibus
657 2608 804 2670 viris
837 2608 897 2669 in
934 2624 1002 2670 re
1030 2611 1278 2685 publica
1307 2608 1444 2670 fleri
1484 2615 1548 2670 et
1593 2609 1742 2684 quid
1766 2625 2028 2671 necesse
2051 2617 2249 2670 essetz

178 2698 459 2765 oportere
487 2689 801 2753 hominum
821 2693 1177 2766 audacium,
1211 2708 1575 2754 eversorum
1594 2691 1685 2753 rei
1715 2691 1998 2767 publicae
2028 2691 2249 2760 sceleri

179 2771 413 2847 legibus
448 2781 511 2835 et
547 2772 789 2834 iudiciis
828 2774 1149 2836 resistere=
1204 2776 1260 2836 si
1295 2776 1464 2848 leges
1507 2790 1631 2834 non
1666 2776 1970 2850 valerent,
2018 2772 2248 2838 iudicia

138 2895 153 2906 ·
177 2871 297 2917 non
336 2862 577 2927 essent,
626 2857 681 2917 si
720 2873 825 2918 res
860 2856 1105 2932 publica
1134 2855 1195 2917 vi
1229 2872 1670 2932 consensuque
1701 2856 2028 2920 audacium
2060 2859 2247 2922 armis

180 2953 481 3015 oppressa
512 2946 850 3012 teneretur,
899 2939 1209 3016 praesidio
1255 2948 1318 3002 et
1343 2939 1543 3015 copiis
1585 2939 1834 3003 defendi
1869 2941 2050 3006 vitam
2083 2950 2144 3004 et
2174 2940 2245 3003 ll-

178 3021 465 3084 bertatem
497 3037 759 3085 necesse
788 3037 953 3084 esse.
1052 3023 1185 3084 Hoc
1215 3025 1444 3084 sentire
1472 3025 1834 3099 prudentiae
1872 3035 1997 3099 est,
2039 3027 2244 3086 facere

178 3103 541 3166 fortitudinis
556 3151 573 3178 ,
606 3113 667 3168 et
694 3105 921 3169 sentire
946 3121 1097 3168 vero
1120 3116 1181 3168 et
1205 3108 1411 3168 facere
1441 3109 1754 3182 perlectae
1781 3109 2242 3182 cumulataeque

180 3186 429 3250 virtutis.
506 3186 609 3252 87.
672 3189 843 3252 Adiit
868 3190 945 3249 ad
970 3206 1098 3252 rem
1120 3189 1428 3266 publicam
1467 3189 1748 3251 tribunus
1794 3188 1996 3265 plebis
2076 3188 2242 3264 Milo,

180 3271 255 3332 de
282 3270 457 3334 cuius
481 3273 664 3333 laude
693 3275 865 3348 plura
887 3272 1085 3335 dicam
1101 3319 1115 3346 ,
1148 3290 1270 3334 non
1294 3289 1420 3348 quo
1439 3280 1547 3332 aut
1573 3273 1710 3350 ipse
1733 3272 1886 3332 haec
1913 3271 2036 3332 dici
2061 3287 2244 3348 quam

184 3352 509 3423 existimari
532 3355 697 3435 malit
717 3366 821 3419 aut
842 3373 959 3434 ego
982 3356 1147 3418 hunc
1169 3355 1368 3417 laudis
1381 3356 1645 3420 fructum
1658 3354 1970 3431 praesenti
1987 3355 2246 3418 libenter
