2459 3817
850 145 1015 209 cAP.
1043 156 1077 209 5
1093 154 1239 212 -÷7.
1275 146 1332 227 ς.
1359 154 1428 211 15
1443 156 1614 211 —22
2149 134 2276 204 201

196 296 405 369 fideli,
453 310 577 358 non
606 292 891 359 credidit=
922 297 1001 359 de
1023 296 1240 372 armiS,
1285 298 1364 359 de
1395 299 1577 373 ferro,
1605 299 1684 359 de
1710 296 1950 359 insidiis
1987 299 2185 361 celare
2216 309 2278 360 te

201 378 443 441 noluit?
486 377 583 443 19.
610 381 692 439 At
731 396 915 454 quam
952 380 1171 441 festive
1208 380 1438 443 crimen
1468 380 1840 443 contexitur!
1895 382 2023 443 Tua
2064 388 2156 456 te,
2185 382 2274 443 in·

204 461 357 538 quit,
386 462 635 536 eadem,
679 478 838 537 quae
877 478 1099 537 saepe,
1130 463 1374 523 fortuna
1405 462 1703 525 servavit=
1735 461 2034 539 negavisti
2059 470 2184 525 tum
2211 474 2269 525 te

202 541 513 619 inspicere
552 544 732 606 velle.
816 545 948 605 vll.
996 544 1151 619 Quid
1194 551 1454 621 postea?
1495 562 1575 607 an
1613 544 1936 609 Deiotarus
1975 562 2091 608 rex
2112 591 2130 621 ,
2169 548 2276 607 illo

206 636 482 702 tempore
511 642 635 689 non
667 627 939 703 perfecta
965 644 1051 703 re,
1084 628 1372 690 continuo
1407 627 1634 691 dimisit
1661 628 2037 694 exercitum?
2061 628 2273 691 Nullus

204 716 338 771 erat
366 709 523 772 alius
550 709 876 772 insidiandi
904 711 1121 773 locus?
1160 712 1244 773 At
1270 712 1490 773 eodem
1519 720 1612 787 te,
1643 728 1827 788 quum
1900 712 2279 787 cenavisseS,

202 790 535 857 rediturum
566 793 829 869 dixeraS,
860 792 1065 870 itaque
1104 792 1320 855 fecisti.
1392 795 1619 857 Horam
1642 812 1824 857 unam
1855 804 1960 857 aut
1986 796 2142 857 duas
2169 811 2272 856 eo·

206 877 349 937 dem
369 878 505 939 loco
534 885 820 952 armatos,
848 883 917 939 ut
936 874 1217 938 collocati
1247 877 1500 949 fuerant,
1531 876 1791 940 retinere
1819 894 2100 952 magnum
2125 878 2282 939 fuit?

208 959 403 1033 Quum
430 958 495 1020 in
523 958 806 1022 convivio
840 959 1091 1020 comiter
1120 966 1183 1019 et
1210 959 1476 1021 iucunde
1527 960 1784 1033 fuisses,
1820 968 1948 1020 tum
1985 959 2128 1021 illuc
2155 959 2274 1035 isti,

205 1051 273 1103 ut
301 1042 567 1103 dixeras.
638 1042 769 1116 Quo
800 1041 862 1101 in
892 1043 1029 1102 loco
1063 1040 1411 1103 Deiotarum
1441 1043 1622 1105 talem
1649 1057 1795 1117 erga
1823 1050 1883 1105 te
1912 1040 2276 1117 cognovisti,

209 1123 409 1200 qualis
430 1140 546 1185 rex
566 1124 807 1185 Attalus
837 1123 899 1183 in
927 1124 990 1183 P.
1011 1123 1366 1186 Africanum
1395 1125 1522 1198 fuit,
1557 1124 1654 1186 cui
1674 1123 2278 1199 magnificentissima

208 1208 398 1280 dona,
441 1214 508 1269 ut
551 1205 845 1282 scriptum
886 1207 1173 1283 legimus,
1212 1224 1417 1283 usque
1456 1208 1535 1270 ad
1577 1207 1954 1270 Numantiam
1997 1206 2160 1271 misit
2195 1224 2273 1269 ex

210 1289 389 1365 Asia,
440 1306 601 1365 quae
638 1287 965 1351 Africanus
1006 1289 1387 1365 inspectante
1431 1290 1704 1353 exercitu
1745 1291 1998 1367 accepit.
2099 1290 2275 1365 Quod

211 1388 394 1449 quum
440 1388 737 1447 praesens
768 1372 1091 1435 Deiotarus
1132 1375 1302 1449 regio
1346 1382 1408 1435 et
1443 1373 1642 1437 animo
1688 1382 1749 1437 et
1794 1390 1962 1436 more
2006 1374 2275 1447 fecisset,

207 1456 357 1519 tuin
388 1454 733 1519 cubiculum
766 1454 1125 1518 discessisti.
1210 1457 1314 1520 20.
1357 1456 1660 1533 Obsecro,
1690 1458 1941 1533 Caesar,
1970 1465 2180 1535 repete
2206 1456 2276 1516 il·-

210 1538 327 1603 lius
360 1538 651 1615 temporis
678 1537 1053 1614 memoriam,
1086 1555 1248 1615 pone
1266 1540 1434 1602 illum
1463 1546 1606 1601 ante
1623 1543 1846 1605 oculos
1860 1539 2036 1615 diem,
2074 1540 2281 1601 vultus

208 1622 516 1684 hominum
541 1629 601 1684 te
632 1621 989 1685 intuentium
1026 1630 1211 1698 atque
1241 1623 1663 1685 admirantium
1692 1624 2036 1685 recordare.
2119 1624 2277 1685 Num

213 1720 369 1779 quae
397 1703 768 1779 trepidatio?
793 1721 937 1765 num
969 1704 1075 1779 qui
1098 1705 1431 1767 tumultus?
1460 1721 1602 1766 num
1625 1706 1774 1781 quid
1797 1702 1916 1768 nisi
1943 1706 2274 1779 moderate,

211 1785 330 1847 nisi
360 1784 595 1861 quiete,
638 1786 757 1847 nisi
799 1804 880 1848 ex
918 1786 1182 1847 hominis
1224 1787 1574 1862 gravissimi
1599 1796 1662 1849 et
1691 1786 2064 1849 sanctissimi
2090 1786 2273 1849 disci-

214 1869 419 1945 plina?
457 1867 612 1943 Quid
650 1869 829 1945 igitur
870 1884 1095 1930 causae
1123 1870 1460 1945 excogitari
1489 1878 1696 1947 potest
1723 1886 1830 1931 cur
1861 1878 1922 1933 te
1950 1872 2139 1934 lotum
2165 1886 2274 1931 vo·

206 1954 402 2025 luerit,
436 1962 722 2015 cenatum
752 1954 1018 2016 noluerit
1048 1954 1376 2017 occidere?
1433 1954 1538 2015 21.
1583 1954 1653 2015 In
1683 1959 2030 2029 posterum,
2059 1950 2277 2027 inquit,

206 2034 365 2097 diem
404 2036 670 2111 distulit,
707 2045 803 2109 ut,
852 2053 1041 2113 quum
1080 2038 1142 2099 in
1187 2039 1508 2100 castellum
1547 2036 1757 2099 Peium
1799 2042 2050 2097 ventum
2083 2042 2276 2105 esset,

204 2118 287 2180 ibi
317 2122 587 2197 cogitata
612 2122 961 2198 perficeret.
1026 2122 1162 2183 Non
1190 2120 1370 2183 video
1403 2134 1656 2185 causam
1687 2119 1959 2181 mutandi
1987 2117 2125 2193 loci,
2159 2120 2276 2179 sed

206 2210 409 2264 tamen
441 2212 582 2267 acta
608 2221 715 2267 res
746 2204 1077 2267 criminose
1107 2214 1223 2268 est.
1314 2206 1544 2281 Quum,
1571 2204 1798 2281 inquit,
1840 2220 2095 2267 vomere
2125 2210 2284 2279 post

208 2304 419 2348 cenam
444 2296 506 2350 te
528 2291 694 2351 velle
718 2287 1009 2361 dixisses,
1043 2288 1103 2350 in
1126 2290 1418 2351 balneum
1451 2297 1514 2351 te
1535 2289 1766 2352 ducere
1789 2294 2160 2365 coeperunt:
2190 2286 2272 2348 ibi

210 2365 364 2429 enim
414 2376 586 2430 erant
620 2368 903 2430 insidiae.
985 2370 1068 2429 At
1108 2376 1167 2429 te
1208 2369 1424 2430 eadem
1467 2376 1572 2431 tua
1611 2372 1852 2431 fortuna
1873 2368 2166 2429 servavit=
2206 2366 2270 2426 in

206 2451 486 2512 cubiculo
509 2452 689 2513 malle
716 2448 944 2512 dixisti.
986 2452 1148 2511 Dite
1173 2451 1478 2527 perduint,
1508 2450 1800 2527 fugitivos
1828 2449 1914 2513 ita
1939 2467 2062 2512 non
2084 2449 2274 2509 modo

205 2551 467 2609 nequam
490 2542 551 2596 et
572 2535 906 2611 improbus,
938 2533 1051 2595 sed
1085 2534 1286 2597 fatuus
1311 2541 1373 2597 et
1392 2551 1604 2598 amens
1635 2551 1724 2595 es.
1757 2532 1953 2609 Quid?
1971 2533 2072 2594 ille
2096 2530 2277 2607 signa

204 2620 393 2679 aenea
421 2617 485 2678 in
516 2616 754 2680 insidiis
791 2626 1098 2692 posuerat,
1128 2632 1288 2692 quae
1309 2633 1346 2678 c
1373 2617 1593 2679 balneo
1621 2616 1680 2677 in
1704 2616 2049 2678 cubiculum
2077 2622 2267 2675 trans-

204 2698 347 2758 ferri
364 2716 486 2759 non
511 2702 809 2775 possent?
836 2700 1047 2761 Habes
1078 2699 1328 2761 crimina
1349 2698 1739 2762 insidiarum=
1764 2697 1908 2758 nihil
1932 2696 2092 2758 enim
2118 2694 2272 2756 dixit

205 2780 484 2855 amplius.
544 2782 809 2856 Horum,
835 2779 1049 2858 inquit,
1080 2798 1246 2843 eram
1272 2783 1584 2845 conscius.
1671 2780 1826 2855 Quid
1859 2787 2023 2842 tum?
2052 2780 2143 2841 Ita
2169 2777 2276 2839 ille

208 2865 459 2925 demens
488 2871 645 2936 erat,
678 2869 749 2924 ut
778 2880 945 2936 eum,
978 2879 1160 2939 quem
1192 2864 1508 2926 conscium
1535 2864 1684 2925 tanti
1717 2861 1971 2924 sceleris
1999 2862 2268 2933 haberet,

206 2963 245 3007 a
278 2962 346 3007 se
379 2945 740 3007 dimitteret?
764 2946 1019 3008 Romam
1050 2945 1231 3007 etiam
1265 2945 1542 3021 mitteret,
1567 2944 1673 3007 ubi
1702 2955 1763 3007 et
1788 2943 2270 3007 inimicissimum

206 3029 388 3091 sciret
427 3044 572 3091 esse
612 3036 898 3103 nepotem
928 3043 1105 3089 suum
1137 3036 1199 3089 et
1227 3029 1290 3091 G.
1321 3030 1672 3101 Caesarem,
1715 3026 1816 3089 cui
1843 3026 2094 3090 fecisset
2122 3024 2267 3087 insi-

208 3111 369 3181 diaS,
423 3111 781 3188 praesertim
822 3126 1009 3187 quum
1041 3108 1096 3171 is
1131 3126 1292 3173 unus
1323 3120 1492 3175 esset
1524 3110 1629 3188 qui
1660 3119 1878 3187 posset
1905 3112 1984 3173 de
2015 3110 2275 3171 absente

208 3209 274 3253 se
299 3192 619 3255 indicaret
656 3191 755 3253 22.
790 3192 867 3255 Et
890 3193 1106 3254 fratres
1134 3210 1342 3271 meos,
1368 3192 1584 3272 inquit,
1617 3194 1787 3271 quod
1816 3200 1989 3255 erant
2017 3190 2272 3263 conscii,

206 3272 267 3335 in
306 3274 549 3339 vincula
586 3275 865 3339 coniecit.
954 3274 1151 3353 Quum
1189 3276 1372 3355 igitur
1415 3294 1529 3342 eos
1559 3275 1848 3362 vinciret,
1871 3291 2030 3353 quos
2059 3290 2269 3339 secum
