2459 3817
261 155 343 219 66
723 165 799 222 lN
839 163 899 223 C.
941 163 1267 223 VERREM
1306 162 1473 223 ACT.
1504 163 1574 221 ΙΙ.
1618 162 1761 221 LIB.
1793 164 1896 221 lv.

433 314 533 371 lv.
589 312 700 372 Pro
733 312 913 372 deum
941 310 1373 385 hominumque
1402 309 1791 385 ademi-quid
1818 310 1935 369 hoc
1966 318 2103 371 est?
2144 329 2301 386 quae

267 397 421 455 haec
471 409 658 453 causa
698 402 836 455 est?
889 410 1046 468 quae
1094 392 1209 453 ista
1258 392 1666 466 impudentia?
1722 392 1887 465 Quae
1928 391 2066 452 dico
2110 393 2295 469 signa,

269 484 407 537 ante
434 492 614 549 quam
636 475 746 535 abs
777 484 837 535 te
867 476 1102 535 sublata
1125 483 1281 545 sunt,
1315 490 1489 534 nemo
1505 475 1849 534 Messanam
1878 490 2013 534 cum
2047 474 2301 550 imperio

266 559 432 618 venit
461 556 602 630 quin
633 557 861 617 viserit.
890 557 999 617 Tot
1022 564 1353 630 praetcrea,
1384 564 1471 617 tot
1500 558 1785 617 consules
1808 555 1867 615 in
1884 555 2089 616 Sicilia
2114 574 2299 632 quum

267 639 326 699 iu
365 654 517 714 pace
551 648 673 703 tum
703 639 879 699 etiam
925 639 986 698 in
1026 639 1185 697 bello
1240 641 1505 699 suerunt:
1548 645 1637 699 tot
1678 638 1953 698 homines
2003 638 2301 714 cuiusque

269 720 462 780 modi=
511 736 631 781 non
662 722 881 794 loquor
909 722 987 781 de
1015 720 1295 794 integris,
1341 720 1793 792 innocentibuS,
1834 714 2163 793 religiosi&
2214 728 2299 781 tot

267 800 500 876 cupidi,
537 810 623 861 tot
645 801 922 875 improbi,
955 809 1038 863 tot
1068 803 1367 873 audaceS,
1408 818 1665 876 quorum
1694 817 1871 862 nemo
1908 802 2022 861 sibi
2045 811 2165 862 tam
2195 818 2297 861 ve-

267 885 547 956 hemenS,
575 893 694 943 tam
722 892 939 957 potens
957 930 971 954 ,
1004 891 1120 943 tam
1159 884 1378 944 nobilis
1403 883 1573 943 visus
1603 892 1697 943 est
1726 882 1830 958 qui
1857 900 1936 943 ex
1964 883 2065 944 illo
2096 900 2298 943 sacra·

265 966 354 1026 rio
389 964 718 1039 quidquam
743 982 999 1039 poscere
1020 974 1124 1025 aut
1148 968 1359 1025 tollere
1387 975 1491 1027 aut
1516 965 1809 1039 attingere
1837 966 2103 1025 auderet.
2146 967 2297 1024 Ver·

265 1064 363 1108 res
421 1048 584 1122 quod
632 1046 859 1121 ubique
908 1046 1021 1107 erit
1065 1046 1529 1121 pulcherrimum
1568 1049 1843 1108 auferet?
1889 1046 2034 1106 nihil
2074 1048 2301 1107 habere

267 1129 548 1204 cuiquam
583 1136 897 1203 praeterea
925 1128 1171 1189 licebit?
1207 1138 1297 1190 tot
1324 1130 1541 1190 domus
1570 1127 2079 1224 locupletissimas
2123 1129 2298 1189 istius

265 1213 480 1273 domus
514 1228 636 1271 una
665 1210 907 1285 capiet?
944 1209 1175 1271 Idcirco
1211 1228 1387 1272 nemo
1424 1210 1805 1286 superiorum
1832 1210 2049 1283 attigit,
2094 1218 2161 1270 ut
2200 1210 2299 1269 hic

267 1295 539 1355 tolleret?
570 1293 710 1354 ideo
747 1293 808 1353 C.
841 1292 1125 1353 Claudius
1153 1293 1408 1353 Pulcher
1433 1293 1686 1367 rettulit,
1716 1299 1783 1353 ut
1816 1292 1876 1351 C.
1899 1294 2124 1351 Verres
2155 1308 2295 1365 pos-

267 1385 360 1435 set
395 1376 674 1434 auferre?
727 1378 808 1434 At
839 1390 962 1433 non
1007 1374 1353 1446 requirebat
1382 1374 1482 1435 ille
1518 1374 1749 1449 Cupido
1787 1372 2021 1433 lenonis
2052 1375 2299 1434 domum

265 1472 336 1516 ac
366 1455 760 1516 meretriciam
796 1454 1207 1530 disciplinam=
1254 1455 1428 1516 facile
1460 1456 1561 1517 illo
1598 1455 1863 1517 sacrario
1909 1455 2101 1529 patrio
2153 1471 2291 1515 con-

265 1537 580 1597 tinebatur.
639 1535 790 1599 Heio
822 1552 956 1597 sea
978 1537 1305 1598 maioribus
1334 1538 1603 1599 relictum
1636 1554 1779 1601 esse
1820 1537 2052 1597 sciebat
2090 1535 2148 1595 in
2192 1538 2286 1596 he-

262 1620 513 1681 reditate
545 1635 886 1679 sacrorum:
918 1635 1040 1678 non
1069 1620 1402 1694 quaerebat
1432 1620 1765 1681 meretricIS
1798 1620 2101 1679 heredem.

427 1702 485 1763 8.
553 1700 676 1761 Sed
707 1700 853 1775 quid
882 1716 995 1775 ego
1027 1709 1145 1761 tam
1173 1703 1564 1763 vehementer
1596 1701 1891 1762 invehor?
1924 1701 2131 1761 Verbo
2172 1716 2298 1761 uno

261 1786 536 1859 repellar.
617 1782 763 1857 Emi,
799 1783 1011 1858 inquit.
1143 1781 1215 1845 Di
1264 1784 1661 1844 immortales!
1694 1785 2065 1858 praeclaram
2088 1783 2295 1843 delen-

263 1866 524 1927 sionem!
583 1866 978 1927 Mercatorem
1007 1864 1068 1926 in
1102 1865 1474 1940 provinciam
1508 1881 1643 1925 cum
1685 1864 1937 1939 imperio
1964 1880 2039 1924 ac
2070 1864 2299 1925 securi-

261 1948 376 2007 bus
406 1945 707 2017 misimuS,
745 1948 946 2007 omnia
978 1946 1082 2021 qui
1111 1949 1315 2021 signa,
1348 1949 1585 2008 tabulas
1618 1947 1839 2021 pictas,
1876 1962 2053 2006 omne
2082 1962 2297 2020 argen-

265 2037 416 2097 tum,
446 2043 678 2098 aurum,
711 2029 887 2100 ebur,
925 2044 1194 2103 gemmas
1224 2033 1557 2100 coemeret,
1601 2027 1747 2088 nihil
1790 2028 2071 2103 cuiquam
2116 2027 2292 2087 relin-

264 2118 502 2184 queret!
560 2110 724 2169 Haec
748 2110 906 2169 enim
927 2110 1070 2169 mihi
1098 2111 1176 2169 ad
1206 2110 1407 2169 omnia
1440 2110 1717 2171 defensio
1750 2109 2018 2184 patefieri
2041 2108 2297 2180 videtur,

263 2191 503 2252 emisse.
573 2191 858 2262 Primum,
915 2190 968 2251 si
999 2192 1092 2264 id,
1147 2193 1313 2266 quod
1370 2190 1490 2265 viS,
1540 2192 1645 2253 tibi
1696 2209 1809 2267 ego
1841 2192 2201 2263 concedam,
2232 2200 2297 2251 ut

264 2272 514 2347 emeriS,
570 2273 855 2347 quoniam
898 2272 960 2332 in
1019 2281 1141 2333 toto
1186 2274 1306 2334 hoc
1346 2289 1568 2347 genere
1614 2274 1730 2335 hac
1773 2289 1894 2334 una
1938 2272 2295 2332 defensione

195 2366 200 2370 ’
261 2372 484 2417 usurus
506 2372 593 2426 ee,
627 2371 855 2428 quaero
887 2354 1059 2415 cuius
1088 2354 1252 2415 modi
1281 2364 1345 2416 tu
1371 2355 1595 2415 iudicia
1620 2351 1849 2417 Rom'ae
1880 2353 2109 2430 putaris
2133 2370 2294 2427 esse,

262 2436 315 2496 si
359 2435 463 2496 tibi
508 2437 626 2496 hoc
656 2451 1021 2510 quemquam
1067 2453 1502 2497 concessurum
1534 2437 1789 2511 putasti,
1837 2445 1896 2496 te
1918 2436 1983 2496 in
2014 2444 2295 2509 praetura

261 2526 445 2592 atque
483 2515 736 2591 imperio
784 2525 873 2579 tot
903 2534 1033 2591 res,
1075 2526 1191 2578 tam
1233 2522 1567 2593 pretiosas,
1639 2534 1849 2579 omnes
1888 2518 2153 2592 denique
2194 2534 2295 2577 res

263 2616 420 2673 quae
454 2598 710 2659 alicuius
752 2604 920 2673 pretii
971 2601 1188 2661 fuerint
1215 2610 1341 2662 tota
1372 2618 1449 2662 ex
1480 2600 1793 2674 provincia
1820 2598 2164 2659 coemisse?
2217 2600 2291 2657 V.

260 2681 319 2741 9.
375 2680 594 2741 Videte
629 2681 920 2741 maiorum
961 2682 1359 2758 diligentiam,
1403 2682 1508 2757 qui
1549 2682 1838 2743 nihildum
1880 2680 2059 2741 etiam
2118 2679 2295 2741 istius

261 2763 422 2823 modi
452 2763 944 2838 suspicabantur,
971 2781 1182 2826 verum
1217 2774 1413 2824 tamen
1445 2780 1547 2835 ea,
1594 2779 1749 2838 quae
1785 2762 1987 2838 parvis
2018 2762 2081 2821 in
2108 2764 2294 2823 rebus

260 2844 538 2906 accidere
562 2854 854 2920 poterant,
880 2846 1325 2920 providebant..
1350 2846 1678 2917 Neminem,
1710 2844 1815 2919 qui
1834 2861 1969 2905 cum
1994 2850 2293 2919 potestate

261 2934 363 2986 aut
388 2928 684 3002 legatione
708 2928 768 2987 in
785 2927 1156 3001 provinciam
1175 2934 1341 2987 esset
1365 2927 1693 3002 profectus,
1723 2938 1841 2987 tam
1855 2934 2149 2987 amentem
2167 2927 2295 2987 fore

263 3017 652 3084 putaverunt,
687 3018 753 3069 ut
785 3018 1010 3070 emeret
1031 3018 1373 3081 argentumz
1418 3008 1672 3069 dabatur
1701 3008 1859 3069 enim
1904 3010 1983 3067 de
2019 3006 2294 3082 publico=

263 3100 326 3151 ut
370 3100 630 3151 vestemz
677 3090 1078 3164 praebebatur
1105 3090 1264 3149 enim
1300 3090 1565 3165 legibus=
1604 3090 1967 3164 mancipium
1990 3095 2297 3163 putarunt,

265 3190 386 3246 quo
418 3182 478 3232 et
506 3188 714 3232 omnes
747 3170 1054 3231 utimur·et
1082 3188 1200 3232 non
1227 3173 1547 3245 praebetur
1580 3191 1615 3231 a
1644 3174 1893 3246 populo.
1935 3172 2297 3241 sanxerunt,

264 3270 337 3311 m:
368 3268 499 3321 oms
529 3268 760 3309 mnam
787 3266 908 3311 ms1
938 3268 998 3309 m
1026 3268 1325 3313 nnmonrm
1346 3268 1557 3313 Locum.
1624 3252 1688 3315 Si
1734 3252 1835 3326 qui
1862 3253 2091 3313 Romae
2130 3259 2297 3311 esset

265 3333 654 3393 demortuus?
720 3334 934 3406 Immo,
982 3334 1034 3392 si
1079 3336 1215 3419 quis
1257 3336 1497 3398 ibidem.
1557 3336 1687 3394 Non
1720 3332 1877 3395 enim
1908 3341 1965 3393 te
1998 3332 2294 3393 instruere
