2459 3817
337 101 424 165 30
657 101 804 162 PRO
851 102 1018 161 SEX.
1060 98 1335 161 ROSCIO
1379 98 1725 160 AMERINO
1769 96 2071 159 ORATIO.

348 254 460 315 tias
491 250 630 326 agi?
675 249 954 329 denique,
985 258 1052 311 ut
1077 248 1513 324 perliberaliter
1562 256 1840 325 ageretur
1869 244 2121 307 honoris
2156 246 2391 321 aliquid

345 332 595 395 baberi?
627 333 744 393 Cur
763 333 876 393 tria
897 332 1148 407 praedia
1167 340 1370 393 mutae
1398 331 1693 407 pecuniae
1723 288 1921 391 statim
1945 328 2225 404 Capitoni
2248 331 2389 389 dan-

347 424 482 477 tur?
526 416 644 476 Cur
688 431 848 491 quae
885 414 1120 490 reliqua
1161 423 1305 477 sunt
1360 413 1476 475 iste
1508 412 1770 485 Roscius
1800 411 2000 473 omnia
2032 427 2171 471 cum
2204 412 2391 489 Chry-

347 514 582 573 sogono
607 497 999 561 communiter
1017 496 1337 571 possidet?
1352 497 1565 558 Nonne
1585 494 1978 571 perspicuum
1994 502 2107 566 est,
2131 493 2387 564 iudices,

348 582 462 641 has
492 580 808 642 manubias
829 579 1075 641 Rosciis
1099 580 1563 657 Chrysogonum
1590 593 1658 639 re
1680 575 1924 651 cognita
1955 577 2391 637 concessisse?

343 664 664 741 xxxvia.
699 661 840 723 109.
876 660 1059 722 Venit
1087 661 1149 723 in
1181 664 1394 723 decem
1426 660 1636 737 primis
1668 661 1903 735 legatus
1943 658 2002 719 in
2048 666 2254 719 castra
2282 660 2385 719 Ca·

349 744 499 825 pito.
563 746 770 807 Totam
810 744 1013 818 vitam,
1055 753 1330 805 naturam
1365 758 1691 817 moresque
1726 740 1987 802 hominis
2020 756 2099 800 ex
2130 740 2276 815 ipsa
2306 744 2384 801 le-

345 828 588 903 gatione
619 826 990 903 cognoscite.
1049 826 1184 887 Nisi
1217 824 1663 897 intellexeritis,
1691 822 1947 895 iudices,
1978 823 2211 885 nullum
2246 840 2386 884 esse

345 910 629 983 officium,
666 912 893 971 nullum
926 909 1023 971 ius
1053 917 1170 969 tam
1200 916 1473 969 sanctum
1496 916 1679 981 atque
1710 904 2026 980 integrum,
2060 906 2233 979 quod
2264 923 2384 965 non

343 992 479 1055 cius
499 996 705 1055 scelus
737 1000 922 1066 atque
945 990 1201 1065 perfidia
1235 989 1473 1051 violarit
1500 998 1563 1050 et
1585 986 1965 1061 imminuerit,
2000 986 2194 1049 virum
2232 989 2385 1064 opti-

344 1092 508 1137 mum
539 1091 684 1137 esse
713 1090 852 1135 eum
879 1072 1226 1136 iudicatote.
1268 1069 1411 1133 110.
1441 1070 1875 1146 Impedimento
1906 1079 2003 1131 est
2024 1086 2148 1144 quo
2182 1070 2385 1131 minus

345 1159 426 1219 de
467 1156 564 1217 his
599 1157 781 1220 rebus
811 1155 980 1217 Sulla
1008 1155 1330 1215 doceatur:
1361 1162 1737 1215 caeterorum
1756 1154 2089 1227 legatorum
2126 1152 2382 1215 consilia

343 1248 404 1301 et
436 1241 804 1301 voluntatem
839 1239 1240 1315 Chrysogono
1270 1236 1571 1299 enuntiat:
1622 1242 1827 1299 monet
1853 1244 1921 1297 ut
1950 1235 2279 1311 provideat
2310 1253 2385 1295 ne

341 1324 545 1396 palam
577 1338 679 1383 res
711 1330 953 1395 agaturz
997 1320 1280 1393 ostendit,
1312 1320 1366 1381 si
1395 1320 1633 1381 sublata
1665 1318 1743 1381 sit
1768 1317 2038 1381 venditio
2061 1318 2377 1388 bonorum,

342 1404 510 1463 illum
542 1402 864 1477 pecuniam
892 1401 1182 1476 grandem
1213 1401 1597 1475 amissurum,
1630 1418 1771 1461 sese
1806 1400 2022 1475 capitis
2044 1400 2380 1476 periculum

342 1484 673 1545 aditurumz
707 1482 875 1547 illum
901 1498 1140 1557 acuere,
1170 1483 1286 1545 hos
1302 1529 1317 1556 ,
1354 1481 1459 1559 qui
1487 1484 1663 1545 simul
1697 1492 1869 1543 erant
1900 1482 2103 1556 missi,
2140 1484 2381 1544 falleret

341 1564 507 1626 illum
545 1564 894 1629 idemtidem
925 1581 1173 1627 monere
1223 1574 1293 1627 ut
1336 1576 1605 1640 caveret,
1664 1566 1835 1627 hisce
1878 1565 2178 1627 insidiose
2208 1583 2381 1641 spem

341 1649 556 1709 salsam
589 1648 940 1709 ostenderet
971 1663 1108 1711 cum
1139 1648 1243 1709 illo
1275 1655 1483 1711 contra
1522 1649 1637 1709 hos
1662 1646 1815 1709 inire
1844 1646 2127 1719 consilia,
2165 1648 2381 1709 horum

341 1730 596 1791 consilia
614 1728 700 1792 illi
721 1728 1064 1792 enuntiare:
1113 1730 1373 1793 camillo
1398 1737 1629 1807 partem
1650 1746 1820 1791 suam
1843 1728 2173 1804 depecisci,
2210 1729 2385 1791 hisce

339 1813 545 1889 aliqua
582 1815 742 1875 facta
771 1832 941 1877 mora
973 1830 1216 1890 semper
1244 1829 1454 1875 omnes
1486 1812 1685 1873 aditus
1718 1812 1797 1871 ad
1830 1811 2059 1873 Sullam
2098 1810 2379 1873 interclu-

339 1895 520 1954 dere:
547 1904 858 1970 postremo
891 1896 1008 1957 isto
1041 1898 1364 1969 hortatore,
1394 1904 1657 1967 auctore,
1700 1892 2106 1954 intercessore
2134 1896 2218 1953 ad
2250 1894 2381 1955 Sul-

339 1977 458 2035 lam
479 1976 660 2051 legati
682 1993 802 2036 non
826 1977 1131 2039 adiel-unte
1165 1978 1340 2039 istius
1362 1978 1484 2037 fide
1511 1993 1585 2037 ac
1606 1974 1811 2051 potius
1836 1974 2093 2051 perfidia
2116 1976 2380 2051 decepti,

338 2056 402 2117 id
434 2057 602 2131 quod
635 2072 715 2116 ex
743 2057 899 2133 ipsis
931 2074 1306 2132 cognoscere
1339 2057 1641 2133 poteritis,
1685 2056 1739 2117 si
1770 2066 2093 2119 accusator
2118 2057 2377 2119 voluerit

335 2137 744 2201 testimonium
771 2137 863 2203 eis
892 2140 1267 2214 denuntiare,
1346 2154 1457 2212 pro
1495 2156 1564 2198 re
1605 2146 1767 2199 certa
1812 2156 1986 2214 spem
2022 2140 2241 2199 falsam
2274 2142 2377 2199 do-

337 2237 497 2281 mum
528 2222 900 2284 rettulerunt.
986 2219 1125 2281 111.
1159 2224 1226 2281 ln
1260 2219 1510 2293 privatis
1538 2221 1722 2281 rebus
1753 2221 1805 2281 si
1837 2222 1939 2296 qui
1978 2236 2107 2280 rem
2129 2224 2375 2283 manda-

338 2312 457 2366 tam
491 2321 612 2365 non
641 2304 826 2364 modo
868 2301 1226 2363 malitiosius
1272 2300 1570 2377 gessisset
1612 2303 1706 2363 sui
1751 2312 2041 2377 quaestus
2073 2312 2179 2369 aut
2215 2321 2373 2364 com-

335 2386 500 2447 modi
520 2402 729 2460 causa,
757 2401 969 2447 verum
991 2384 1170 2445 etiam
1191 2383 1610 2459 negligentius,
1633 2402 1770 2448 eum
1792 2385 2051 2447 maiores
2074 2402 2377 2449 summum

339 2467 660 2529 admisisse
687 2468 959 2529 dedecus
993 2465 1432 2528 existimabant.
1517 2468 1728 2541 Itaque
1766 2466 2037 2527 mandati
2084 2468 2376 2529 constitu-

336 2558 461 2609 tum
481 2556 576 2609 est
600 2548 890 2611 iudicium
910 2565 1032 2609 non
1053 2548 1253 2610 minus
1284 2556 1459 2623 turpe
1484 2566 1663 2623 quam
1687 2548 1845 2623 furti,
1870 2550 2073 2623 credo,
2096 2557 2377 2625 propter-

335 2647 409 2691 ea
449 2632 615 2705 quod
671 2630 889 2707 quibus
936 2632 996 2689 in
1033 2631 1218 2691 rebus
1259 2628 1379 2704 ipsi
1418 2630 1716 2692 interesse
1746 2648 1868 2692 non
1915 2646 2281 2706 possumuS,
2318 2632 2379 2691 in

335 2713 410 2776 iis
459 2730 685 2787 operae
715 2721 960 2783 nostrae
992 2711 1220 2773 vicaria
1249 2713 1405 2772 fides
1433 2712 1761 2773 amicorum
1786 2712 2165 2788 supponitur,
2193 2732 2379 2789 quam

335 2794 439 2870 qul
467 2797 670 2869 laedit,
708 2802 1022 2870 oppugnat
1044 2794 1307 2855 omnium
1340 2810 1657 2855 commune
1688 2795 2061 2871 praesidium
2092 2803 2153 2856 et
2181 2812 2378 2871 quan·

333 2886 457 2937 tum
485 2876 544 2937 in
576 2876 714 2954 ipso
745 2886 840 2937 est
867 2876 1162 2939 disturbat
1187 2876 1350 2937 vitae
1379 2878 1750 2938 societatem.
1792 2878 1925 2937 Non
1958 2877 2117 2937 enim
2145 2894 2381 2953 possu—

331 2976 467 3020 mus
497 2961 694 3020 omnia
725 2976 838 3034 per
877 2976 993 3020 nos
1021 2975 1230 3035 agere:
1291 2959 1445 3019 alius
1486 2958 1547 3019 in
1581 2960 1697 3019 alia
1727 2969 1821 3022 est
1852 2977 1921 3020 re
1951 2958 2143 3033 magis
2173 2960 2379 3021 utilisz

330 3039 558 3101 idcirco
593 3040 890 3102 amicitiae
919 3051 1357 3118 comparantur,
1386 3049 1455 3102 ut
1486 3056 1801 3103 commune
1832 3042 2215 3101 commodum
2244 3060 2375 3101 mu-

330 3122 450 3184 tuis
488 3123 708 3183 osficiis
741 3125 1123 3199 gubernetur.
1190 3120 1329 3185 112.
1356 3123 1510 3197 Quid
1538 3123 1761 3199 recipis
1790 3125 2155 3197 mandatum,
2188 3124 2243 3183 si
2272 3134 2379 3185 aut

329 3208 713 3281 neglecturus
759 3214 863 3267 aut
906 3207 986 3266 ad
1024 3214 1192 3267 tuum
1241 3206 1623 3267 commodum
1657 3222 2066 3271 conversurus
2095 3213 2209 3266 es?
2267 3222 2381 3266 cur

336 3286 472 3348 mihi
499 3286 571 3349 te'
595 3288 783 3350 offers
815 3305 887 3349 ac
917 3288 1068 3351 meis
1112 3288 1450 3349 commodis
1498 3288 1701 3350 officio
1750 3288 2027 3351 simulato
2072 3288 2273 3349 officis
2314 3298 2384 3349 et
