2459 3817
788 130 957 193 CAP.
984 141 1179 195 2-5.
1221 139 1276 197 s.
1304 140 1532 195 5-—12
2057 119 2178 183 261

76 282 410 343 intulisse
496 282 625 343 Sed
650 280 745 343 vis
776 282 1129 343 calamitosa
1162 290 1286 355 est,
1333 282 1512 357 qua‘m
1549 278 1668 341 illis
1703 270 2182 341 intulerunt-11·

80 366 248 425 bido
292 364 629 441 flagitiosa,
666 381 791 440 qua
814 364 1217 426 Antoniorum
1259 362 1446 425 oblita
1493 370 1588 423 est
1627 362 1768 423 vita.
1831 362 1964 423 Est
1999 360 2184 437 igitur

82 448 467 523 quisquam,
500 446 605 521 qui
633 448 849 509 hostes
873 448 1187 522 appellare
1215 464 1342 507 non
1367 446 1620 519 audeat,
1653 461 1911 519 quorum
1942 445 2181 507 scelere

78 530 527 591 crudelitatem
544 529 1143 605 Karthaginiensium
1168 531 1386 589 victam
1410 544 1553 589 esse
1575 529 1875 589 fateatur?
1919 528 2020 586 Ν.
2047 526 2178 600 Qua

78 612 263 673 enim
312 611 380 673 in
414 614 567 673 urbe
610 620 729 673 tam
775 611 1055 673 iminanis
1081 609 1382 673 Hannibal
1418 620 1598 685 capta
1617 626 1812 687 quam
1862 608 1921 669 in
1959 608 2178 671 Parma

82 704 389 771 surrepta
415 694 763 757 Antonius?
818 694 951 755 Nisi
980 696 1135 756 forte
1166 695 1271 755 hui
1319 712 1350 754 s
1381 693 1662 756 coloniae
1693 701 1752 753 et
1817 701 2174 767 ceterarum,

84 778 156 838 in
191 795 353 853 quas
386 779 603 839 eodem
633 785 728 837 est
754 778 986 851 animo,
1025 795 1149 839 non
1192 792 1262 837 es
1317 776 1514 835 hostis
1546 775 1872 850 putandus.
1960 772 2062 837 10.
2109 775 2176 837 Si

84 877 251 921 vero
284 862 661 923 coloniarum
683 869 745 923 et
764 860 1233 935 municipiorum
1263 859 1398 918 sine
1424 858 1546 917 ulla
1573 856 1946 917 dubitatione
1976 857 2175 918 hostis

91 954 229 1015 est,
270 943 423 1019 quid
453 945 697 1003 tandem
726 942 911 1003 huius
941 939 1208 1001 censetis
1237 940 1440 1010 urbiS,
1472 956 1651 1013 quam
1683 938 1783 999 ilie
1814 939 1894 998 ad
1923 941 2174 1014 explen-

88 1028 213 1085 das
266 1033 575 1099 egestates
615 1024 915 1086 latrocinii
954 1024 1055 1084 sui
1106 1022 1497 1097 concupivit?
1551 1038 1733 1097 quam
1779 1020 1898 1081 iam
1939 1021 2174 1096 peritus

86 1116 360 1173 metator
389 1115 449 1167 et
479 1107 735 1167 callidus
768 1106 1153 1181 decempeda
1188 1123 1304 1166 sua
1332 1104 1497 1163 Saxa
1525 1104 1858 1165 diviserat?
1941 1106 2170 1165 Recor-

90 1189 363 1262 damini,
404 1205 517 1263 per
556 1190 709 1249 deos
754 1188 1156 1251 immortales!
1220 1196 1428 1263 patres
1471 1186 1833 1261 conscripti,
1872 1186 2021 1263 quid
2055 1186 2174 1247 hoc

88 1272 291 1333 biduo
336 1270 711 1331 timuerimus
763 1289 801 1331 a
841 1269 1195 1333 domesticis
1237 1268 1518 1331 hostibus
1558 1268 1904 1330 rumoribus
1947 1270 2170 1343 impro-

88 1354 375 1415 bissimis
429 1351 765 1429 dissipatis.
852 1354 1000 1427 Quis
1048 1353 1308 1426 liberos,
1361 1354 1500 1427 quis
1543 1352 1861 1427 coniugem
1893 1351 2174 1427 aspicere

94 1445 343 1513 poterat
370 1436 504 1498 sine
530 1434 709 1509 fietu,
746 1438 883 1511 quis
914 1438 1190 1509 domum,
1225 1434 1364 1510 quis
1393 1443 1581 1509 tecta,
1615 1434 1754 1510 quis
1783 1437 1971 1494 larem
2000 1431 2166 1494 faml-

95 1523 360 1581 liarem?
442 1522 569 1580 Aut
605 1519 1020 1581 foedissimam
1058 1526 1314 1579 mortem
1361 1534 1576 1578 omnes
1617 1527 1722 1579 aut
1763 1517 2168 1579 miserabilem

94 1605 308 1677 fugam
359 1601 723 1676 cogitabant.
810 1602 981 1661 Haec
1019 1618 1057 1661 a
1102 1601 1327 1677 quibus
1365 1600 1758 1672 timebantur,
1803 1616 1916 1662 eos
1957 1599 2169 1660 hostes

101 1685 413 1759 appellare
451 1684 840 1745 dubitamus?
925 1682 1182 1744 Gravius
1226 1682 1282 1742 si
1312 1682 1452 1756 quis
1493 1682 1757 1744 attulerit
1797 1697 2050 1752 nomen,
2103 1679 2170 1740 li·

101 1768 316 1825 benter
357 1765 694 1827 adsentiar:
756 1767 876 1827 hoc
917 1767 1149 1840 vulgari
1204 1774 1537 1825 contentus·
1571 1765 1672 1823 vix
1725 1782 1890 1837 sum,
1941 1762 2170 1823 leviore

101 1863 227 1907 non
274 1855 427 1907 utar.

226 1926 325 1991 11.
372 1931 583 2005 Itaque
632 1948 819 2006 quum
865 1928 1342 2007 supplicationes
1383 1927 1751 1993 iustissimas
1795 1945 1873 1989 ex
1911 1928 1988 1990 iis
2013 1928 2170 1993 litte-

99 2014 221 2084 riS,
261 2029 421 2085 quae
460 2013 745 2073 recitatae
784 2024 957 2087 sunt,
1007 2015 1339 2083 decernere
1382 2014 1713 2074 debeamus
1747 2011 2168 2088 Serviliusque

103 2094 473 2166 decreverit,
533 2095 773 2170 augebo
836 2095 1082 2157 omnino
1132 2112 1446 2157 numerum
1498 2095 1759 2168 dierum,
1811 2096 2168 2170 praesertim

104 2194 289 2251 quum
310 2194 437 2237 non
461 2178 587 2249 uni,
611 2180 725 2239 sed
744 2176 939 2239 tribus
965 2177 1223 2240 ducibus
1254 2180 1375 2239 sint
1397 2178 1837 2239 decernendae.
1893 2177 2019 2239 Sed
2048 2178 2168 2239 hoe

108 2260 359 2334 primnm
400 2260 646 2332 faciam,
687 2266 757 2320 ut
795 2260 1191 2335 imperatores
1230 2263 1536 2338 appellem
1560 2278 1700 2333 eOS,
1747 2278 2006 2335 quorum
2045 2260 2164 2319 vir-

104 2350 257 2412 tute,
312 2340 599 2415 consilio,
647 2340 931 2404 felicitate
971 2343 1250 2403 maximis
1293 2343 1582 2419 perieulis
1635 2344 1940 2405 servitutis
1981 2351 2166 2418 atque

104 2422 379 2485 interitus
426 2422 659 2485 liberati
703 2441 934 2486 sumus.
1018 2426 1256 2485 Etenim
1298 2427 1396 2487 cui
1429 2426 1636 2500 viginti
1676 2426 1772 2485 his
1801 2426 1977 2487 annis
2019 2442 2166 2501 sup-

108 2508 347 2583 plicatio
378 2508 622 2567 decreta
649 2518 772 2580 est,
816 2518 882 2569 ut
909 2525 1031 2569 non
1063 2508 1393 2583 imperator
1421 2510 1830 2583 appellaretur
1858 2518 1964 2570 aut
1991 2507 2165 2569 mini-

108 2588 221 2649 mis
260 2591 445 2651 rebus
474 2591 665 2665 gestis
708 2601 814 2650 aut
838 2592 1198 2666 plerumque
1239 2593 1463 2652 nullis?
1548 2592 1738 2665 Quam
1783 2592 1861 2652 ob
1904 2607 2033 2651 rem
2062 2598 2190 2650 aut·

114 2673 471 2747 supplicatio
513 2673 591 2733 ab
636 2689 741 2746 eo,
783 2674 887 2748 qui
926 2682 1067 2734 ante
1095 2673 1707 2756 dixin-decernenda
1748 2690 1869 2733 non
1912 2672 2024 2733 fuit
2063 2681 2167 2733 aut

107 2756 358 2815 usitatus
397 2754 597 2814 honos
642 2756 1157 2831 pervulgatusque
1186 2758 1545 2818 tribuendus
1577 2755 1686 2828 iis,
1719 2754 1940 2830 quibus
1985 2754 2166 2815 etiam

110 2835 249 2897 novi
290 2836 751 2911 singularesque
791 2836 1106 2898 debentur.
1192 2840 1271 2898 V.
1316 2838 1416 2901 12.
1457 2841 1558 2899 An
1593 2836 1647 2898 si
1684 2839 1820 2912 quis
1859 2836 2164 2913 Hispano·

109 2940 240 2983 rum
262 2924 687 2985 autGallorum
708 2932 819 2985 aut
828 2924 1129 2985 Threcum
1151 2926 1316 2987 mille
1339 2918 1448 2989 aut
1468 2928 1594 2988 duo
1619 2926 1785 2986 milia
1808 2926 2159 2999 occidisset,

110 3004 269 3065 illum
292 3006 407 3065 hac
430 3007 908 3081 consuetudine,
946 3024 1106 3083 quae
1124 3008 1454 3083 increbuit,
1493 3011 1925 3084 imperatorem
1948 3011 2162 3085 appel·

114 3092 259 3149 laret
278 3096 555 3149 senatus:
584 3094 673 3149 tot
700 3086 1044 3163 legionibus
1066 3088 1288 3163 caesiS,
1309 3098 1476 3151 tanta
1497 3088 1878 3152 multitudine
1901 3090 2165 3149 hostium

114 3171 419 3232 interfecta
450 3203 520 3217 -
554 3168 821 3231 hostium
851 3171 1037 3233 dico?
1083 3172 1191 3245 ita,
1236 3171 1516 3247 inquam,
1553 3172 1848 3245 hostium,
1886 3169 2165 3246 quamvis

116 3253 229 3313 hoe
255 3252 351 3314 isti
378 3254 591 3315 hostes
613 3253 929 3315 domestici
952 3253 1161 3327 nolint,
1186 3254 1541 3317 clarissimis
1573 3254 1833 3316 ducibus
1857 3253 2163 3329 supplica-

117 3334 333 3396 tionum
354 3335 650 3397 honorem
676 3336 1029 3408 tribuemuS‚
1059 3336 1515 3413 imperatorium
1539 3353 1759 3398 nomen
1784 3335 2122 3397 adimemus
2137 3342 2164 3392 v

2173 3686 2424 3767 A—!
