2459 3817
732 681 819 768 Μ.
876 682 1147 767 Tum!
1200 681 1622 766 cicnnoNis

374 820 619 919 Plio
710 823 1369 920 P.SES'1'1⁰
1461 821 1994 920 ORATIO.

1028 1033 1334 1044 ’.ι-...ιυ-

428 1127 971 1233 ARGUMENTUM
1000 1171 1332 1232 venenis
1365 1169 1929 1231 Emeum-oms.

288 1307 345 1356 P.
372 1304 565 1356 Sestius
590 1304 928 1356 amicissimus
954 1304 1480 1369 familiarissimasque
1507 1305 1763 1356 Ciceronis
1790 1303 1888 1354 fuit
1913 1305 1966 1354 in
1991 1302 2220 1372 collegio

146 1375 463 1425 tribunorum
488 1373 577 1438 pL,
605 1375 691 1437 qui
716 1373 920 1424 fuerunt
940 1375 997 1428 P.
1019 1371 1233 1424 Lentulo
1253 1372 1520 1440 Spinthere
1545 1373 1604 1434 Q.
1626 1372 1829 1422 Metello
1853 1372 2048 1440 Nepote
2073 1387 2213 1428 coss.

148 1441 305 1508 [anno
328 1458 380 1508 p.
407 1459 459 1493 u.
484 1459 529 1494 c.
558 1441 721 1508 6921.
776 1441 1034 1494 obstinate
1057 1443 1215 1508 igitur
1244 1451 1294 1493 et
1323 1444 1369 1492 is
1393 1458 1507 1494 sese
1538 1443 1794 1493 dediderat
1824 1442 1877 1492 in
1909 1457 2212 1494 consensum

146 1513 305 1577 partis
338 1513 472 1570 eius,
520 1513 605 1574 qui
643 1511 939 1576 dig-nitatem
970 1526 1115 1562 suam
1145 1510 1211 1560 M.
1246 1511 1408 1562 Tullio
1442 1511 1704 1562 restituere
1734 1513 2036 1576 gestiebant.
2109 1511 2212 1561 Sed

146 1581 281 1631 enim
312 1581 369 1630 P.
404 1579 577 1630 Clodio
604 1589 918 1647 repugnante
953 1589 1002 1630 et
1036 1581 1379 1646 conspiratam
1410 1580 1647 1632 seditiose
1681 1580 2055 1635 multitudinem
2091 1594 2212 1628 cou-

146 1655 407 1714 gregante,
442 1662 505 1698 ne
530 1651 641 1710 quis
670 1651 755 1700 isti
781 1649 847 1698 ud
875 1650 1211 1700 revocandum
1236 1648 1525 1698 Ciceronem
1555 1650 1760 1700 daretur
1787 1647 2012 1706 effectus,
2043 1647 2111 1696 ad
2137 1647 2213 1696 di-

147 1717 468 1778 micationem
499 1730 659 1778 usque
686 1731 979 1781 processum
1007 1725 1109 1780 est,
1148 1726 1202 1766 ut
1231 1719 1288 1766 P.
1316 1715 1510 1766 Sestius
1539 1717 1843 1780 gravissime
1873 1721 1924 1764 et
1950 1728 2112 1779 paene
2139 1714 2212 1763 le·

148 1785 317 1838 taliter
340 1783 630 1832 vulneratus
656 1781 794 1847 [vide
820 1784 970 1833 huius
998 1785 1159 1848 ipsius
1187 1786 1432 1834 orationis
1455 1799 1569 1846 cap.
1597 1783 1661 1833 37
1687 1798 1764 1846 sq.
1793 1791 1842 1832 et
1865 1780 2118 1832 Ciceronis
2143 1783 2216 1830 ad

147 1853 207 1915 Q.
244 1850 460 1914 fratrem
494 1852 807 1912 epistolam
841 1851 926 1903 lib.
961 1852 1022 1903 Π.
1055 1867 1136 1916 ep.
1165 1851 1216 1906 3.
1255 1853 1302 1912 S.
1330 1849 1412 1916 6.]
1451 1852 1734 1900 necessario
1769 1858 2034 1914 cogeretur
2063 1849 2211 1897 etiam

147 1923 262 1986 ipse
289 1926 587 1968 armatorum
612 1933 813 1968 manum
845 1919 1221 1984 gladiatoriam,
1260 1920 1396 1981 quod
1423 1916 1542 1969 Milo
1570 1920 1669 1967 iam
1701 1918 1913 1976 fecerat,
1953 1917 2212 1976 adhibere,

149 1988 397 2053 praesidii
430 1985 623 2037 scilicet
655 1988 843 2054 gratia:
884 1989 959 2036 sio
989 1988 1122 2036 enirn
1154 1989 1320 2053 potuit
1349 1987 1508 2047 effici,
1543 1995 1598 2036 ut
1629 1987 1900 2044 actionem,
1938 1999 2214 2049 quam·pro

143 2055 313 2106 Tullio
344 2055 654 2115 instituerat,
690 2057 951 2108 obtineret.
1025 2055 1292 2119 Postquam
1323 2063 1492 2105 tamen
1525 2054 1694 2106 Cicero
1727 2055 1792 2105 ab
1829 2053 2010 2104 exsilio
2042 2054 2210 2108 rediit.

146 2137 389 2175 accusare
424 2124 487 2174 de
520 2123 573 2173 vi
602 2122 659 2176 P.
690 2123 893 2176 Clodius
921 2121 1141 2174 Sestium
1172 2126 1340 2188 coepit
1379 2123 1607 2174 immisso
1641 2123 1776 2173 velut
1807 2123 2037 2188 principe
2073 2122 2204 2173 dela-

144 2194 301 2243 tionis
330 2191 397 2242 M.
435 2191 750 2242 Albinovano
788 2196 835 2244 et
864 2193 1205 2243 testimonium
1244 2195 1442 2244 dicente
1478 2195 1535 2247 P.
1566 2193 1797 2242 Vatinio:
1848 2199 1902 2242 ut
1932 2192 2028 2241 hoc
2065 2205 2210 2257 prae·

147 2264 300 2326 cipue
346 2261 541 2311 crimini
586 2261 756 2326 daret,
808 2261 943 2325 quod
984 2275 1347 2328 supergressus
1395 2261 1596 2312 civilem
1641 2261 1846 2312 modum
1892 2261 2209 2325 rogationem

146 2343 295 2378 suam
326 2343 420 2378 non
462 2330 709 2392 aequitate
742 2331 1077 2394 persuaserit,
1123 2331 1215 2380 sed
1252 2331 1406 2380 armis
1443 2330 1728 2381 obtinuerit.
1801 2327 1896 2378 Cui
1933 2335 2212 2394 opponetur

148 2397 301 2446 huius
335 2398 471 2446 modi
504 2412 535 2445 a
564 2397 802 2449 Cicerone
839 2398 1068 2450 defensio
1104 2412 1195 2462 per
1230 2397 1520 2461 qualitatem
1551 2399 1744 2464 speciei
1787 2397 2002 2462 duplicis
2047 2431 2200 2447 .....

156 2499 823 2517 ....................
900 2465 1023 2516 Nam
1068 2467 1334 2517 relativum
1363 2467 1461 2516 hoc
1489 2469 1608 2526 erit,
1656 2468 1787 2516 iuste
1823 2474 1872 2515 et
1914 2467 2092 2516 merito
2119 2465 2211 2512 ha·

146 2535 319 2584 buisse
352 2539 653 2584 armatorum
694 2535 945 2602 praesidia
982 2537 1038 2588 P.
1076 2533 1325 2599 Sestium,
1369 2543 1426 2585 ut
1455 2535 1722 2588 Clodianos
1757 2536 1974 2600 impetus
2017 2535 2081 2584 ab
2125 2532 2208 2581 illa

147 2602 493 2662 dimicatione,
532 2617 681 2664 quam
718 2605 885 2654 facere
919 2612 1185 2668 coeperat,
1232 2605 1588 2656 submoveret..
1638 2603 1770 2652 Illud
1803 2617 1924 2654 vero
1961 2603 2029 2652 ad
2069 2616 2211 2651 com·

144 2671 492 2734 pensationem
523 2671 762 2732 refertur,
795 2686 888 2736 pro
917 2673 1052 2722 bona
1078 2685 1231 2722 causa
1265 2681 1314 2722 et
1343 2673 1417 2722 rei
1451 2673 1680 2738 publicae
1710 2671 2018 2733 necessaria,
2055 2670 2208 2720 etiam

146 2740 189 2786 si
224 2745 445 2790 armatos
474 2738 731 2804 habuerit,
781 2740 1080 2802 impunitum
1125 2755 1238 2790 esse
1275 2741 1488 2806 debere,
1535 2754 1690 2803 quum
1720 2740 1844 2788 bene
1875 2740 2110 2788 meritum
2145 2737 2211 2785 de

144 2805 307 2856 salute
356 2806 548 2870 patriae
592 2807 755 2855 civem
794 2808 989 2856 restitui
1027 2807 1175 2857 vellet
1218 2810 1442 2858 omnium
1494 2809 1694 2858 favente
1736 2821 2002 2857 consensu.
2071 2805 2212 2854 Hane

146 2874 301 2938 igitur
332 2873 560 2922 eamdem
595 2888 798 2923 causam
825 2874 1031 2938 plurimi
1063 2874 1418 2934 defenderunt,
1449 2878 1502 2925 in
1533 2877 1649 2939 quis
1680 2873 1774 2923 fuit
1807 2875 1865 2934 Q.
1891 2874 2206 2930 Hortensius,

148 2941 209 2990 M.
250 2941 491 3000 Crassus,
532 2939 586 2990 C.
621 2942 845 2991 Licinius
879 2941 1086 3002 Calvus,
1136 2943 1364 3006 partibus
1399 2945 1528 2994 inter
1561 2958 1618 2992 se
1648 2943 1960 3006 distributis,
1996 2956 2121 3005 quas
2155 2941 2208 2988 in

146 3012 344 3072 agendo
375 3016 649 3060 tuerentur.
720 3010 891 3073 Itaque
914 3008 1105 3058 Tullius
1138 3025 1196 3058 ea
1220 3012 1498 3074 peroravit,
1536 3026 1662 3074 quae
1693 3011 1791 3060 sibi
1816 3009 2012 3060 fuerant
2046 3010 2207 3072 expli-

145 3079 324 3141 canda,
358 3092 467 3137 nec,
500 3085 554 3127 ut
579 3077 805 3142 plerique
828 3077 1053 3128 arbitrati
1082 3085 1215 3143 sunt,
1251 3085 1395 3128 extra
1425 3093 1626 3129 causam
1658 3085 1866 3144 vagatus
1893 3084 1994 3128 est:
2031 3091 2205 3139 quam-

148 3145 223 3194 vis
260 3148 393 3195 enim
432 3147 657 3196 sciamus
700 3181 1331 3196 ...................
1388 3146 1542 3196 multa
1577 3147 1860 3199 Ciceronem
1903 3145 1982 3194 vel
2021 3145 2208 3193 iratum

145 3213 222 3261 vel
256 3215 506 3265 dolentem
541 3216 605 3265 de
637 3215 957 3279 passionibus
995 3215 1103 3264 suis
1140 3214 1269 3264 ultra
1301 3229 1462 3278 paene
1493 3230 1643 3278 quam
1679 3229 1761 3264 res
1791 3217 2021 3278 posceret
2051 3225 2210 3274 exag-

144 3295 319 3344 gerare
350 3283 581 3342 solitum,
622 3291 819 3344 tamen,
858 3285 995 3346 quod
1027 3283 1113 3332 hic
1152 3283 1352 3347 prolixa
1383 3285 1598 3346 quadam
1629 3279 2041 3338 turbulentissimi
2077 3285 2212 3326 tem-

144 3350 286 3412 poris
323 3351 661 3415 descriptione
694 3351 907 3400 multum
938 3351 1211 3401 voluminis
1247 3358 1488 3415 occupat,
1525 3365 1623 3400 non
1658 3347 1978 3398 mediocriter
2007 3345 2210 3395 videtur.
