2459 3817
532 169 705 231 cAP.
750 179 989 236 44-46,
1033 178 1085 240 ς.
1135 159 1469 238 115-1210‘
1639 189 1648 194 “
1705 204 1743 230 s
1869 181 2030 248 459

0 339 245 402 ueiatur?
272 353 355 399 ne
376 351 516 398 cum
546 352 738 398 sensu
768 335 1003 400 doloris
1029 337 1236 416 aliquo
1260 339 1516 418 spiritus
1547 343 1900 406 auferatur?
1927 341 2027 406 Et-

0 439 73 484 im
102 425 181 485 ob
205 422 365 482 hanc
389 435 639 482 causam
660 421 927 496 pecunia
946 421 1147 484 lictori
1170 425 1451 486 dabatur.
1499 425 1640 487 119.
1667 425 1714 488 O
1737 445 2026 504 magnum

0 513 136 583 tque
166 505 618 568 intolerandum
651 505 962 567 dolorem!
1016 523 1053 567 o
1082 523 1342 583 gravem
1381 509 1794 586 acerbamque
1835 513 2026 574 fortu-

0 592 128 652 amt
166 592 302 652 Non
336 589 525 649 vitam
553 588 830 663 liberum,
858 591 975 651 sed
1004 591 1221 652 mortis
1253 591 1628 654 celeritatem
1660 594 1857 670 pretio
1888 597 2024 656 red·

0 691 137 736 uere
167 674 550 750 cogebantur
578 679 891 748 parentes.
956 676 1167 750 Atque
1203 674 1327 751 ipsi
1365 674 1547 737 etiam
1587 678 2023 741 adolescentes

0 777 89 821 im
126 756 339 820 Sextio
384 757 465 818 de
502 757 687 833 plaga
726 763 791 818 et
827 759 909 819 de
948 774 1073 818 uno
1118 757 1223 819 illo
1277 758 1404 821 ictu
1444 760 1884 837 loquebantur,
1934 762 2017 823 id·

0 859 70 905 ue
97 850 478 920 postremum
507 846 799 916 parentes
833 857 989 903 suos
1018 839 1197 902 liberi
1224 843 1502 917 orabant,
1525 850 1597 905 ut
1621 845 1867 907 levandi
1891 862 1999 908 cru

0 935 144 988 atus
174 925 272 987 sui
302 940 491 986 causa
519 923 721 985 lictori
750 923 1016 1000 pecunia
1035 924 1308 988 daretur.
1361 925 1538 987 Multi
1569 933 1632 988 et
1660 943 1884 1003 graves
1915 931 2017 990 do-

0 1027 111 1073 ›res
141 1008 376 1070 inventi
405 1006 763 1084 parentibus
796 1016 860 1070 et
884 1008 1282 1086 propinquis,
1313 1009 1518 1071 multi:
1573 1025 1790 1072 verum
1816 1018 2018 1074 tamen

0 1111 115 1155 {ors
142 1095 224 1154 sit
251 1099 545 1153 extrema.
589 1093 727 1153 Non
758 1092 891 1153 erit.
932 1094 1123 1154 Estne
1152 1092 1385 1169 aliquid
1414 1095 1578 1155 ultra
1607 1111 1730 1170 quo
1763 1097 1998 1157 crudeli

0 1195 40 1237 Ls
72 1175 367 1252 progredi
394 1172 634 1250 possit?
688 1173 1075 1250 Reperietur.
1132 1177 1286 1236 Nam
1319 1175 1594 1250 illorum,
1624 1195 1811 1254 quum
1844 1188 2022 1243 erunt

0 1259 153 1322 :curi
181 1255 467 1336 percussi
494 1273 568 1318 ac
598 1257 829 1330 necati,
870 1275 1137 1334 corpora
1177 1258 1322 1321 teris
1353 1260 1736 1324 obiiciantur.
1801 1264 1940 1324 Hoc
1967 1262 2022 1324 si
2135 1257 2142 1265 '

0 1350 295 1404 [ctuosum
326 1349 424 1403 est
448 1341 842 1417 parentibus,
884 1341 1188 1404 redimant
1223 1342 1427 1420 pretio
1471 1345 1814 1422 sepeliendi
1845 1355 2020 1424 pote·

0 1433 187 1488 atem.
253 1423 393 1486 120.
423 1423 693 1489 onasum
724 1425 1153 1502 Segestanum,
1183 1425 1494 1489 hominem
1523 1429 1824 1504 nobilem,
1854 1429 2018 1493 dice·

0 1530 11 1572 ι
40 1508 300 1573 audistis
332 1525 404 1571 se
427 1509 509 1570 ob
538 1511 919 1586 sepulturam
948 1509 1217 1570 Heraclii
1246 1510 1540 1572 nauarchi
1569 1513 1896 1590 pecuniam
1919 1513 2017 1576 Ti·

3 1593 234 1656 archidi
255 1609 639 1664 numerasse,
669 1607 749 1654 ne
772 1593 893 1656 hoc
913 1609 1144 1669 posses
1168 1594 1410 1656 dicere:
1442 1597 1658 1658 Patres
1679 1601 1834 1659 enim
1855 1600 2015 1658 vem·-

0 1687 49 1740 τι
72 1681 301 1740 amal-15:2³
318 1680 464 1752 filiis
490 1680 667 1738 irati.-
713 1675 813 1737 vir
838 1676 1165 1754 primarius
1178 1725 1193 1751 ,
1227 1678 1416 1740 homo
1445 1677 1866 1741 nobilissimus
1881 1726 1898 1753 ,
1929 1679 2016 1740 di·

0 1769 52 1837 t,
93 1777 303 1837 ,neque
339 1761 419 1823 de
450 1759 575 1822 filio
618 1758 784 1821 dicit.
853 1763 979 1821 Iam
1019 1761 1141 1822 hoc
1184 1762 1326 1837 quis
1366 1769 1497 1823 tum
1541 1761 1656 1824 ruit
1681 1763 2015 1840 Syracusis

0 1846 89 1908 ain
120 1844 413 1917 audierit,
446 1842 597 1918 quin
624 1842 811 1916 sciat,
852 1843 967 1904 has
994 1843 1363 1906 Timarchidi
1389 1843 1715 1922 pactiones
1741 1848 2016 1924 sepultu-

0 1947 47 1990 ιο
83 1945 223 1991 cum
244 1927 407 1989 vivis
428 1926 611 1986 etiam
638 1926 761 1988 illis
790 1942 935 1988 esse
961 1929 1199 1990 factas?
1237 1929 1372 1990 Non
1396 1931 1598 2004 palam
1629 1945 1769 1993 cum
1791 1930 2016 1994 Timar·

0 2015 119 2074 iide
146 2011 597 2088 loquebantur?
624 2024 749 2070 non
765 2027 981 2073 omnes
1006 2011 1274 2073 omnium
1284 2013 1620 2089 propinqui
1641 2013 2015 2076 adhibeban-

0 2099 79 2160 2.r?
106 2113 232 2158 non
262 2096 467 2172 palam
488 2093 773 2154 vivorum
794 2095 1013 2156 funera
1038 2096 1443 2158 locabantur?
1473 2095 1704 2172 Quibus
1727 2098 2013 2160 omnibus

0 2182 129 2243 =bus
156 2179 311 2242 actis
340 2185 531 2253 atque
557 2177 783 2240 decisis
820 2180 1246 2254 producuntur
1275 2196 1312 2241 e
1341 2196 1612 2256 carcere,
1643 2181 2010 2258 deligantur.

0 2265 147 2328 LVI.
194 2261 337 2324 121.
380 2261 527 2338 Quis
560 2270 681 2323 tam
708 2261 823 2324 fuit
847 2263 953 2325 illo
982 2271 1264 2341 tempore
1292 2265 1559 2340 ferreus,
1602 2265 1742 2341 quis
1771 2273 1897 2328 tam
1923 2265 2012 2326 in-

0 2363 241 2410 :manus
276 2353 527 2424 praeter
564 2363 755 2408 unum
798 2354 905 2420 te·,·
936 2348 1039 2424 qui
1080 2364 1208 2410 non
1237 2347 1483 2410 illorum
1516 2355 1750 2420 aetate,
1791 2347 2010 2410 nobili-

0 2439 94 2505 te,
134 2431 385 2496 miseria
429 2437 965 2492 commoveretur?
1022 2431 1238 2508 ecquis
1281 2431 1396 2497 fuit
1438 2431 1585 2508 quin
1628 2429 2010 2494 lacrimaret?

0 2515 86 2578 tin
125 2516 211 2579 ita
240 2513 648 2578 calamitatem
691 2511 855 2578 illam
885 2522 1131 2591 putaret
1155 2515 1398 2578 illorum
1415 2561 1432 2588 ,
1475 2522 1543 2578 ut
1571 2516 1878 2578 fortunam
1922 2523 2008 2577 ta-

0 2617 78 2661 en
106 2616 233 2662 non
260 2599 553 2682 alienam,
594 2596 933 2674 periculum
973 2607 1179 2662 autem
1212 2613 1542 2661 commune
1571 2599 2006 2662 arbitraretur?

0 2683 263 2746 :riantur
287 2680 523 2746 securi:
554 2680 801 2742 laetaris
830 2689 897 2744 tu
920 2682 983 2743 in
1014 2682 1282 2744 omnium
1294 2681 1524 2762 gemitu
1549 2689 1612 2744 et
1633 2683 2003 2760 triumphas:

0 2777 129 2831 stes
152 2765 451 2830 avaritiae
476 2773 621 2828 tuae
647 2766 887 2842 gaudes
915 2781 1061 2828 esse
1090 2768 1391 2829 sublatos.
1443 2765 1730 2843 Eri-abas,
1751 2770 2004 2840 VerreS,

26 2853 431 2914 vehementer
460 2849 741 2921 errabas,
788 2866 977 2926 quum
1010 2857 1071 2911 te
1110 2853 1386 2912 maculas
1419 2851 1718 2916 furtorum
1746 2859 1810 2914 et
1837 2851 2004 2928 flagi-

0 2953 158 2998 >rum
184 2943 433 2998 tuorum
462 2933 776 2996 sociorum
803 2932 1221 3001 innocentium
1263 2933 1564 3012 sanguine
1608 2939 1816 2999 eluere
1847 2935 2004 2998 arbi-

0 3021 207 3082 tbare:
244 3034 551 3098 praeceps
579 3015 843 3078 amentia
869 3018 1151 3080 ferebare
1166 3065 1181 3092 ,
1213 3017 1409 3095 quite
1441 3017 1826 3082 existimares
1861 3033 2004 3078 ava·

0 3105 108 3167 :iae
150 3107 409 3166 vulnera
450 3101 827 3164 crudelitatis
865 3102 1156 3164 remediis
1198 3118 1393 3180 posse
1433 3119 1676 3166 sanare.
1764 3099 2000 3164 Etenim

0 3205 311 3264 tamquam
334 3187 421 3250 illi
450 3193 597 3249 sunt
622 3185 847 3248 mortui
875 3185 1131 3250 sceleris
1164 3187 1256 3250 tui
1281 3194 1510 3262 testes,
1549 3195 1756 3250 tamen
1787 3200 2002 3247 eorum

0 3272 266 3351 ·0pinqui
294 3287 500 3348 neque
526 3268 646 3332 illis
675 3286 881 3346 neque
910 3271 1018 3334 tibi
1048 3273 1307 3335 desunt:
1359 3281 1566 3333 tamen
1607 3287 1689 3331 ex
1725 3269 1828 3330 illo
1859 3266 2000 3342 ipso

0 3373 191 3421 [mero
222 3355 673 3432 nauarchorum
702 3353 893 3430 aliqui
918 3355 1136 3418 vivunt
1162 3363 1225 3417 et
1253 3354 1507 3416 adsunt:
1541 3367 1732 3426 quos,
1761 3357 1829 3411 ut
1857 3348 2002 3412 mih:

0 3442 208 3516 detur,
244 3444 324 3503 ad
352 3441 597 3506 illorum
638 3437 1054 3500 innocentium
1082 3452 1322 3514 poenas
1365 3436 1611 3496 fortuna
1639 3439 1700 3493 et
1735 3433 1814 3492 ad
1840 3433 1999 3492 hano
