2459 3817
0 0 2459 96 ⁴—U

690 231 863 299 cAP.
896 240 1068 298 1—3.
1102 242 1154 306 ς.
1184 244 1358 302 1-6.
1923 229 2051 299 241

0 415 137 462 esse
157 395 441 475 gratiam:
475 397 717 473 deinde,
748 398 804 461 si
829 398 976 475 quid
1002 400 1305 478 obtigerit,
1339 416 1543 478 aequo
1567 400 1769 464 animo
1800 412 2053 481 parato-

0 496 115 559 que
143 482 389 545 moriar.
456 484 608 545 Nam
638 499 841 559 neq-ue
872 484 1073 560 turpis
1105 501 1272 546 mors
1308 485 1453 547 forti
1487 485 1620 547 viro
1649 494 1862 563 potest
1892 488 2052 550 acci-

0 568 140 628 :lere
166 582 370 642 neque
403 566 723 629 immatura
755 567 1063 628 consulari
1086 585 1291 644 neque
1325 568 1550 634 misera
1579 569 1864 646 sapienti.
1925 571 2054 632 Nec

0 658 191 711 tamen
227 665 351 723 ego
382 667 519 712 sum
552 651 656 712 ille
696 652 963 724 ferretis,
1008 652 1119 726 qui
1158 652 1364 713 fratris
1405 652 1705 714 carissimi
1745 660 1807 715 et
1845 669 2052 715 aman·

0 731 199 794 issimi
238 730 583 807 praesentis
629 748 908 795 maerore
948 748 1074 794 non
1112 748 1372 796 movear
1409 733 1756 809 horumque
1790 734 2060 797 omnium

0 814 275 889 acrimis,
318 831 357 875 a
387 816 610 891 quibus
652 833 751 877 me
792 816 1270 877 circumsessum
1298 814 1541 877 videtis.
1606 818 1826 893 Neque
1859 835 2055 879 meam

0 906 242 960 nentem
271 915 396 960 non
420 900 668 961 domum
698 916 887 973 saepe
905 907 1160 960 revocat
1188 900 1536 961 exanimata
1555 916 1711 961 uxor
1734 908 1795 961 et
1821 900 2060 961 abiecta

0 990 141 1044 netu
168 980 295 1042 filia
328 989 391 1043 et
420 984 713 1059 parvulus
748 982 943 1056 filius,
984 997 1169 1057 quem
1196 981 1347 1042 mihi
1374 981 1616 1043 videtur
1643 982 1928 1057 amplecti
1954 999 2058 1043 res

0 1065 227 1125 >ublica
254 1072 565 1140 tamquam
596 1063 873 1126 obsidem
899 1066 1261 1126 consulatus
1285 1063 1424 1139 mei,
1447 1081 1650 1140 neque
1676 1062 1797 1139 ille,
1825 1064 1929 1140 qui
1953 1080 2061 1124 ex-

0 1155 273 1221 3pectans
313 1147 496 1209 huius
525 1148 757 1209 exitum
827 1145 953 1208 diei
1021 1154 1145 1208 stat
1191 1147 1255 1207 in
1284 1156 1630 1223 conspectu
1668 1163 1826 1216 meo,
1850 1152 2063 1222 gener.‘

0 1230 239 1290 floveor
282 1228 380 1289 his
414 1230 601 1290 rebus
638 1227 921 1290 omnibus
939 1275 956 1303 ‚
1014 1230 1130 1291 sed
1170 1231 1229 1290 in
1270 1243 1414 1291 mm
1452 1238 1721 1306 partem,
1771 1230 1859 1293 uti
1902 1228 2061 1292 salvi

0 1312 105 1373 3int
122 1309 444 1374 vobiscum
477 1328 712 1387 omnes,
742 1310 921 1372 etiam
950 1313 1127 1373 sime
1152 1314 1249 1373 vis
1273 1313 1483 1389 aliqua
1511 1312 1910 1389 oppresserit,
1945 1330 2059 1389 po·

0 1395 134 1469 ius,
170 1410 355 1470 quam
398 1402 461 1457 et
501 1394 589 1455 illi
643 1403 712 1457 et
747 1409 868 1455 nos
908 1411 1033 1457 una
1064 1394 1157 1456 rei
1187 1395 1475 1470 publicae
1506 1403 1686 1471 peste
1711 1412 2059 1472 pereamus.

0 1478 38 1539 l.
91 1479 225 1553 Qua
249 1494 339 1553 re,
367 1486 575 1553 patres
605 1476 955 1553 conscripti,
987 1478 1320 1540 incumbite
1346 1479 1430 1539 ad
1460 1480 1718 1541 salutem
1743 1479 1834 1541 rei
1861 1479 2057 1556 publi-

0 1576 109 1635 καθ,
136 1560 584 1638 circumspicite
600 1578 814 1623 omnes
837 1562 1164 1637 procellas,
1198 1577 1362 1639 quoe
1381 1562 1752 1639 impendent,
1777 1563 1895 1625 nisi
1915 1580 2030 1639 pro

0 1644 220 1707 ridetis.
298 1646 434 1727 Non
461 1644 551 1705 Ti.
582 1645 931 1719 GracchuS,
976 1644 1083 1721 qui
1126 1645 1347 1707 iterum
1379 1645 1658 1708 tribunus
1686 1644 1889 1722 plebis
1923 1645 2056 1708 fieri

0 1728 191 1803 rotun,
220 1745 347 1790 non
372 1728 435 1789 C.
460 1729 794 1801 Gracchus,
831 1728 1001 1803 quod
1028 1728 1306 1802 agrarios
1333 1728 1642 1790 concitare
1665 1735 1922 1789 conatus
1943 1736 2056 1804 est,

0 1827 106 1873 ton
134 1811 202 1872 L.
226 1810 609 1885 Saturninus,
646 1810 753 1887 qui
765 1810 830 1871 C.
845 1811 1195 1871 Memmium
1224 1808 1469 1884 occidit,
1501 1809 1566 1870 in
1596 1809 1922 1871 discrimen
1951 1811 2056 1870 ali-

0 1896 152 1972 mod
180 1902 367 1970 atque
397 1893 461 1954 in
491 1902 733 1955 vestrae
765 1891 1107 1953 severitatis
1136 1892 1431 1955 iudicium
1452 1891 1805 1955 adduciturz
1848 1900 2056 1954 tenen-

0 1994 77 2041 ur
104 1976 167 2051 ii,
198 1976 305 2053 qui
334 1976 415 2038 ad
443 1975 615 2038 urbis
648 1975 1029 2051 incendium,
1068 1976 1151 2035 ad
1182 1981 1452 2037 vestram
1484 1973 1754 2037 omnium
1784 1977 2057 2051 caedem,

0 2062 59 2123 td
77 2058 392 2122 Catilinam
409 2058 835 2135 accipiundum
850 2060 1081 2120 Romae
1094 2075 1133 2118 rt
1144 2057 1476 2121 astiterunte
1504 2065 1789 2121 tenentur
1803 2058 2058 2134 litterae,

0 2144 188 2220 dgna,
214 2160 436 2206 manus
452 2188 468 2216 ,
500 2141 768 2218 denique
795 2142 979 2203 unius
1015 2140 1322 2218 cuiusque
1342 2141 1689 2204 confessioz
1718 2141 2054 2205 sollicitan-

0 2244 77 2290 ur
102 2226 489 2303 AllobrogeS,
524 2224 775 2288 servitia
808 2225 1167 2299 excitantur,
1200 2224 1456 2287 Catilina
1491 2223 1841 2300 arcessitur,
1867 2226 1930 2285 id
1957 2234 2056 2288 est

0 2313 193 2373 nitum
222 2309 577 2385 consilium,
605 2318 673 2371 ut
704 2309 1038 2372 interfectis
1078 2307 1367 2370 omnibus
1406 2325 1586 2371 nemo
1620 2325 1700 2371 ne
1727 2310 1810 2371 ad
1840 2310 2056 2384 deplo-

0 2395 239 2456 ’andum
282 2393 531 2473 quidem
575 2393 789 2469 populi
829 2392 1089 2455 Romani
1119 2408 1346 2453 nomen
1381 2399 1570 2468 atque
1613 2392 1694 2453 ad
1721 2393 2055 2461 lamentan-

0 2480 123 2539 lam
144 2476 296 2539 tanti
317 2475 554 2554 imperii
582 2476 983 2539 calamitatem
1006 2476 1404 2552 relinquatur.
1445 2477 1546 2536 111.
1577 2475 1634 2537 5.
1659 2476 1828 2536 Haec
1852 2474 2055 2536 omnia

0 2559 215 2622 udices
250 2561 617 2633 detulerunt,
646 2560 739 2621 rei
772 2560 1046 2621 confessi
1074 2568 1237 2632 sunt,
1274 2575 1393 2620 vos
1423 2558 1628 2622 multis
1657 2556 1777 2619 iam
1809 2557 2055 2619 iudiciis

0 2643 393 2720 udicavistiS,
432 2643 697 2721 primum
727 2644 901 2719 quod
943 2642 1089 2703 mihi
1118 2644 1350 2718 gratias
1378 2642 1595 2717 >egistis
1643 2641 2054 2717 singularibus

0 2726 186 2789 rerbis
229 2737 289 2789 et
314 2743 454 2789 mea
478 2727 700 2789 virtute
742 2735 927 2802 atque
968 2725 1282 2800 diligentia
1322 2724 1699 2801 perditorum
1739 2723 2054 2786 hominum

0 2809 461 2873 zoniurationem
490 2812 855 2887 patefactam
885 2826 1029 2872 esse
1058 2808 1456 2881 decrevistis,
1514 2805 1738 2868 deinde
1781 2808 1948 2883 quod
1989 2808 2053 2866 P.

0 2896 299 2955 lentulum
346 2910 418 2954 se
458 2893 745 2955 abdicare
788 2899 1073 2970 praetura
1103 2890 1416 2967 coegistis,
1446 2898 1572 2952 tum
1603 2890 1770 2965 quod
1811 2907 1949 2955 eum
1993 2898 2055 2951 et

0 2984 258 3049 teteros,
314 2975 393 3037 de
423 2978 647 3055 quibus
679 2976 1028 3046 iudicastis,
1058 2976 1120 3033 in
1148 2973 1494 3035 custodiam
1529 2973 1767 3039 dandos
1810 2972 2053 3035 censui-

0 3060 113 3136 uis,
145 3059 535 3138 maximeque
572 3060 753 3135 quod
781 3075 919 3120 meo
951 3058 1198 3119 nomine
1228 3056 1742 3133 supplicationem
1776 3055 2051 3118 decrevi-

0 3144 111 3217 tis,
147 3143 251 3218 qui
278 3143 480 3205 honos
507 3152 715 3217 togato
748 3141 990 3203 habitus
1018 3150 1159 3201 ante
1186 3157 1287 3201 me
1316 3150 1411 3202 est
1443 3140 1688 3201 nemini:
1737 3148 2050 3214 postremo

0 3235 269 3288 :esterno
301 3227 403 3287 die
443 3227 715 3303 praemia
754 3225 973 3301 legatis
1010 3224 1412 3300 Allobrogum
1444 3222 1705 3318 Titoque
1731 3223 2053 3283 Vulturcio

0 3308 240 3371 [edistis
272 3308 667 3385 amplissima.
739 3310 907 3383 Quae
936 3316 1079 3370 sunt
1107 3306 1314 3368 omnia
1346 3305 1481 3369 eius
1513 3293 1714 3377 mods,
1743 3312 1808 3364 ut
1835 3302 1908 3377 ii,
1945 3302 2051 3378 qui
2099 3320 2102 3323 ’

0 3391 417 3454 ncustodiam
458 3390 810 3453 nominatim
864 3391 989 3452 dati
1035 3398 1205 3466 sunt,
1267 3389 1402 3452 sine
1429 3390 1554 3451 ulla
1593 3385 1970 3449 dubitatione
2009 3401 2053 3449 ει

0 3472 164 3536 robis
193 3475 460 3536 damnati
491 3491 637 3537 esse
661 3474 1003 3538 videantur.

300 3558 410 3602 cxc.
442 3560 624 3606 oaA‘r.
684 3554 741 3612 Ι.
1265 3584 1268 3587 ’
1738 3545 1824 3615 16
