2459 3817
730 203 893 264 cAP.
937 207 1196 264 19-—22
1242 209 1293 270 s.
1326 209 1590 268 58—64.
2071 204 2198 272 203

125 371 262 417 eum
292 355 644 431 bellumque
672 353 734 414 in
762 368 836 414 ea
867 351 1185 429 provincia
1217 352 1807 416 administrandum?
1850 351 1990 416 Fuit
2014 353 2076 415 in
2104 353 2201 416 his

125 435 464 514 provinciis
515 435 807 514 singulari
858 435 1237 510 innocentia,
1288 437 1613 514 gravitate,
1672 433 1921 500 virtute=
1976 438 2201 499 bellum

125 521 191 582 in
223 520 436 582 Africa
466 518 798 582 maximum
830 519 1114 595 confecit,
1145 521 1439 581 victorem
1468 520 1806 582 exercitum
1838 519 2200 598 deportavit.

127 602 287 679 Quid
327 619 476 665 vero
521 613 644 665 tam
679 602 1016 665 inauditum
1059 618 1246 680 quam
1286 602 1553 680 equitem
1598 605 1943 666 Romanum
1992 606 2200 666 trium-

126 687 363 764 phare?
387 688 470 748 At
497 700 632 748 eam
661 701 913 762 quoque
941 701 1070 748 rem
1098 688 1369 762 populus
1398 687 1713 749 Romanus
1742 703 1867 749 non
1900 687 2085 750 modo
2110 685 2199 748 vi·

127 768 244 842 dit,
289 771 402 830 sed
445 769 715 831 omnium
749 769 931 831 etiam
974 770 1178 831 studio
1207 767 1529 831 visendam
1558 777 1620 831 et
1648 771 2199 832 concelebrandam

125 853 380 929 putavit.
435 853 542 915 62.
575 853 734 928 Quid
759 859 882 915 tam
913 851 1267 914 inusitatum
1296 867 1483 929 quam
1508 861 1576 913 ut
1606 869 1795 929 quum
1820 853 1944 914 duo
1976 869 2198 915 eonsu-

125 937 222 997 les
266 934 588 996 clarissimi
632 934 1076 1010 fonissirnique
1115 944 1358 1012 essent,
1398 951 1595 1011 eques
1620 937 1935 996 Romanus
1966 935 2046 995 ud
2074 935 2199 996 bel-

125 1020 252 1079 lum
293 1018 624 1080 maximum
661 1017 1435 1096 formidolosissimumque
1474 1033 1589 1094 pro
1633 1018 1887 1080 consule
1936 1017 2199 1079 mittere-

125 1107 268 1164 tur?
320 1101 556 1163 Missus
597 1110 711 1162 est.
783 1101 928 1174 Quo
975 1099 1222 1176 quidem
1262 1107 1571 1177 tempore,
1624 1114 1814 1177 quum
1855 1108 2027 1162 esset
2074 1115 2200 1162 non

122 1199 310 1246 nemo
351 1183 415 1244 in
457 1192 675 1245 senatu
715 1183 824 1259 qui
851 1183 1084 1244 diceret
1122 1199 1241 1244 non
1268 1191 1541 1259 oportere
1568 1187 1721 1245 mitte·
1740 1185 2030 1246 hominem
2052 1183 2200 1262 pri-

119 1275 331 1329 vatum-
347 1279 466 1342 pro
491 1270 760 1341 comme,
802 1266 870 1325 L.
899 1265 1218 1341 Philippus
1262 1265 1501 1327 dixisse
1541 1265 1763 1328 dicitur
1796 1283 1917 1328 non
1946 1285 2010 1328 se
2036 1269 2200 1328 illum

117 1365 236 1413 m
259 1352 693 1426 sempr-o
715 1352 981 1423 consule,
1008 1349 1119 1410 sed
1134 1363 1253 1428 pro
1277 1349 1613 1412 eonseaibus
1639 1353 1884 1412 mittere.
1925 1347 2114 1411 Tanta
2138 1351 2201 1409 in

125 1448 206 1494 eo
247 1430 338 1492 rei
373 1425 663 1507 publicae
685 1433 845 1493 bene
872 1431 1182 1507 gerendae
1213 1447 1365 1508 spes
1398 1431 1909 1508 constituebatur,
1952 1439 2021 1494 ut
2048 1433 2203 1493 duo-

123 1529 263 1576 rum.
306 1517 626 1576 eonsuium
655 1527 878 1576 munus
907 1513 1092 1575 unius
1119 1515 1539 1577 adolescentis
1566 1515 1767 1579 virtuti
1796 1514 2201 1578 committere·

127 1609 244 1659 tur.
309 1597 467 1671 Quid
505 1606 628 1659 tam
673 1597 982 1674 singulare
1023 1611 1209 1674 quam
1252 1605 1321 1660 ut
1347 1613 1424 1659 ex
1458 1607 1707 1661 senatus
1738 1600 2020 1660 consulto
2048 1597 2199 1673 legi—

127 1682 258 1742 bus·
285 1682 524 1742 solutus
571 1682 788 1742 consul
814 1689 955 1742 ante
987 1681 1191 1755 fieret,
1232 1697 1418 1757 quam
1449 1681 1638 1741 ullum
1666 1683 1849 1742 alium
1881 1679 2198 1756 magistra-

124 1775 256 1826 tum
292 1779 406 1840 per
445 1765 616 1840 leges
659 1777 885 1840 cupere
917 1763 1238 1823 licuisset?
1291 1761 1442 1838 quid
1470 1771 1594 1823 tem
1628 1759 1983 1823 incredibile
2014 1777 2197 1837 quam

125 1855 194 1908 ut
219 1845 437 1908 iterum
462 1859 662 1921 eques
689 1848 1010 1908 Romanus
1041 1843 1125 1906 ex
1159 1853 1413 1906 senatus
1444 1846 1727 1907 consulto
1762 1843 2201 1919 triumpharet?

122 1931 298 2004 Quae
335 1927 399 1989 in
441 1927 724 1990 omnibus
757 1927 1112 1990 hominibus
1140 1941 1305 1988 nova
1333 1935 1481 2002 post
1502 1927 1817 1989 hominum
1845 1925 2197 1989 memoriam

125 2011 458 2074 constitute
492 2019 666 2087 sunt,
707 2027 783 2072 ea
812 2019 934 2072 tam
961 2011 1150 2071 multa
1175 2025 1301 2070 non
1332 2017 1473 2071 sunt
1500 2025 1685 2086 quum
1716 2011 1901 2086 haec,
1947 2025 2106 2087 quae
2136 2009 2196 2071 in

120 2096 246 2156 hoc
278 2093 676 2156 uno'homine
705 2093 1007 2154 videmus.
1053 2091 1156 2154 ⁶3.
1189 2095 1397 2168 Atque
1424 2093 1581 2155 haec
1608 2101 1697 2156 tot
1723 2096 2005 2170 exempla
2032 2102 2199 2156 tanta

121 2193 202 2239 ee
243 2183 366 2237 tum
407 2193 571 2238 nova
611 2178 889 2254 profecta
933 2175 1164 2238 suntin
1189 2178 1476 2238 eumdem
1502 2178 1810 2239 hominem
1840 2194 1877 2238 a
1908 2177 1974 2250 Q.
2006 2176 2198 2238 Catuli

125 2269 317 2338 atque
364 2268 794 2340 &ceterorum
821 2258 1100 2322 eiusdem
1129 2259 1439 2336 dignitatis
1466 2259 1983 2336 amplissimorum
2003 2257 2196 2319 homi-

123 2359 274 2405 num
303 2342 680 2405 auctoritate.

294 2426 476 2486 XXII.
543 2425 676 2498 Qua
711 2441 784 2486 re
821 2423 1070 2486 videant
1107 2441 1190 2485 ne
1217 2425 1299 2486 sit
1326 2423 1715 2502 periniquum
1746 2432 1807 2486 et
1834 2441 1955 2487 non
1994 2427 2195 2486 serun-

125 2511 302 2582 dum,
348 2507 592 2570 illorum
623 2506 1044 2570 auctoritatem
1083 2509 1164 2568 de
1195 2507 1301 2570 Gn.
1327 2509 1600 2585 Pompeii
1630 2508 1921 2584 dignitate
1950 2525 1987 2569 a
2013 2508 2195 2570 vobis

126 2591 588 2667 comprobatum
629 2605 876 2666 semper
916 2605 1092 2664 esse,
1129 2599 1404 2652 vestrum
1445 2592 1524 2652 ab
1564 2591 1683 2652 illis
1726 2591 1805 2652 de
1835 2592 2056 2652 eodem
2083 2593 2196 2654 ho-

123 2673 292 2735 mine
342 2673 636 2736 iudicium
685 2671 1023 2750 populique
1061 2673 1322 2735 Romani
1370 2673 1788 2736 auctoritatem
1844 2671 2195 2750 improbari,

125 2758 489 2834 praesertim
529 2773 716 2832 quum
745 2756 867 2817 iam
896 2773 1014 2817 suo
1042 2755 1174 2819 iure
1204 2759 1475 2834 populus
1498 2758 1815 2818 Romanus
1843 2756 1906 2817 in
1937 2758 2059 2818 hoe
2085 2757 2195 2818 ho·

123 2840 289 2902 mine
334 2855 510 2902 sunm
547 2840 966 2902 auctoritatem
1010 2841 1110 2900 vel
1139 2847 1352 2902 contra'
1382 2855 1628 2914 omnes,
1675 2838 1782 2914 qui
1808 2838 2193 2916 dissentiunt,

125 2923 334 3000 possit
377 2923 708 2986 defendere
723 2968 739 2997 ,
793 2930 1120 2998 propterea
1163 2923 1332 2998 quod
1378 2921 1598 2983 iisdem
1638 2921 1773 2983 istis
1815 2923 2194 2987 reclamanti-

124 3009 246 3068 bus
289 3023 408 3068 νος
431 3023 619 3069 unum
647 3005 816 3068 illum
846 3021 927 3066 ex
955 3006 1239 3066 omnibus
1268 3004 1585 3081 delegistis
1617 3021 1798 3081 quem
1827 3006 1987 3069 bello
2016 3025 2193 3084 prae·

125 3092 358 3152 donum
385 3088 866 3168 praeponeretis.
937 3087 1038 3150 64.
1091 3089 1226 3150 Hoc
1258 3087 1313 3150 si
1342 3103 1460 3150 vos
1494 3097 1723 3152 temere
1752 3089 1983 3151 fecistis
2014 3098 2074 3150 et
2103 3085 2194 3150 rei

123 3173 414 3249 publicae
452 3189 671 3250 parum
711 3170 1138 3244 consuluistis,
1189 3179 1359 3234 reete
1406 3171 1532 3234 isti·
1558 3171 1761 3234 studia
1813 3179 2017 3233 vestra
2062 3170 2192 3233 suis

123 3255 404 3318 consiliis
431 3273 650 3333 regere
679 3263 1006 3318 conantum
1056 3254 1153 3316 sin
1185 3263 1385 3318 autem
1410 3271 1529 3318 vos
1565 3257 1705 3332 plus
1736 3264 1861 3316 tum
1895 3255 1957 3313 in
1982 3266 2052 3315 re
2080 3270 2196 3329 pu·

123 3340 289 3402 blica
327 3339 604 3413 vidistis,
657 3355 778 3400 vos
817 3338 894 3400 iis
937 3339 1423 3415 repugnantibus
1467 3355 1582 3414 per
1625 3345 1865 3399 vosmet
1898 3337 2073 3410 ipsos
2105 3335 2193 3397 di·

119 3421 413 3499 gnitatem
453 3423 599 3486 huie
623 3421 882 3500 imperio
897 3467 913 3498 ,
959 3424 1216 3486 salutem
1246 3421 1380 3484 orbi
1409 3430 1702 3483 terrarum
1729 3416 2012 3480 attulistis
2029 3465 2046 3494 ,
2084 3419 2189 3480 ali·
