2459 3817
310 161 434 226 176
787 162 940 226 PRO
966 163 1048 226 Μ.
1077 161 1495 226 MARCELLO
1528 161 1835 225 ORATIO.

459 313 506 378 1.
538 313 596 378 1.
624 312 900 376 Diuturni
943 311 1195 389 silentii,
1240 322 1447 390 patres
1493 311 1858 390 conscripti,
1897 328 2021 390 quo
2062 328 2238 374 eram
2270 314 2358 376 bis

295 399 672 476 temporibus
701 413 886 469 usus,
912 411 1039 458 ’non
1065 395 1283 458 timore
1314 395 1539 469 aliquo,
1568 396 1682 456 sed
1712 396 1929 471 partim
1957 395 2196 470 dolore,
2231 414 2358 473 par·

295 483 400 544 tim
429 480 800 544 verecundia
826 480 1010 539 linem
1038 479 1373 540 hodiernus
1401 479 1538 539 dies
1566 479 1778 551 attulit,
1810 477 2097 554 idemque
2126 478 2358 542 initium

299 581 459 640 quae
508 564 725 624 vellem
765 576 1047 638 quaeque
1093 561 1383 622 sentirem
1420 576 1560 622 meo
1604 559 1860 636 pristino
1891 577 2062 624 more
2092 561 2359 624 dicendi.

295 646 540 708 Tantam
572 645 730 707 enim
763 643 1319 717 mansuetudinem,
1362 652 1482 704 tam
1528 643 1874 706 inusitatam
1903 643 2360 722 inauditamque

297 728 705 802 clementiam,
750 735 978 789 tantum
1011 725 1072 787 in
1103 742 1339 786 summa
1366 734 1670 801 potestate
1698 726 1963 790 omnium
2003 742 2209 786 rerum
2236 744 2360 788 mo·

297 813 460 885 dum,
489 819 610 872 tam
639 809 907 885 denique
928 809 1342 870 incredibilem
1372 808 1734 884 sapientiam
1765 825 1839 870 ac
1868 824 2068 886 paene
2090 809 2360 870 divinam

293 893 514 956 tacitus
548 892 880 970 praeterire
910 892 1074 953 nullo
1109 893 1295 953 modo
1327 907 1602 967 possum.
1676 891 1737 952 2.
1766 892 1847 952 M.
1877 890 2036 953 enim
2068 891 2359 955 Marcello

297 977 505 1050 vobis,
539 985 744 1052 patres
779 973 1142 1050 conscripti,
1183 974 1399 1051 reique
1428 973 1711 1049 publicae
1743 974 2014 1048 reddito,
2044 990 2171 1035 non
2198 974 2359 1038 illius

297 1062 514 1133 solum,
545 1059 659 1120 sed
688 1057 868 1119 etiam
896 1073 1094 1119 meam
1123 1073 1342 1120 vocem
1392 1066 1457 1122 et
1482 1059 1911 1122 auctoritatem
1941 1055 2123 1118 vobis
2150 1065 2219 1119 et
2272 1058 2358 1118 rei

299 1142 580 1220 publicae
623 1149 1048 1202 conservatam
1087 1155 1162 1202 ac
1201 1141 1541 1202 restitutam
1580 1149 1749 1215 puto.
1844 1140 2138 1200 Dolebam
2178 1139 2359 1213 enim,

299 1235 506 1302 patres
535 1223 898 1300 conscripti,
925 1232 986 1286 et
1015 1223 1407 1284 vehementer
1432 1217 1939 1310 angebar,[quum
1962 1215 2355 1306 viderevai-
2455 1217 2456 1282 3

295 1325 432 1368 rum
460 1309 674 1381 talem,
715 1305 820 1382 qui
859 1306 922 1367 in
963 1307 1177 1368 eadem
1218 1321 1409 1368 causa
1454 1313 1649 1378 esset,
1692 1304 1754 1366 in
1786 1321 1909 1382 qua
1936 1320 2052 1380 ego
2084 1304 2353 1379 fuissem,

298 1389 504 1452 nonin
533 1388 748 1450 eadem
777 1405 921 1450 esse
949 1390 1203 1460 fortuna,
1241 1404 1357 1450 nec
1382 1387 1529 1448 mihi
1550 1387 1925 1463 persuadere
1944 1396 2221 1463 poteram
2246 1403 2353 1450 neo

299 1472 394 1532 fas
421 1487 565 1532 esse
599 1470 898 1532 ducebam
923 1470 1154 1530 versari
1174 1487 1275 1533 me
1300 1471 1362 1530 in
1409 1479 1619 1532 nostro
1657 1477 1865 1540 vetere
1911 1469 2213 1532 curriculo
2256 1470 2352 1532 iilo
2455 1515 2456 1558 ἦ

200 1556 536 1616 -f‘ae'mulo
568 1561 752 1630 atque
781 1553 1076 1614 imitatore
1109 1553 1445 1614 studiorum
1474 1568 1547 1613 ac
1578 1554 1853 1615 laborum
1878 1569 2151 1616 meorum
2182 1552 2353 1630 quasi
2455 1559 2456 1628 ᾖ

301 1638 572 1712 quodam
603 1635 774 1698 socio
807 1652 846 1696 a
873 1651 971 1698 me
1003 1643 1065 1696 et
1094 1635 1312 1697 comite
1341 1635 1651 1698 distracto.
1736 1637 1897 1712 Ergo
1926 1644 1987 1697 et
2013 1635 2160 1697 mihi
2186 1652 2352 1698 meae

302 1718 595 1796 pristinae
625 1719 787 1781 vitae
817 1718 1349 1792 consuetudinem,
1394 1718 1455 1780 c.
1498 1719 1751 1795 Caesar,
1794 1719 2187 1782 interclusam
2219 1736 2353 1796 ape-

298 1802 472 1866 ruisti
505 1812 564 1864 et
593 1802 690 1864 bis
719 1802 1004 1864 omnibus
1031 1801 1113 1863 ad
1141 1801 1299 1862 bene
1324 1803 1402 1863 de
1430 1801 1597 1862 omni
1628 1818 1696 1862 re
1717 1802 1963 1878 publica
1984 1804 2354 1878 sperandum

299 1886 477 1961 quasi
532 1885 770 1960 signum
815 1884 1067 1960 aliquod
1125 1883 1443 1947 sustulisti.
1542 1884 1605 1946 8.
1648 1885 2021 1947 Intellectum
2060 1893 2162 1946 est
2200 1886 2356 1947 enim

301 1968 448 2029 mihi
476 1968 723 2044 quidem
749 1967 812 2028 in
839 1967 1044 2028 multis
1074 1976 1135 2029 et
1163 1966 1427 2028 maxime
1454 1966 1515 2027 in
1536 1983 1633 2028 me
1660 1966 1820 2043 ipso,
1848 1970 1959 2030 sed
1992 1969 2201 2044 paullo
2226 1977 2359 2031 ante

257 2084 264 2090 -
301 2051 366 2113 in
384 2050 683 2127 omnibus,
721 2066 906 2124 quum
929 2049 1010 2110 M.
1031 2050 1383 2112 Marcellum
1408 2051 1643 2112 senatui
1664 2049 1878 2127 reique
1906 2049 2191 2127 publicae
2220 2069 2360 2115 con·

300 2132 578 2207 cessisti,
625 2133 1108 2194 commemorans
1145 2133 1501 2208 praesertim
1532 2131 2005 2206 offensionibus,
2050 2140 2113 2194 te
2148 2145 2359 2199 aucto·

298 2213 533 2277 ritatem
576 2213 757 2277 huius
789 2215 1020 2276 ordinis
1043 2215 1517 2292 dignitatemque
1542 2215 1635 2278 rei
1666 2216 1949 2292 publicae
1969 2215 2089 2277 tuis
2118 2219 2227 2278 vel
2258 2219 2359 2279 do-

300 2297 532 2359 loribus
589 2298 685 2357 vel
739 2297 1179 2374 suspitionibus
1233 2301 1551 2361 anteferre.
1658 2300 1768 2360 Ille
1806 2297 2051 2374 quidem
2092 2300 2361 2364 numum
2455 2321 2456 2336 ¹

298 2379 498 2440 omnis
529 2388 670 2441 ante
695 2388 870 2440 actae
903 2379 1062 2442 vitae
1090 2379 1387 2443 hodierno
1438 2381 1537 2442 die
1566 2380 1890 2442 maximum
1938 2382 2127 2458 cepit,
2172 2401 2365 2459 quum

302 2478 538 2524 summo
591 2478 900 2524 consensu
929 2470 1180 2524 senatus
1208 2472 1332 2525 turn
1344 2456 1945 2550 [praeterea]iudicio
1992 2473 2097 2526 tuo
2124 2466 2367 2542 gravi*
2455 2483 2456 2488 ¹

300 2545 456 2606 simo
487 2555 548 2608 et
579 2544 864 2606 maximo.
947 2545 1042 2606 Ex
1083 2563 1206 2622 quo
1249 2549 1524 2623 profecto
1552 2547 1835 2623 intelligis
1866 2557 2093 2622 quanta
2125 2547 2192 2609 in
2223 2551 2362 2610 dato
2455 2603 2456 2624 ζ

302 2627 600 2691 beneficio
619 2629 710 2708 ,sit
741 2631 894 2702 lana,
923 2644 1109 2704 quum
1139 2629 1198 2689 in
1223 2636 1479 2706 accepto
1508 2629 1587 2691 sit
1618 2639 1783 2692 tanta
1808 2630 2019 2706 gloria.
2076 2631 2190 2693 Est
2218 2647 2364 2694 vero

299 2711 641 2774 fortunatus
671 2711 801 2788 ille,
848 2713 1022 2773 euius
1051 2727 1131 2773 ex
1157 2714 1353 2774 salute
1382 2729 1504 2774 non
1532 2712 1735 2774 minor
1776 2729 1974 2789 paene
2020 2713 2105 2774 ad
2142 2730 2362 2776 omnes

305 2810 490 2868 quam
517 2796 597 2856 ad
625 2795 826 2870 ipsum
857 2804 1112 2858 ventura
1139 2795 1216 2856 sit
1247 2795 1468 2857 laetitia
1496 2797 1870 2872 pervenerit=
1918 2795 1977 2858 4.
2028 2797 2201 2873 quod
2231 2795 2363 2874 qui·
2455 2833 2456 2874 3

304 2876 442 2937 dem
471 2876 528 2938 ei
549 2878 762 2939 merito
793 2887 978 2955 atque
1007 2877 1235 2955 optimo
1263 2879 1392 2941 iure
1426 2878 1693 2954 contigit.
1764 2879 1911 2954 Quis
1940 2880 2100 2940 enim
2128 2889 2229 2942 est
2260 2881 2363 2942 illo

302 2968 408 3022 aut
440 2960 752 3023 nobilitate
779 2971 886 3024 aut
913 2963 1211 3038 probitate
1241 2970 1346 3022 aut
1372 2962 1733 3037 optimarum
1772 2963 1985 3024 artium
2022 2962 2229 3026 studio
2262 2968 2367 3024 aut

301 3039 648 3104 innocentia
675 3054 780 3106 aut
811 3045 935 3106 ullo
966 3043 1421 3118 laudisgenere
1456 3045 1901 3120 praestantior?
2455 3097 2456 3114 ἶ

423 3126 498 3185 ΙΙ.
537 3125 768 3187 Nullius
791 3135 1020 3188 tantum
1049 3126 1276 3188 flumen
1304 3134 1402 3189 est
1428 3128 1669 3204 ingenii,
1716 3127 1937 3190 nullius
1974 3127 2221 3189 dicendi
2262 3135 2370 3189 aut
2455 3159 2456 3196 2

302 3207 612 3268 scribendi
639 3216 802 3270 tanta
831 3209 963 3282 vis,
1005 3217 1170 3271 tanta
1199 3210 1407 3286 copia,
1454 3227 1611 3288 quae
1652 3228 1775 3273 non
1815 3212 2012 3273 dicam
2039 3227 2368 3285 exornare,

302 3290 416 3348 sed
443 3305 758 3366 enarrare,
787 3290 850 3351 C.
883 3292 1135 3366 Caesar,
1163 3309 1265 3353 res
1294 3301 1429 3354 tuas
1458 3302 1666 3369 gestas
1690 3295 1907 3369 possit.
1991 3295 2219 3356 Tamen
2256 3293 2368 3354 ad·
2455 3289 2456 3332 ³

303 3368 474 3430 firmo
505 3379 566 3432 et
597 3372 716 3433 hoc
742 3387 896 3449 pace
925 3371 1122 3434 dicam
1148 3382 1283 3450 tua,
1329 3377 1553 3437 nullam
1582 3376 1645 3437 in
1674 3375 1771 3438 his
1788 3393 1932 3438 esse
1964 3379 2211 3439 laudem
2236 3392 2366 3438 am·
