2459 3817
214 209 343 280 256
771 183 924 248 pao
955 184 1020 244 1..
1055 179 1389 244 unauna
1417 177 1721 244 oaA‘no.

379 335 672 401 vm.17.
719 337 1098 411 Quamquam
1125 349 1243 410 ego
1266 331 1393 396 iam
1423 333 1741 411 putabam,
1777 329 2042 409 iudices,
2074 330 2285 396 multis

211 423 361 486 viris
390 421 650 484 fortibus
679 435 757 480 ne
798 417 1145 515 ignobilitas
1171 419 1418 491 generis
1450 419 1849 485 obitam-etur,
1884 432 2026 478 meo
2068 416 2285 478 labore

125 503 134 508 ’
211 524 355 570 esse
387 507 754 582 perfectum,
781 501 893 578 qui
916 518 1038 562 non
1072 502 1258 564 modo
1290 498 1515 574 Curiis,
1552 498 1912 576 Catonibus,
1949 499 2281 576 Pompeiis,

211 588 480 663 antiquis
510 585 660 659 illis,
694 584 1045 647 fortissimis
1079 582 1258 658 viris,
1290 582 1471 646 novis
1497 581 1876 662 hombibus,
1917 583 2033 644 sed
2058 581 2157 644 his
2183 600 2283 644 re·

213 670 513 744 centibus,
545 667 755 730 Mariis
778 667 1045 731 etDidiis
1068 675 1131 730 et
1143 665 1383 740 Caeliis,
1406 664 1959 730 commemorandis
1980 665 2286 729 iacebant.

213 757 410 830 Quum
430 769 580 813 vcro
628 765 744 828 ego
792 760 958 815 tanto
995 750 1314 814 intervallo
1356 751 1622 814 claustra
1657 749 1777 811 ista
1816 747 2148 812 nobilitatis
2186 766 2286 812 re·

213 837 554 914 fregissem,
578 845 648 898 -ut
675 837 876 898 aditus
899 836 980 896 ad
1003 835 1387 898 consulatum
1408 832 1687 909 posthac,
1722 832 1882 894 sicut
1903 833 2070 909 apud
2093 833 2284 894 maio-

215 939 314 983 res
349 927 600 984 nostros
641 918 784 995 fuit,
828 935 954 980 non
985 915 1182 992 magis
1223 915 1519 980 nobilitati
1561 932 1745 991 quam
1785 914 1988 978 virtuti
2026 924 2283 992 pateret,

209 1022 338 1067 non
370 1004 736 1077 arbitmbar,
771 1019 958 1078 quum
985 1017 1066 1064 ex
1093 999 1321 1063 familia
1357 999 1550 1062 veteri
1592 1008 1653 1061 et
1680 999 1896 1063 illustri
1926 1003 2145 1062 consul
2177 1001 2285 1060 de-

218 1088 495 1164 signatus
525 1088 603 1149 ab
633 1084 854 1162 equitis
882 1080 1144 1147 Romani
1172 1083 1330 1158 filio,
1374 1084 1658 1157 consule,
1702 1082 2162 1158 defenderetur,
2204 1083 2285 1143 de

216 1170 462 1248 generis
490 1169 758 1233 novitate
789 1177 1184 1232 accusatores
1211 1183 1357 1228 esse
1383 1167 1678 1229 dicturos.
1738 1165 1975 1229 Etenim
1997 1163 2284 1242 mihiipsi

217 1254 468 1328 accidit,
508 1261 577 1316 ut
617 1269 754 1315 cum
783 1253 1026 1315 duobus
1055 1249 1357 1328 patriciis,
1396 1251 1586 1314 altero
1616 1247 2071 1326 improbissimo
2100 1258 2285 1326 atque

217 1335 662 1410 audacissimo,
702 1337 892 1397 altero
927 1333 1384 1398 modestissimo
1414 1342 1603 1410 atque
1628 1332 1861 1409 optimo
1903 1329 2066 1406 viro,
2116 1341 2284 1408 pete·

215 1436 373 1482 rem=
433 1420 726 1495 superavi
772 1427 973 1480 tamen
1025 1417 1317 1493 dignitate
1369 1416 1711 1488 Catilinam,
1766 1414 1963 1492 gratia
2013 1415 2284 1480 Galbam.

219 1502 397 1578 Quod
427 1500 484 1561 si
513 1500 577 1561 id
608 1500 834 1562 crimen
860 1499 1091 1562 homini
1122 1517 1285 1561 novo
1322 1517 1464 1562 esse
1496 1499 1777 1572 deberet,
1818 1500 2099 1576 profecto
2140 1498 2282 1560 mihi

216 1600 422 1660 neque
449 1582 677 1645 inimici
703 1600 906 1660 neque
934 1582 1124 1645 invidi
1155 1582 1514 1648 defuissent.
1578 1580 1677 1646 18.
1721 1581 2076 1644 Omittamus
2104 1582 2280 1659 igitur

219 1671 298 1730 de
326 1684 551 1744 genere
592 1666 829 1743 dicere,
866 1668 1039 1729 cuius
1067 1676 1164 1728 est
1201 1682 1423 1743 magna
1451 1665 1513 1727 in
1552 1675 1818 1743 utroque
1847 1665 2144 1743 dignitas=
2193 1667 2279 1728 vi-

219 1753 475 1814 deamus
545 1760 768 1813 cetera.

387 1836 786 1910 Quaesturam
815 1853 938 1899 una
964 1835 1136 1912 petiit
1161 1843 1222 1898 et
1252 1851 1387 1898 sum
1414 1851 1533 1912 ego
1564 1836 1762 1897 factus
1793 1836 1978 1911 prior.
2028 1837 2165 1900 Non
2188 1839 2285 1899 est

221 1920 720 1996 respondendum
749 1921 830 1980 ad
873 1921 1094 1982 omnia.
1151 1921 1365 1997 Neque
1406 1919 1568 1982 enim
1609 1935 1979 1995 quemquam
2010 1927 2283 1981 vestrum

221 2002 400 2078 fugit,
445 2020 632 2078 quum
669 2003 839 2064 multi
880 2006 1011 2079 pari
1051 2003 1343 2078 dignitate
1372 2004 1549 2077 fiant,
1594 2020 1755 2065 unus
1790 2011 1991 2066 autem
2026 2003 2282 2078 primum

221 2087 393 2146 solus
435 2083 634 2152 nossit
664 2086 969 2160 obtinere,
1009 2103 1135 2148 non
1177 2089 1461 2148 eumdem
1490 2102 1635 2148 esse
1668 2085 1947 2148 ordinem
1974 2084 2283 2162 dignitatis

219 2175 280 2228 et
307 2167 796 2244 renuntiationis,
830 2178 1162 2245 propterea
1191 2171 1359 2246 quod
1387 2168 1756 2232 renuntiatio
1786 2171 2015 2246 gradus
2084 2168 2287 2238 habet,

219 2250 484 2326 dignitas
514 2259 714 2312 autem
728 2262 825 2317 est
852 2268 1158 2330 persaepe
1191 2254 1409 2314 eadem
1438 2251 1724 2316 omnium.
1800 2253 1926 2316 Sed
1955 2261 2284 2329 quaestura

219 2333 541 2410 utriusque
581 2336 1064 2410 prope'modum
1103 2335 1239 2412 pari
1280 2345 1587 2399 momento
1623 2334 1809 2398 sortis
1852 2335 1982 2397 fuit.
2064 2332 2285 2398 Habuit

195 2415 320 2477 ‘hie
355 2418 491 2492 lege
518 2417 672 2479 Titia
712 2417 1089 2493 provinciam
1127 2417 1370 2480 tacitam
1398 2429 1459 2482 et
1502 2420 1795 2496 quietam=
1839 2429 1903 2481 tu
1930 2420 2126 2492 illam,
2166 2417 2287 2491 cui,

223 2517 411 2574 quum
430 2507 790 2575 quaestores
812 2500 1161 2577 sortiuntur,
1185 2503 1365 2564 etiam
1378 2503 1701 2564 acclamari
1724 2505 1898 2578 solet,
1923 2502 2284 2573 Ostiensem,

219 2598 345 2644 non
366 2591 490 2644 tam
512 2581 842 2659 gratiosam
864 2592 925 2646 et
945 2582 1240 2648 illustrem
1258 2603 1442 2660 quam
1465 2583 1851 2662 negotiosam
1872 2595 1935 2649 et
1945 2587 2283 2648 molestam.

221 2665 514 2728 Consedit
540 2665 862 2744 utriusque
895 2685 1117 2730 nomen
1149 2667 1212 2729 in
1244 2678 1589 2744 quaestura.
1644 2670 1885 2732 Nullum
1915 2671 2079 2732 enim
2106 2666 2288 2729 vobis

220 2764 361 2811 sors
386 2766 669 2827 campum
693 2751 862 2814 dedit
880 2751 944 2813 in
967 2769 1090 2829 quo
1119 2767 1445 2816 excurrere
1474 2754 1665 2814 virtus
1695 2753 2112 2830 cognoscique
2138 2767 2287 2826 pos·

221 2841 333 2893 set.
396 2833 496 2896 19.
536 2833 779 2910 Reliqui
807 2835 1099 2912 temporis
1131 2836 1397 2912 spatium
1425 2834 1974 2898 in·contentionem
2000 2842 2285 2898 vocatum

219 2915 297 2975 ab
339 2924 602 2993 utroque
645 2917 1048 2981 dissimillima
1076 2918 1314 2981 ratione
1344 2927 1662 2984 tractatum
1693 2928 1807 2982 est.
1890 2921 1990 2984 IX.
2034 2915 2289 2979 Servius

218 2996 320 3059 hic
341 2998 665 3062 nobiscum
685 3000 847 3063 hanc
871 3003 1165 3065 urbanam
1193 3001 1463 3066 militiam
1483 3002 1922 3080 respondendi,
1958 2998 2287 3075 scribendi,

219 3081 511 3157 cavendi,
546 3085 790 3158 plenam
819 3084 1249 3148 sollicitudinis
1277 3103 1353 3147 ac
1380 3087 1709 3161 stomachi,
1740 3095 1993 3149 secutus
2021 3094 2146 3148 est=
2191 3083 2289 3144 ius

217 3164 399 3230 civile
421 3164 661 3228 didicit
647 3188 662 3204 ·
698 3169 950 3229 multum
973 3168 1262 3246 vigilavit,
1286 3169 1609 3232 laboravit=
1646 3179 1895 3246 praesto
1918 3169 2122 3232 multis
2146 3167 2288 3230 fuit·

217 3251 541 3312 multorum
571 3249 879 3312 stultitiam
907 3267 1243 3328 perpessus
1273 3261 1385 3326 est,
1428 3253 1845 3328 adrogantiam
1875 3251 2140 3331 pertulit,
2172 3250 2290 3312 dif-

219 3333 546 3395 flcultatem
567 3334 914 3397 exsorbuit.
939 3333 1092 3396 vixit
1111 3336 1190 3396 ad
1213 3336 1470 3398 aliorum
1492 3335 1819 3411 arbitrium,
1841 3353 1965 3399 non
1982 3338 2063 3398 ad
2086 3351 2288 3398 suum.

223 3409 438 3490 Magna
466 3418 601 3481 laus
631 3426 691 3481 et
719 3427 890 3494 grata
918 3417 1267 3482 hominibus
1306 3437 1498 3484 unum
1538 3418 1847 3483 hominem
1876 3419 2242 3482 elaborare
2225 3436 2283 3508 ιιι
