2459 3817
289 117 409 184 186
679 120 780 180 DE
810 119 1124 182 IMPERIO
1157 119 1271 180 CN.
1305 118 1611 180 ΡΟΜΡΕΙΙ
1642 118 1947 180 ORATIO.

285 287 470 333 unum
517 271 595 332 ab
645 269 924 332 omnibus
971 269 1160 332 sociis
1206 278 1269 331 et
1302 269 1538 332 civibus
1572 269 1653 330 ad
1680 266 1745 330 id
1771 269 1995 332 bellum
2024 269 2350 346 imperato-

285 371 414 416 rem
451 355 708 429 deposci
746 361 932 429 atque
971 353 1207 430 expeti,
1252 353 1532 416 eumdem
1558 353 1723 414 hunc
1748 369 1933 416 unum
1961 353 2041 414 ab
2068 353 2351 416 hostibus

287 436 502 508 metui,
539 445 858 512 praeterea
891 436 1213 498 neminem.

455 519 516 580 6.
579 519 777 581 Causa
805 535 964 594 quae
995 519 1074 580 sit
1099 517 1356 583 videtis:
1396 534 1559 580 nunc
1588 517 1737 594 quid
1764 519 2070 594 agendum
2096 516 2177 578 sit
2204 533 2350 578 con·

289 602 572 664 siderate.
633 602 892 664 Primum
931 601 1078 665 mihi
1122 601 1362 664 videtur
1398 602 1479 662 de
1522 617 1749 676 genere
1787 600 1962 675 belli,
2006 600 2230 662 deinde
2270 601 2350 662 de

287 684 697 759 magnitudine
713 729 730 759 ,
771 693 894 746 tum
935 685 1014 745 de
1051 684 1417 760 imperatore
1457 684 1785 760 deligendo
1825 699 1969 746 esse
2004 682 2349 746 dicendum.

287 768 494 830 Genus
521 777 620 830 est-
644 766 788 828 beili
815 767 950 830 eius
985 767 1180 841 modi,
1215 767 1383 842 quod
1415 767 1675 831 maxime
1704 775 1951 830 vestros
1977 765 2215 831 animos
2240 781 2347 828 ex-

287 851 472 912 citare
515 860 698 927 atque
737 849 1114 913 inflammare
1141 852 1222 912 ad
1253 849 1669 927 persequendi
1696 849 1963 914 studium
1992 850 2241 912 debean
2286 849 2348 910 in

283 950 408 1008 ‚quo
450 933 647 1010 agitur
687 935 899 1010 populi
939 933 1198 996 Romani
1238 932 1463 1008 gloria,
1512 949 1673 1008 quae
1718 932 1896 996 vobIs
1934 949 1979 994 a
2011 931 2346 997 maioribus

279 1033 474 1090 quum
515 1033 736 1091 magna
775 1016 838 1078 in
883 1017 1164 1080 omnibus
1207 1016 1397 1077 rebus
1436 1023 1567 1078 tum
1610 1033 1849 1080 summa
1884 1013 1947 1076 in
1974 1031 2057 1078 .re
2104 1014 2346 1079 militari

285 1099 502 1160 tradita
529 1108 654 1161 ests
688 1098 886 1174 agitur
913 1100 1084 1162 salus
1117 1098 1429 1162 sociorum
1458 1107 1645 1175 atque
1678 1099 2041 1171 amicorum,
2078 1114 2192 1174 pro
2224 1115 2346 1173 qua

285 1185 470 1244 multa
495 1183 766 1246 maiores·
790 1181 974 1244 vestri
1005 1198 1140 1258 meg
1149 1197 1226 1246 na
1258 1191 1321 1246 ct
1344 1181 1557 1258 gravia
1583 1182 1743 1244 bella
1772 1189 2126 1257 gesseruntx
2156 1197 2346 1256 agun-

285 1274 382 1326 tur
421 1264 760 1327 certissima
802 1265 1016 1340 populi
1041 1263 1302 1328 Romani
1343 1263 1661 1340 vectigalia
1696 1273 1758 1326 et
1784 1263 2077 1342 maxima,
2123 1263 2346 1339 quibus

285 1347 532 1410 amissis
561 1356 624 1408 et
649 1348 823 1422 pacis
851 1357 1205 1410 ornamenta
1231 1356 1293 1409 et
1314 1347 1591 1409 subsidia
1610 1346 1753 1410 belli
1774 1345 2125 1422 requiretis:
2156 1361 2344 1422 agun-

285 1439 389 1490 tur·
408 1431 570 1490 bonu
595 1431 916 1490 multorum
951 1429 1203 1502 civium,
1238 1431 1461 1504 quibus
1496 1437 1593 1491 est
1620 1446 1659 1489 a
1684 1429 1867 1491 vobis
1894 1437 1955 1492 et
1981 1428 2256 1505 ipsorum
2284 1437 2346 1490 et

284 1511 373 1572 rei
405 1511 686 1586 publicae
713 1525 904 1572 cause
932 1513 1395 1574 consulendum.
1438 1513 1541 1572 111.
1585 1509 1643 1574 7.
1681 1513 1759 1573 Et
1784 1512 2073 1587 quoniam
2097 1526 2347 1587 >semper

285 1600 642 1670 appetentes
687 1593 920 1669 gloriae
961 1587 1201 1670 praete'r
1250 1602 1495 1658 ceteras
1536 1601 1756 1670 gentes
1801 1603 1986 1669 atque
2018 1593 2186 1655 avidi
2216 1594 2347 1656 lau-

287 1677 382 1738 dis
430 1675 628 1740 fuistis
642 1723 660 1752 ,
706 1678 968 1740 delenda
1005 1687 1102 1740 est
1147 1677 1325 1740 vobis
1354 1677 1456 1738 ilia
1484 1678 1721 1738 macula
1748 1675 2151 1740 Mithridatico
2179 1676 2344 1738 bello

285 1759 608 1836 superiore
641 1770 958 1836 concepta,
991 1767 1150 1836 quae
1179 1760 1423 1837 penitus
1456 1758 1579 1820 iam
1604 1758 1833 1822 insedit
1860 1774 1934 1820 ac
1960 1757 2146 1820 -nimis
2176 1758 2345 1817 inve·

283 1843 500 1905 teravit
524 1843 586 1903 in
615 1842 828 1920 populi
854 1845 1112 1906 Romani
1140 1843 1419 1918 nomine,
1447 1842 1617 1918 quod
1644 1839 1730 1914 is,
1770 1839 1876 1915 qui
1918 1857 2043 1902 uno
2076 1841 2181 1904 die
2218 1847 2345 1900 tota

283 1925 342 1986 in
373 1925 553 1998 Asia,
597 1933 684 1987 tot
723 1926 785 1986 in
825 1926 1200 1998 civitatibuS‚
1244 1943 1369 1988 uno
1412 1923 1622 1986 nuntio
1674 1931 1859 1997 atque
1888 1939 2010 1984 una
2038 1921 2344 1997 significa-

282 2008 454 2069 tione
474 2007 802 2069 litterarum
827 2011 996 2070 cives
1017 2012 1332 2072 Romanos
1354 2007 1669 2069 necandos
1691 2005 2215 2080 trucidandosque
2237 2005 2337 2064 de-

283 2089 542 2163 notavit,
585 2107 706 2152 non
751 2093 934 2152 modo
977 2093 1180 2152 adhuc
1225 2107 1489 2167 poenum
1527 2089 1749 2150 nullam
1786 2105 1902 2150 suo
1933 2089 2177 2163 dignam
2209 2102 2343 2149 see·

281 2175 408 2234 iere
437 2173 742 2249 suscepit,
783 2174 897 2236 sed
935 2174 1016 2235 ab
1045 2174 1150 2236 illo
1185 2182 1459 2248 tempore
1486 2189 1713 2237 annum
1748 2171 1869 2232 iam
1896 2170 2137 2235 tertium
2167 2177 2227 2229 et
2256 2167 2343 2230 vi·

283 2254 577 2323 cesimum
605 2263 821 2330 regnat
849 2255 1020 2318 etita
1047 2265 1293 2332 regnat,
1325 2265 1393 2318 ut
1418 2272 1491 2317 se
1518 2272 1641 2317 non
1670 2253 1845 2317 Ponti
1874 2271 2076 2330 neque
2107 2253 2341 2330 cappa-

283 2337 497 2400 dociae
527 2337 776 2399 latebris
801 2340 1108 2401 occultare
1135 2338 1298 2412 velit,
1330 2339 1444 2401 sed
1474 2353 1786 2436 emergere
1816 2353 1894 2398 ex
1925 2335 2121 2411 patrio
2149 2351 2342 2412 regno

282 2429 466 2496 etque
492 2419 558 2480 in
583 2420 805 2482 vestris
839 2420 1273 2496 vectigalibus,
1300 2422 1419 2484 hoc
1448 2429 1573 2496 est,
1606 2421 1669 2482 in
1701 2420 1892 2481 Asiae
1920 2421 2060 2482 luce
2090 2416 2342 2480 versari

280 2502 340 2564 8.
383 2503 618 2564 Etenim
657 2503 859 2566 adhuc
899 2503 982 2566 ita
1024 2505 1216 2568 nostri
1254 2520 1393 2566 cum
1433 2503 1537 2566 iuo
1578 2519 1723 2579 rege
1756 2503 2203 2566 contenderunt
2231 2500 2339 2562 im·

284 2593 630 2660 peratores,
665 2595 728 2648 ut
755 2587 835 2648 ab
862 2585 966 2649 illo
999 2586 1265 2664 insignia
1294 2585 1604 2659 victoriae,
1633 2601 1757 2648 non
1783 2584 2097 2648 victoriam
2126 2599 2343 2660 repor-

283 2674 494 2728 tarent.
549 2667 964 2745 Triumphnvit
996 2671 1062 2735 L.
1099 2669 1269 2732 Sulla
1283 2716 1298 2745 ,
1328 2669 1719 2744 triumph-avit
1741 2670 1811 2730 L.
1840 2668 2095 2732 Murena
2125 2667 2205 2728 de
2230 2665 2343 2728 Mi-

282 2749 570 2823 thridate,
611 2751 734 2814 duo
775 2752 1090 2816 fortissimi
1125 2751 1243 2813 viri
1280 2762 1344 2815 et
1381 2753 1601 2814 >summi
1640 2751 2072 2826 imperatores,
2114 2750 2229 2812 sed
2258 2749 2342 2811 ita

283 2831 746 2909 triumpharunt,
789 2845 855 2898 ut
891 2835 996 2897 ille
1025 2837 1243 2912 pulsus
1269 2843 1723 2910 superatusque
1746 2843 2069 2909 regnaret.-
2111 2835 2342 2894 Verum

283 2921 479 2975 tamen
519 2915 636 2977 illis
673 2916 1148 2994 imperatoribus
1182 2921 1318 2982 leus
1359 2925 1455 2980 est
1493 2917 1819 2980 tribuenda
1854 2917 2025 2992 quod
2066 2923 2339 2992 egerunt,

283 2996 460 3057 venia
500 2999 702 3060 danda
743 3001 911 3075 quod
950 3001 1355 3077 reliquerunt,
1398 3007 1727 3076 propterea
1758 2999 1931 3075 quod
1958 2999 2037 3060 ab
2072 3015 2147 3060 eo
2178 2998 2342 3060 bello

279 3078 508 3142 Sullam
541 3079 602 3142 in
633 3082 864 3144 Italiam
889 3101 992 3144 res
1021 3082 1301 3159 publice,
1323 3083 1637 3144 Murenam
1667 3082 1840 3144 Sulla
1866 3083 2201 3144 revocavit.

359 3209 387 3226 .,
441 3164 546 3224 IV.
589 3164 648 3226 9.
707 3164 1088 3226 Mithridates
1133 3174 1336 3226 autem
1375 3181 1555 3226 omne
1590 3165 1902 3241 reliquum
1936 3172 2181 3239 tempus
2214 3180 2341 3226 non

277 3245 356 3304 ad
387 3245 758 3307 oblivionem
785 3245 1010 3306 veteris
1039 3245 1202 3319 belli,
1231 3246 1347 3306 sed
1369 3247 1453 3306 ad
1484 3246 2001 3321 comparationem
2024 3245 2173 3311 novi
2196 3261 2344 3306 con·

279 3327 436 3387 tulit:
462 3327 566 3400 qui
591 3335 1010 3402 posteaquam
1029 3328 1327 3388 maximas
1346 3327 1737 3390 aedificasset
1752 3335 2166 3404 ornassetque
2184 3328 2345 3388 clas-
