2459 3817
261 108 384 176 128
791 115 937 178 rao
970 95 1433 176 CN.PLAN010
1466 115 1769 178 elimo,

255 285 489 330 sumus.
533 265 637 331 85.
668 265 1056 329 Admonuisti
1089 266 1288 342 etiam,
1322 267 1487 344 quod
1516 267 1576 328 in
1607 267 1781 330 Creta
1810 267 2054 343 ruisseS,
2087 268 2304 335 dictum

253 352 502 428 aliquod
547 351 606 411 in
639 350 986 426 petitionem
1034 360 1193 412 tuam
1225 350 1345 412 dici
1373 349 1677 426 potuisse:
1720 368 1816 413 me
1856 353 1915 412 id
1947 355 2305 428 perdidisse.

254 435 399 496 Uter
425 433 604 508 igitur
638 442 907 495 nostrum
937 442 1034 495 est
1062 434 1341 508 cupidior
1369 433 1556 493 dicti?
1584 449 1780 509 egone
1800 481 1816 508 ‚
1850 435 1955 511 qui
1992 438 2163 511 quod
2192 437 2307 500 dici

253 518 448 594 potuit
489 534 610 577 non
653 516 940 591 dixerim,
984 533 1061 576 an
1095 527 1186 589 tu,
1223 516 1328 593 qui
1366 516 1542 577 etiam
1584 516 1719 592 ipse
1756 517 1816 578 in
1848 527 1904 579 te
1930 518 2201 580 dixeris?
2228 523 2307 582 Te

251 602 461 660 aiebas
491 601 568 660 de
601 600 717 660 tuis
745 600 928 660 rebus
959 600 1148 675 gestis
1181 600 1376 660 nullas
1409 599 1637 660 litteras
1667 600 1925 673 misisse,
1964 603 2134 677 quod
2169 603 2308 664 mihi

255 699 441 754 meae,
476 699 630 758 quas
657 682 736 743 ad
767 682 1028 758 aliquem
1063 681 1384 756 misissem,
1420 680 1786 744 obruissent:
1834 701 1987 759 quas
2018 701 2134 760 ego
2168 686 2308 747 mihi

255 767 536 836 obfuisse⁸
559 783 680 828 non
703 766 1005 842 intelligo,
1039 766 1128 826 rei
1159 765 1439 840 publicae
1466 764 1647 826 video
1680 767 1978 842 prodesse
2011 768 2303 844 potuisse.

373 849 611 910 XXXV.
638 849 740 913 86.
774 849 897 910 Sed
928 857 1069 910 sunt
1093 849 1245 908 haec
1276 847 1533 922 leviora,
1565 848 1669 909 illa
1707 866 1851 911 vero
1886 849 2097 924 gravia
2125 862 2305 927 atque

253 949 502 1009 magna,
547 935 712 1008 quod
740 949 942 993 meum
970 933 1311 993 discessum
1334 977 1349 1004 ,
1377 947 1554 1008 quem
1588 948 1777 1007 saepe
1807 933 2101 1006 defleras,
2149 952 2307 996 nunc

256 1019 430 1094 quasi
471 1017 920 1092 reprehendere
965 1023 1026 1076 et
1065 1016 1475 1076 subaccusare
1525 1015 1787 1076 voluisti.
1886 1016 2099 1077 Dixisti
2144 1019 2305 1078 enim

254 1117 377 1162 non
411 1099 700 1161 auxilium
730 1098 892 1172 mihi,
929 1099 1040 1160 sed
1071 1115 1166 1158 me
1194 1097 1419 1159 auxilio
1450 1097 1739 1159 defuisse.
1785 1100 1914 1174 Ego
1942 1115 2083 1160 vero
2112 1100 2307 1160 fateor

256 1201 371 1258 me,
401 1184 568 1259 quod
605 1181 857 1244 viderim
887 1180 1030 1241 mihi
1061 1181 1348 1244 auxilium
1379 1198 1500 1242 non
1530 1182 1771 1256 deesse,
1802 1182 2029 1244 idcirco
2059 1183 2197 1262 [me]
2223 1183 2306 1245 illi

253 1265 479 1327 auxilio
510 1265 884 1341 pepercisse.
973 1263 1086 1337 Qui
1117 1264 1275 1325 enim
1312 1273 1533 1338 statuS,
1565 1267 1730 1339 quod
1761 1267 2114 1338 discrimen,
2151 1283 2306 1342 quae

257 1347 434 1409 ruerit
472 1347 533 1407 in
573 1365 640 1408 re
685 1347 925 1423 publica
973 1354 1305 1422 tempestas
1344 1347 1445 1408 illa
1487 1347 1621 1422 quis
1652 1349 1888 1411 nescit?
1929 1348 2308 1411 Tribunicius

255 1447 351 1490 me
385 1437 578 1490 terror
618 1446 694 1489 an
730 1429 1072 1490 consularis
1117 1430 1286 1492 furor
1330 1429 1557 1491 movit?
1594 1432 1918 1493 Decertare
1961 1431 2108 1492 mihi
2149 1433 2307 1494 l'erro

255 1529 533 1588 magnum
565 1512 674 1574 suit
703 1528 840 1573 cum
867 1510 1139 1588 reliquiis
1168 1529 1409 1585 eorum,
1455 1530 1612 1588 quos
1655 1530 1770 1589 ego
1803 1515 2091 1576 florentes
2124 1525 2308 1592 atque

256 1599 522 1671 integros
554 1595 686 1657 sine
720 1597 879 1657 ferro
910 1595 1216 1656 viceram?
1251 1596 1547 1657 Consules
1577 1607 1717 1672 post
1745 1597 2052 1659 hominum
2082 1615 2308 1661 memo-

253 1681 402 1742 riam
433 1678 753 1742 taeterrimi
785 1688 967 1756 atque
1002 1678 1365 1755 turpissimi,
1416 1678 1573 1741 sicut
1606 1689 1665 1742 et
1702 1681 1803 1740 illa
1834 1680 2133 1757 principia
2160 1691 2225 1743 et
2252 1683 2306 1742 bi

254 1773 531 1825 recentes
564 1780 764 1824 rerum
811 1763 1010 1824 exitus
1043 1763 1452 1836 declararunt,
1496 1780 1754 1837 quorum
1795 1767 1947 1825 alter
1974 1764 2309 1827 exercitum

256 1846 544 1923 perdidit,
571 1849 722 1908 alter
753 1844 1050 1920 vendidit,
1095 1845 1313 1920 emptis
1346 1845 1673 1920 provinciis
1709 1865 1744 1907 a
1774 1855 2004 1923 senatu,
2033 1865 2069 1908 a
2098 1865 2167 1908 re
2200 1866 2308 1925 pu-

253 1931 438 2003 blica,
469 1947 506 1990 a
536 1929 712 1989 bonis
744 1928 1019 1989 omnibus
1049 1930 1422 1990 defecerant:
1470 1928 1573 2003 qui
1612 1931 1912 2004 exercitu,
1953 1929 2056 2005 qui
2102 1933 2308 2004 armiS,

255 2013 360 2088 qui
390 2013 610 2087 opibus
639 2013 956 2087 plurimum
988 2020 1292 2085 poterant,
1330 2029 1516 2088 quum
1547 2013 1693 2087 quid
1723 2013 2013 2075 sentirent
2040 2015 2307 2074 nescire·

253 2105 364 2168 tur,
396 2095 624 2154 furialis
656 2094 756 2153 illa
781 2110 922 2162 vox,
962 2095 1206 2154 nefariis
1238 2096 1480 2170 stupris,
1514 2095 1815 2170 religiosis
1844 2095 2130 2157 altaribus
2157 2098 2304 2158 effe·

253 2177 494 2250 minata,
527 2191 735 2236 secum
771 2185 831 2237 et
858 2177 998 2236 illos
1040 2183 1100 2236 et
1129 2179 1414 2238 consules
1446 2179 1645 2239 facere
1668 2179 2059 2240 acerbissime
2090 2196 2307 2255 perso-

253 2261 463 2321 nabat:
507 2267 757 2334 egentes
805 2259 864 2320 in
907 2259 1280 2336 locupleteS,
1320 2259 1535 2335 perditi
1562 2259 1621 2320 in
1652 2262 1881 2334 bonOS‚
1911 2261 2072 2322 servi
2103 2263 2163 2322 in
2198 2263 2308 2322 do·

251 2342 448 2404 minos
489 2341 888 2403 armabantur.
975 2340 1078 2405 87.
1123 2345 1204 2404 At
1244 2352 1374 2404 erat
1414 2359 1649 2404 mecum
1679 2355 1926 2406 senatus
1958 2353 2035 2405 et*
2056 2344 2309 2421 quidem

251 2431 424 2486 veste
466 2431 715 2485 mutata=
762 2426 927 2500 quod
974 2443 1084 2500 pro
1130 2443 1225 2486 me
1269 2442 1390 2486 uno
1431 2435 1575 2502 post
1602 2427 1909 2489 hominum
1952 2429 2308 2488 memoriam

251 2507 494 2585 publico
519 2505 772 2569 consilio
797 2515 1147 2584 susceptum
1170 2518 1282 2571 est.
1328 2509 1451 2569 Sed
1472 2511 1795 2572 recordare
1812 2511 1915 2587 qui
1938 2519 2061 2573 inm
2087 2511 2311 2572 ruerint

250 2591 566 2652 consulum
601 2589 841 2652 nomine
867 2592 1095 2664 hostes,
1133 2592 1237 2667 qui
1268 2593 1381 2653 soli
1411 2591 1470 2652 in
1504 2591 1618 2652 hac
1647 2595 1797 2654 urbe
1828 2602 2101 2655 senatum
2125 2611 2308 2654 sena-

249 2673 334 2735 tui
379 2690 592 2749 parere
633 2690 754 2734 non
796 2674 1032 2748 sierint,
1073 2675 1399 2752 edictoque
1441 2691 1554 2737 suo
1594 2692 1715 2735 non
1759 2678 1985 2738 luctum
2026 2676 2311 2753 patribus

250 2757 647 2833 conscripti8‚
693 2758 804 2818 sed
847 2757 1069 2818 indicia
1101 2760 1296 2819 luctus
1342 2756 1693 2818 ademerint.
1779 2764 1861 2821 At
1902 2769 2030 2821 erat
2066 2773 2313 2821 mecum

251 2847 503 2901 cunctus
528 2849 812 2916 equester
835 2842 1017 2902 ordo:
1051 2857 1230 2916 quem
1269 2841 1515 2917 quidem
1543 2840 1603 2900 in
1634 2841 2017 2905 contionibus
2049 2845 2314 2904 saltator

249 2923 346 2982 ille
390 2922 676 2984 Catilinae
719 2926 936 2985 consul
977 2924 1440 3000 proscriptionis
1506 2924 1959 2986 denuntiatione
2014 2927 2307 2987 terrebat.

247 3008 329 3066 At
357 3014 479 3066 tota
501 3005 669 3067 Italia
714 3015 1111 3068 conveneram
1155 3007 1255 3068 cui
1291 3009 1533 3084 quidem
1558 3005 1701 3067 belli
1730 3007 1993 3070 intestini
2023 3017 2085 3070 et
2117 3009 2311 3070 vasti·

247 3087 385 3152 tatis
413 3098 608 3150 metus
638 3087 1023 3150 inserebatur.
2392 3151 2397 3156 .

370 3172 634 3235 XXXVI.
665 3171 848 3232 Hisce
878 3187 993 3246 ego
1029 3170 1269 3234 auxiliis
1302 3173 1683 3236 studentibus
1710 3181 1895 3250 atque
1921 3173 2183 3236 incitatis
2220 3174 2312 3236 uti

246 3251 777 3325 me‚LaterensiS‚
820 3252 1093 3328 potuisse
1135 3257 1459 3326 confiteor,
1508 3259 1620 3318 sed
1649 3265 1777 3317 erat
1806 3274 1925 3316 non
1970 3257 2129 3330 iure,
2174 3274 2307 3318 non

247 3335 500 3411 tegibus,
533 3349 657 3398 ron
689 3335 1089 3412 disceptando
1122 3338 1583 3406 decertandum:
1626 3357 1762 3400 nam
1796 3341 2087 3416 profecto,
2120 3356 2304 3416 prae-
