2459 3817
225 118 348 184 176
698 129 781 191 m
808 127 873 190 C.
904 125 1232 189 VERREM
1263 125 1431 187 Ac'r.
1469 125 1543 185 11.
1572 125 1718 186 LIB.
1748 125 1826 186 V.

234 285 353 344 ista
380 277 738 342 defensione
770 277 1194 353 praecluseris.
1257 275 1440 350 Quid,
1491 274 1545 335 si
1589 274 1990 350 L.RaecIum,
2029 275 2296 352 equitem

234 368 603 435 Romanum,
650 361 755 436 qui
796 369 921 420 tum
965 359 1024 419 in
1056 358 1264 420 Sicilia
1302 367 1460 430 erat,
1505 357 1894 420 nominabat?
1936 357 2194 422 etiamne
2235 360 2298 420 id

234 464 520 521 magnum
550 444 678 518 fuit,
707 443 1109 503 Panhormum
1139 444 1369 505 litteras
1397 440 1672 502 mittere?
1733 442 2159 504 Adservasses
2187 443 2295 504 ho—

234 530 488 600 minem,
539 526 834 588 custodiis
868 524 1361 586 Mamertinorum
1402 531 1641 584 tuorum
1671 523 1966 597 vinctum,
2021 526 2298 586 clausum

235 605 581 681 habuisseS,
613 611 755 670 dum
786 608 1124 670 Panhormo
1143 607 1404 668 Raecius
1425 605 1696 668 'veniretz
1742 615 2146 683 cognosceret
2185 608 2296 669 ho-

203 695 487 754 'minemz
516 691 747 768 aliquid
777 692 855 751 de
886 707 1120 752 summo
1152 689 1456 766 supplicio
1486 689 1854 750 remitterem
1887 690 1941 750 si
1967 689 2294 765 ignoraret,

233 787 391 851 tum,
434 775 487 836 si
529 775 611 836 ita
650 775 757 835 tibi
804 773 1137 846 videretur,
1189 774 1310 834 hoc
1357 772 1505 833 iuris
1537 771 1598 831 in
1629 788 1842 832 omnes
1871 773 2298 850 constituet-ee,

234 869 327 935 ut,
378 859 483 936 qui
522 874 723 935 neque
772 857 878 917 tibi
931 868 1111 919 notus
1164 864 1332 917 esset
1371 871 1575 931 neque
1617 853 1992 932 cognitorem
2025 852 2298 932 locuple·

232 953 355 1007 tem
398 944 611 1016 daret,
659 939 939 1016 quamvis
972 939 1127 1001 civis
1151 941 1464 1000 Romanus
1497 947 1698 1014 esset,
1739 938 1802 998 in
1835 953 2079 1024 crucem
2123 941 2298 1001 tolle·

233 1037 420 1088 retur.

399 1109 609 1169 LXVI.
672 1107 814 1170 169.
873 1107 999 1166 Sed
1042 1105 1190 1181 quid
1236 1121 1353 1179 ego
1397 1106 1572 1180 plura
1614 1106 1692 1165 de
1733 1103 1968 1166 Gavio?
2021 1105 2198 1180 quasi
2229 1113 2298 1167 tu

234 1193 425 1254 Gavio
454 1201 578 1253 tum
609 1190 797 1253 fueris
829 1189 1087 1251 infestus
1116 1203 1189 1248 ae
1220 1205 1344 1249 non
1373 1187 1629 1260 nomini,
1663 1187 1900 1263 generi,
1931 1188 2045 1250 iuri
2073 1188 2298 1249 civium

230 1276 450 1336 hostis.
508 1275 643 1334 Non
674 1273 787 1346 illi,
832 1273 1110 1347 inquam,
1160 1271 1418 1344 homini,
1465 1273 1575 1332 sed
1609 1287 1834 1330 causae
1877 1270 2180 1332 communi
2227 1271 2298 1330 li·

235 1357 483 1416 bertatis
514 1356 795 1415 inimicus
828 1355 1013 1416 fuisti.
1078 1354 1233 1428 Quid
1257 1354 1416 1414 enim
1451 1353 1714 1427 attinuit,
1749 1372 1933 1429 quum
1955 1353 2298 1415 Mamertini

232 1455 403 1499 more
432 1448 618 1512 atque
649 1437 921 1498 Instituto
966 1453 1079 1497 suo
1111 1451 1351 1496 crucem
1381 1437 1664 1498 fixissent
1693 1446 1838 1512 post
1867 1438 2079 1499 urbem
2105 1437 2166 1497 in
2197 1440 2298 1496 via

231 1521 552 1596 Pompeia,
578 1520 869 1581 teiubere
897 1519 959 1579 in
991 1535 1067 1579 ea
1098 1527 1271 1594 parte
1301 1520 1521 1594 figere,
1569 1537 1727 1596 quae
1772 1522 1854 1580 ad
1896 1523 2112 1582 fretum
2155 1537 2296 1596 spe·

235 1613 443 1678 ctaret,
470 1612 531 1665 et
558 1604 676 1665 hoc
706 1604 967 1676 addere,
1016 1603 1181 1678 quod
1212 1617 1437 1678 negare
1465 1604 1630 1664 nullo
1665 1604 1848 1664 modo
1885 1613 2090 1679 poteS,
2125 1604 2298 1678 quod

234 1688 517 1750 omnibus
548 1686 935 1748 audientibus
960 1685 1168 1746 dixisti
1200 1689 1432 1761 palam,
1485 1693 1543 1746 te
1592 1686 1823 1747 idcirco
1875 1687 2043 1747 illum
2093 1688 2297 1747 locum

234 1773 529 1846 deligere,
571 1780 640 1833 ut
680 1771 811 1845 ille,
860 1772 1150 1845 quoniam
1179 1785 1250 1829 se
1280 1769 1477 1830 civem
1509 1770 1848 1829 Romanurn
1877 1787 2021 1830 esse
2049 1769 2299 1843 diceret,

232 1871 313 1915 ex
346 1871 528 1914 cruce
550 1854 783 1915 ltaliam
805 1869 1057 1914 eernere
1080 1869 1152 1912 ac
1177 1854 1421 1912 domum
1454 1869 1625 1912 suam
1657 1852 2011 1927 prospicere
2045 1858 2301 1928 posset?

234 1939 443 2010 Itaque
469 1936 571 1995 illa
602 1953 753 1997 crux
788 1938 951 2008 sola,
998 1935 1265 2009 iudices,
1303 1944 1443 2009 post
1476 1935 1777 1996 conditam
1813 1937 2160 1996 Messanam
2193 1936 2296 1995 illo

231 2020 293 2080 in
328 2021 467 2078 loco
497 2019 622 2078 fixa
650 2028 764 2079 est.
791 2017 999 2077 Italiac
1025 2026 1396 2092 conspectus
1423 2019 1504 2078 ad
1533 2033 1667 2078 eam
1694 2035 1821 2077 rem
1851 2019 1929 2078 ab
1969 2019 2086 2080 isto
2133 2019 2296 2077 dele-

232 2112 367 2162 ctus
410 2109 535 2174 est,
583 2100 776 2161 utine
815 2100 875 2158 in
921 2101 1133 2160 dolore
1176 2099 1572 2176 cruciatuque
1615 2101 1882 2162 moriens
1925 2109 2296 2176 perangusto

233 2187 389 2246 fretu
432 2182 633 2243 divisa
675 2181 983 2243 servitutis
1024 2199 1096 2242 ac
1139 2183 1434 2244 libertatis
1476 2184 1611 2243 iura
1649 2193 2084 2258 cognosceret,
2128 2183 2300 2244 Italia

232 2276 434 2328 autem
465 2268 771 2328 alumnum
804 2282 981 2325 suum
1010 2264 1319 2326 servitutis
1349 2275 1620 2327 extremo
1663 2283 2026 2342 summoque
2066 2265 2298 2341 suppli-

233 2351 330 2411 cio
365 2350 637 2410 adfixum
667 2347 919 2426 videret.
987 2345 1126 2410 170.
1189 2348 1454 2410 Facinus
1505 2358 1602 2411 est
1650 2349 1881 2411 vincire
1946 2349 2143 2410 civem
2172 2351 2298 2410 Ro-

229 2447 505 2502 manum.
546 2432 751 2492 scelus
785 2432 1142 2506 verberare,
1193 2448 1388 2506 prope
1416 2431 1809 2507 parricidium
1849 2446 2100 2492 necare=
2147 2431 2295 2505 quid

231 2513 429 2575 dicam
458 2513 519 2574 in
550 2529 794 2574 crucem
825 2513 1077 2574 tollere?
1124 2514 1313 2575 verbo
1357 2514 1508 2575 satis
1543 2516 1726 2591 digno
1771 2525 1892 2577 tam
1919 2512 2150 2573 nefaria
2191 2529 2294 2573 res

231 2595 525 2672 appellari
556 2597 723 2657 nullo
754 2597 937 2657 modo
966 2605 1188 2672 potest.
1251 2597 1382 2658 Non
1417 2596 1526 2659 fuit
1552 2599 1648 2658 his
1685 2599 1964 2658 omnibus
1993 2595 2110 2657 iste
2149 2611 2296 2655 eon-

232 2691 463 2740 tentus:
500 2688 766 2755 spectet,
800 2680 1024 2755 inquit,
1051 2678 1336 2754 patriam:
1395 2679 1457 2740 in
1492 2690 1834 2756 conspeetu
1872 2683 2076 2756 legum
2117 2677 2298 2740 liber·

198 2762 495 2838 satisque
526 2761 832 2824 moriatur.
892 2765 1026 2824 Non
1067 2773 1131 2824 tu
1161 2763 1279 2823 hoc
1311 2765 1447 2824 loeo
1480 2763 1766 2838 Gavium,
1807 2781 1930 2835 non
1973 2781 2159 2833 unum
2187 2763 2299 2822 ho-

230 2845 453 2904 minem
481 2845 692 2907 neseio
740 2843 953 2922 quem,
1007 2845 1202 2907 civem
1230 2847 1602 2920 Romanum,
1655 2848 1767 2907 sed
1803 2862 2186 2909 communem
2230 2845 2298 2904 li·

227 2921 479 2988 bertatis
532 2937 593 2988 et
641 2927 899 2990 civitatis
956 2945 1205 2989 eausam
1260 2929 1321 2988 in
1370 2929 1540 2989 illum
1583 2931 1915 2991 cruciatum
1951 2938 2012 2990 et
2053 2945 2300 2990 crucem

228 3010 425 3084 egisti.
488 3011 613 3070 lam
646 3027 791 3071 vero
828 3011 1028 3073 videte
1050 3011 1315 3072 hominis
1348 3012 1684 3073 audaciam.
1749 3015 1964 3074 Nonne
1998 3028 2136 3073 eum
2160 3027 2296 3086 gra-

229 3095 382 3154 viter
411 3093 625 3154 tulisse
656 3093 1051 3166 arbitramini,
1107 3096 1277 3168 quod
1325 3095 1488 3156 illam
1535 3095 1776 3157 civibus
1818 3094 2113 3158 Romanis
2162 3111 2298 3154 cru-

228 3187 359 3236 cem
390 3193 511 3238 non
558 3186 773 3252 posset
801 3177 860 3235 in
891 3178 1055 3248 roro,
1098 3193 1221 3236 non
1258 3177 1318 3237 in
1345 3177 1624 3250 comiti0,
1657 3196 1779 3259 non
1812 3177 1872 3238 in
1900 3179 2116 3240 rostris
2149 3177 2300 3238 defl-

227 3267 413 3333 gcrc?
476 3259 651 3334 Quod
697 3260 857 3320 enim
895 3257 991 3318 his
1035 3258 1188 3318 locis
1238 3258 1296 3320 in
1340 3259 1661 3336 provincia
1687 3279 1802 3323 sua
1831 3261 2180 3322 celebritate
2215 3259 2301 3320 si-

228 3341 567 3416 millimum,
608 3341 859 3418 regione
910 3342 1256 3417 proximum
1299 3342 1520 3418 potuit,
1576 3344 1786 3420 elegit=
1833 3353 2293 3406 monumentum

0 3656 253 3728 ——x
