2459 3817
739 637 831 724 n.
885 641 1159 726 'I'IJLLII
1208 634 1632 723 CICERONIS
2073 763 2076 768 Ι

230 774 426 874 Plio
466 777 558 871 A.
602 778 957 878 LICINIO
997 779 1360 875 ARCHIA
1399 776 1718 874 POETA
1763 772 2154 876 ORATIO·

214 1117 1117 1203 ARGUMENTUM‘VETERIS
1147 1136 1696 1201 ENARRAToms
1722 1137 1830 1200 AB
1857 1138 1931 1200 A.
1961 1134 2162 1198 ΜΑιο

716 1224 1011 1286 numm
1039 1226 1139 1286 m
1172 1222 1641 1286 summum,

298 1355 367 1409 A.
400 1355 624 1407 bicinam
650 1356 869 1409 Archias
902 1373 959 1409 se
992 1359 1176 1409 studiis
1214 1359 1425 1422 poeticis
1460 1356 1655 1408 dedidit
1688 1361 1737 1404 et
1773 1353 2020 1420 adprime,
2053 1361 2109 1403 ut
2141 1354 2216 1405 vi-

161 1423 391 1482 debatur,
424 1424 662 1474 excelluit
688 1426 739 1474 in
769 1425 867 1476 hoo
901 1439 1089 1492 genere
1121 1427 1416 1478 litterarum.
1468 1423 1702 1476 Amicitia
1726 1423 1884 1488 igitur
1912 1425 2062 1472 etiam
2091 1423 2216 1472 viris

158 1492 439 1543 illustribus
484 1493 802 1543 familiariter
835 1495 1101 1558 copulatus
1146 1503 1252 1553 est,
1301 1502 1360 1544 ut
1394 1495 1507 1558 ipse
1541 1495 1609 1546 M.
1643 1490 1838 1540 Tullius
1875 1491 1927 1540 in
1973 1491 2216 1540 orationis

160 1561 314 1612 buius
346 1563 631 1615 narratione
664 1563 939 1624 confimat.
1007 1561 1216 1613 Inter-{m
1254 1564 1384 1614 satis
1425 1564 1573 1628 lonae
1604 1561 1866 1612 interuallo
1909 1574 2050 1624 qum
2083 1565 2218 1610 esset

159 1644 265 1680 οισι
292 1629 359 1679 L.
390 1629 601 1680 Lamalle
634 1631 687 1680 ὄπ
714 1629 933 1681 Siciliam
957 1631 1221 1694 profectus
1253 1638 1305 1680 et
1332 1646 1478 1696 qim
1507 1646 1579 1682 ιω
1610 1644 1675 1680 ea
1700 1629 1965 1692 provincia
1997 1642 2104 1678 mea
2133 1642 2214 1677 eo-

160 1698 268 1748 dem
297 1696 367 1749 L.
402 1697 609 1748 Laeoeullo
643 1699 1027 1762 regrederetur,
1062 1698 1354 1748 Heracleam
1390 1698 1550 1760 venit,
1585 1709 1714 1759 quae
1747 1705 1866 1745 tuno
1900 1703 2006 1744 erat
2037 1696 2216 1744 civitas

160 1765 447 1822 foederata,
484 1775 534 1814 et
569 1767 820 1830 ascriptus
855 1773 933 1814 est
968 1766 1021 1814 in
1056 1767 1282 1815 ordinem
1315 1765 1710 1815 Heracliensium
1748 1763 1894 1814 civis.
1963 1761 2102 1811 Tunc
2133 1759 2216 1810 Si·-

162 1832 308 1881 lanus
334 1839 383 1880 et
409 1830 570 1881 Carbo
600 1845 733 1881 coss.
766 1831 931 1898 legem
960 1832 1201 1891 tulerunt,
1230 1839 1288 1880 ut
1318 1847 1507 1892 omnes,
1539 1833 1626 1894 qui
1657 1836 1824 1878 essent
1852 1843 1916 1877 ex
1945 1829 2215 1879 foederatis

159 1898 389 1965 populis,
439 1901 691 1950 civitatem
730 1901 1007 1950 Romanam
1048 1908 1502 1964 consequerentur,
1553 1900 1600 1948 si
1643 1897 1795 1947 modo
1837 1895 1924 1946 illo
1968 1904 2214 1961 tempore,

161 1981 262 2032 quo
289 1966 373 2016 lex
414 1965 517 2016 lata
552 1974 711 2026 esset,
759 1967 1069 2018 domicilium
1104 1970 1157 2016 in
1195 1967 1342 2018 Italia
1375 1967 1614 2018 habereut
1649 1972 1699 2016 et
1733 1966 1864 2014 intra
1903 1965 2038 2015 diem
2069 1979 2214 2015 sexa-

160 2035 411 2101 gesimum
435 2034 653 2100 professi
675 2036 813 2100 apud
842 2044 1123 2099 praetorem
1154 2034 1387 2086 fuissent.
1436 2034 1575 2094 Quae
1605 2047 1757 2096 quum
1781 2031 1977 2086 Licinio
1997 2031 2214 2082 Archiae

161 2103 228 2153 ad
261 2103 586 2154 obtinendum
617 2104 697 2152 ius
724 2103 942 2154 civitatis
967 2103 1221 2153 Romanae
1257 2111 1550 2169 argumenta
1579 2104 1829 2159 deessent,
1863 2102 2100 2164 quoniam
2128 2114 2216 2150 ne·

160 2185 260 2234 qne
290 2170 475 2220 tabulis
507 2170 898 2221 Heracliensium
936 2173 1150 2237 probare
1180 2180 1378 2236 poterat
1407 2173 1680 2237 ascriptum
1706 2182 1764 2218 se
1797 2169 1850 2217 in
1888 2169 2116 2219 ordinem
2144 2169 2214 2218 ci-

158 2239 298 2288 vium
326 2261 397 2274 —
432 2240 623 2304 quippe
667 2239 965 2290 tabularium
1010 2241 1229 2290 civitatis
1273 2239 1412 2290 illius
1447 2247 1701 2290 exarserat
1743 2235 1880 2287 bello
1915 2235 2088 2288 sociali
2124 2261 2216 2302 —,

159 2320 256 2356 neo
286 2306 419 2356 bona
440 2320 533 2356 sua
560 2309 615 2358 in
644 2322 849 2358 censum
882 2307 1141 2370 detulerat,
1171 2323 1292 2358 reus
1315 2308 1479 2358 faetus
1505 2315 1584 2358 est
1601 2308 1718 2372 lege
1743 2305 1916 2370 Papia,
1952 2318 2084 2368 qnae
2107 2303 2215 2354 lata

160 2373 325 2424 fuerat
366 2374 433 2424 ad
471 2389 560 2426 eos
596 2377 929 2436 coercendos,
983 2378 1071 2440 qui
1105 2384 1294 2458 temere
1335 2384 1386 2426 et
1425 2375 1599 2426 illicite
1639 2374 1911 2454 civitatem·
1931 2373 2214 2452 Romanam

159 2449 553 2560 mamm
576 2444 657 2562 ἵζ’
670 2441 2215 2576 3522322523250‘352'52:iaaessssiiffuzz¹5²&⁶222ss

159 2593 190 2627 e
212 2591 420 2628 numero
441 2577 829 2632 foederatorum.
879 2579 943 2629 Et
968 2581 1197 2631 deficitur
1220 2581 1424 2643 quidem
1449 2580 1619 2631 multis
1638 2577 2038 2645 probationibus,
2068 2575 2215 2626 testi-

159 2647 329 2696 monio
356 2653 526 2696 tamen
550 2647 943 2698 Heracliensium
975 2656 1025 2698 et
1052 2648 1135 2700 vel
1171 2650 1411 2707 maxime,
1447 2648 1632 2712 quibus
1659 2654 1766 2697 tota
1799 2655 2072 2710 occupatur
2098 2659 2212 2694 ora-

157 2714 259 2771 tlo,
303 2715 534 2778 poeticae
565 2715 819 2768 facultatis
852 2724 902 2767 et
937 2717 1193 2768 doctrinae
1229 2717 1626 2766 iucundissimae
1659 2714 1825 2780 gratia
1857 2713 2051 2765 nititur.
2123 2713 2214 2762 Est

156 2782 310 2832 etiam
349 2783 537 2833 omissa
571 2785 859 2834 coniectura
891 2784 1187 2850 disceptatio
1220 2799 1317 2850 per
1348 2786 1510 2849 ipsam
1545 2782 1834 2846 qualitatem
1861 2794 2122 2846 personae,
2157 2786 2217 2830 ue

157 2850 286 2900 civis
315 2849 571 2899 Romanus
601 2851 780 2901 debeat
799 2851 1049 2916 adoptari,
1085 2854 1236 2902 etiam
1267 2853 1314 2901 si
1348 2853 1402 2901 in
1425 2851 1750 2916 praeteritum
1781 2863 1881 2897 non
1905 2850 1974 2899 sit
2003 2849 2212 2901 ascitus.

158 2916 416 2987 [Ceterum
471 2919 608 2969 idem
672 2926 931 2969 enarrator
974 2919 1043 2969 ad
1082 2935 1126 2968 o.
1159 2922 1213 2970 2.
1251 2919 1301 2982 §-
1333 2919 1384 2969 3.
1435 2919 1639 2968 adnotat
1677 2916 1737 2976 Q.
1785 2913 2067 2967 Ciceronem
2112 2915 2211 2964 fra-

158 2995 286 3034 trem
308 2985 379 3036 Μ.
406 2985 561 3034 Tullii
592 2987 807 3037 oratoris
838 2986 981 3036 illum
1010 2986 1170 3036 tuisse
1203 2994 1503 3052 praetorem,
1538 2985 1677 3051 apud
1707 2998 1857 3048 quem
1885 2983 2012 3034 liaeo
2038 2983 2212 3034 habita

156 3053 319 3104 oratio
364 3054 456 3115 sit,
508 3055 641 3106 conf.
680 3057 832 3105 etiam
866 3053 1117 3105 ciceroni·
1166 3056 1313 3119 epist.
1347 3055 1420 3104 ad
1449 3053 1512 3116 Q.
1539 3053 1760 3118 fratrem
1800 3052 1887 3103 lib.
1921 3053 2004 3104 m.
2047 3065 2126 3117 ep.
2151 3050 2208 3104 6.

156 3119 209 3184 3.
237 3117 315 3181 9.,
352 3123 651 3186 videturque
678 3125 743 3176 A.
774 3122 1000 3174 Heinius
1028 3121 1242 3174 Archias
1275 3123 1538 3174 absolutus
1573 3119 1727 3186 esse.]

325 3234 371 3294 1.
420 3235 477 3297 l.
524 3198 601 3298 Si
634 3234 779 3312 quid
826 3244 925 3298 est
960 3235 1020 3297 in
1067 3253 1165 3299 me
1204 3235 1431 3313 ingenii
1445 3281 1474 3322 ,U
1501 3235 1768 3309 iudices,
1802 3236 1974 3312 quod
2012 3229 2210 3295 sentio

160 3331 344 3392 quam
371 3317 451 3380 sit
479 3318 761 3406 exiguum
776 3366 795 3395 ,
827 3327 932 3383 aut
958 3319 1014 3382 si
1044 3337 1167 3395 qua
1195 3317 1545 3382 exercitatio
1575 3317 1850 3391 dicendi,
1882 3315 1945 3377 in
1970 3333 2091 3392 qua
2111 3331 2210 3379 me
