2459 3817
2068 0 2439 7 νκὴ-

721 182 885 243 CAP.
920 189 1115 246 s—r.
1154 184 1207 247 s.
1239 189 1502 244 ιι-ισ,
2019 166 2148 235 255

80 340 395 409 perturum
437 340 661 410 putas?
740 330 836 396 14.
880 331 1037 393 Nihil
1080 330 1264 407 igitur
1295 332 1358 392 in
1391 330 1577 391 vitam
1611 330 1674 391 L.
1704 328 1995 391 Murenae
2029 330 2149 391 dici

87 420 325 490 potest,
372 413 541 485 nihil,
591 416 870 490 inquam,
942 419 1206 474 omnino.
1297 414 1526 475 Iudicio
1573 412 1664 473 sie
1727 429 1766 472 a
1806 430 1903 474 me
1931 416 2150 474 consul

86 499 445 575 designatus
495 498 866 569 detenditur,
914 502 981 557 ut
1032 498 1165 559 eius
1205 499 1372 559 nulla
1420 496 1619 569 trane,
1669 496 1835 557 nulla
1875 495 2148 569 avaritia,

82 582 250 640 nulla
293 580 577 657 perfidia,
624 581 789 639 mlla
830 578 1187 652 crudelitas,
1226 579 1458 639 nullum
1500 578 1780 653 petulans
1821 578 2049 640 dietum
2086 582 2150 639 in

80 662 209 723 vita
249 665 604 738 proferatur.
677 662 845 723 Bene
884 662 1095 726 habeta
1147 661 1307 721 iacta
1337 669 1479 721 sunt
1507 662 1898 721 fundamenta
1938 663 2148 725 desen-

82 744 297 807 sionis.
357 745 639 805 Nondum
669 744 829 806 enim
857 744 1085 805 nostris
1114 745 1427 815 laudibus,
1478 743 1702 819 quibus
1742 753 1878 805 utar
1905 755 2152 819 postea,

82 830 198 891 sed
233 844 429 905 prope
469 826 849 888 inimicorum
890 827 1288 887 confessione
1335 824 1532 887 virum
1572 828 1802 887 bonum
1833 835 2018 902 atque
2057 826 2149 887 in·

80 920 315 987 tegrum
354 910 660 971 hominem
706 910 1113 970 defendimus.
1196 911 1322 969 Vll.
1366 909 1499 982 Quo
1541 910 1868 972 constituto
1915 909 2152 971 facilior

82 1004 179 1056 est
204 994 351 1054 mihi
380 994 581 1054 aditus
612 994 689 1052 ad
720 992 1170 1053 contentionem
1200 991 1538 1068 dignitatiS,
1587 1008 1747 1067 quae
1781 1007 1928 1068 pars
1957 995 2148 1054 altera

83 1077 197 1138 fuit
223 1075 653 1138 accusationis,

254 1158 352 1219 15.
398 1158 705 1217 Summam
733 1155 920 1217 video
948 1173 1091 1219 esse
1120 1158 1179 1219 in
1209 1166 1300 1229 te,
1336 1157 1467 1219 Ser.
1499 1154 1760 1232 Sulpici,
1797 1154 2146 1232 dignitatem

84 1240 349 1317 generiS,
372 1239 747 1314 integritatis,
772 1240 1106 1301 industriae
1164 1250 1632 1315 ceterorumque
1656 1247 2147 1301 ornamentorum

85 1322 383 1397 omnium,
434 1322 659 1398 quibus
700 1324 917 1384 fretum
959 1324 1039 1383 ad
1088 1325 1444 1385 consulatus
1497 1323 1850 1399 petitionem
1889 1324 2146 1399 adgredi

82 1422 221 1499 par·
234 1414 348 1467 est.
428 1404 605 1467 Paria
644 1420 957 1481 cognosco
998 1420 1143 1467 esse
1184 1406 1305 1467 ista
1344 1405 1406 1466 in
1444 1407 1510 1467 L.
1539 1406 1796 1467 Murena
1835 1413 2022 1482 atque
2063 1406 2149 1467 ita

89 1482 279 1561 paria,
314 1489 385 1544 ut
404 1500 608 1558 neque
630 1484 767 1560 ipse
788 1486 885 1561 di
854 1486 1083 1547 nitate
1114 1504 1156 1547 a
1178 1494 1231 1547 te
1254 1484 1414 1546 vinci
1446 1486 1715 1560 potuerit
1735 1500 1940 1559 neque
1961 1491 2023 1543 te
2048 1485 2136 1543 di

90 1566 320 1639 gnitate
342 1567 663 1643 superarit.
702 1568 1185 1659 contempsisti
1192 1572 1256 1629 L.
1283 1570 1577 1658 Murenae
1601 1584 1831 1643 genus:
1864 1566 2136 1627 extulisti

86 1656 272 1711 tuum.
337 1646 468 1719 Quo
500 1647 636 1705 loco
666 1642 722 1705 si
747 1644 856 1705 tibi
887 1646 1003 1706 hoe
1032 1644 1254 1717 summ,
1284 1644 1403 1704 nisi
1433 1643 1539 1719 qui
1568 1650 1861 1719 patricius
1892 1650 2000 1716 slt,
2044 1660 2150 1704 ne·

86 1728 311 1790 minem
349 1729 513 1788 bono
553 1742 697 1787 esse
738 1742 965 1802 genere
1006 1736 1244 1799 natum,
1297 1728 1448 1787 facis
1489 1735 1559 1787 ut
1597 1742 1812 1787 rursus
1845 1726 2057 1800 plebes
2089 1728 2150 1785 in

92 1812 453 1872 Aventinum
476 1810 827 1870 sevocanda
856 1824 999 1869 esse
1027 1809 1323 1869 videatur.
1383 1806 1488 1869 Sin
1513 1817 1714 1869 autem
1746 1815 1888 1868 sunt
1909 1808 2151 1882 amplae

87 1903 150 1956 et
174 1893 473 1953 honestae
502 1890 761 1952 l'amiliae
790 1889 1084 1965 plebeiae,
1120 1899 1182 1951 et
1208 1907 1478 1965 proavus
1498 1892 1564 1953 L.
1587 1890 1878 1952 Murenae
1908 1898 1968 1953 et
1994 1906 2150 1951 avus

90 1984 336 2052 praetor
378 1973 491 2036 fuit
529 1982 591 2035 et
633 1981 829 2049 pater,
850 1990 1035 2048 quum
1075 1973 1450 2049 amplissime
1491 1983 1676 2049 atque
1715 1971 2150 2033 honestissime

90 2074 168 2119 ex
201 2064 484 2133 praetura
514 2056 977 2132 triumphasset,
1024 2056 1143 2117 hoc
1174 2056 1506 2117 faciliorem
1536 2055 1679 2116 huic
1713 2056 1967 2133 gradum
2002 2072 2147 2115 con·

88 2141 325 2203 sulatus
351 2138 734 2215 adipiscendi
761 2138 1035 2214 reliquit,
1066 2140 1236 2215 quod
1265 2140 1318 2200 is
1347 2139 1467 2201 iam
1496 2140 1652 2215 patri
1683 2139 1922 2199 debitus
1955 2156 1992 2199 a
2021 2139 2149 2200 filio

88 2224 426 2301 petebatur.
488 2221 589 2285 16.
614 2223 740 2283 Tua
763 2238 909 2283 vero
934 2222 1238 2297 nobilitas,
1270 2223 1401 2285 Ser.
1427 2222 1680 2299 Sulpici,
1710 2221 1952 2284 tametsi
1987 2239 2148 2283 sum-

88 2323 186 2367 ma
225 2314 353 2381 est,
405 2315 605 2367 tamen
646 2303 993 2367 hominibus
1033 2304 1308 2367 litteratis
1350 2313 1412 2368 et
1448 2305 1758 2368 historicis
1797 2313 1894 2368 est
1925 2304 2146 2377 notior,

88 2392 319 2466 populo
357 2405 505 2451 vero
554 2398 615 2451 et
654 2387 1156 2463 suffragatoribus
1199 2388 1538 2451 obscurior.
1615 2389 1792 2451 Pater
1836 2387 1995 2449 enim
2038 2386 2151 2448 suit

89 2473 360 2548 equestri
400 2475 569 2533 loco=
624 2488 778 2533 avus
826 2472 993 2532 nulla
1031 2470 1248 2535 illustri
1289 2475 1469 2534 laude
1509 2473 1871 2536 celebratus,
1937 2472 2148 2546 ltaque

86 2571 207 2615 non
237 2571 319 2615 ex
344 2570 627 2617 sermone
650 2551 957 2615 hominum
987 2555 1233 2628 recenti,
1268 2558 1380 2618 sed
1409 2573 1486 2616 ex
1509 2554 1814 2617 annalium
1843 2562 2150 2616 vetustate

88 2639 358 2700 eruenda
382 2637 676 2698 memoria
705 2645 802 2699 est
835 2636 1161 2698 nobilitatis
1190 2647 1350 2698 tuae.
1412 2639 1542 2712 Qua
1570 2654 1637 2699 re
1666 2654 1782 2714 ego
1807 2646 1874 2699 te
1904 2652 2150 2713 semper

86 2720 145 2781 in
166 2729 441 2782 nostrum
463 2738 778 2781 numerum
801 2721 1139 2796 adgregare
1162 2724 1356 2794 soleo,
1388 2721 1554 2796 quod
1575 2722 1794 2781 virtute
1821 2720 2146 2783 industria-

90 2820 211 2880 que
245 2803 572 2879 perfecisti,
602 2811 687 2877 ut,
720 2820 906 2879 quum
938 2802 1161 2878 equitis
1190 2804 1449 2865 Romani
1485 2820 1660 2865 esses
1696 2804 1877 2877 tilius,
1909 2820 2148 2865 summa

84 2896 283 2948 tamen
313 2886 710 2963 amplitudine
739 2885 961 2960 dignus
986 2894 1284 2960 putarere,
1317 2902 1431 2947 nec
1447 2886 1594 2964 mihi
1623 2902 1910 2963 umquam
1943 2887 2147 2947 minus

86 2969 145 3030 in
182 2970 249 3043 Q.
280 2968 590 3046 Pompeio,
623 2985 787 3031 novo
821 2968 1062 3029 homine
1091 2976 1154 3029 et
1181 2967 1514 3030 fortissimo
1549 2967 1702 3044 viro,
1732 2968 1971 3031 virtutis
2002 2985 2146 3028 esse

38 3086 43 3091 ·
86 3051 282 3113 visum
315 3060 413 3115 est
444 3069 624 3127 quam
656 3051 717 3112 in
758 3050 1001 3113 homine
1036 3049 1414 3113 nobilissimo
1445 3052 1522 3113 Μ.
1551 3049 1831 3114 Aemilio.
1909 3050 2144 3112 Etenim

86 3134 359 3196 eiusdem
399 3134 582 3196 animi
628 3143 814 3209 atque
850 3132 1077 3209 ingenii
1118 3144 1213 3195 est
1251 3136 1515 3210 posteris
1563 3134 1722 3205 suis,
1767 3136 1933 3209 quod
1967 3134 2144 3193 Pom·

87 3218 262 3293 peius
291 3216 451 3293 fecit,
477 3216 935 3295 amplitudinem
966 3215 1259 3291 nominis,
1295 3234 1476 3293 quam
1505 3234 1625 3278 non
1655 3213 1993 3291 acceperit,
2023 3224 2142 3275 tra-

86 3301 249 3373 dere,
284 3308 361 3373 et,
393 3310 461 3363 ut
492 3299 782 3377 Scaurus,
814 3301 1163 3363 memoriam
1196 3316 1392 3377 prope
1420 3300 1873 3362 intermortuam
1901 3296 2146 3372 generis

82 3382 183 3447 eui
208 3380 427 3445 virtute
453 3398 771 3446 renovare.
