2459 3817
775 185 1222 245 CAP.11—13.
1269 191 1320 251 s.
1351 194 1612 247 34—43.
2099 182 2183 248 53

147 334 367 411 ηἰοιιίε,
377 332 668 409 quidquid
695 343 818 406 cst,
848 342 983 407 aut,
1012 332 1066 393 si
1098 334 1160 393 id
1182 350 1397 408 parum
1418 342 1541 407 est,
1574 351 1689 409 ego
1714 334 1905 395 maius
1936 336 2000 395 id
2023 350 2185 395 com-

146 416 536 476 memorando
568 417 767 475 facere
792 430 915 474 non
939 432 1210 489 possum.
1256 418 1382 477 XII.
1420 414 1521 478 37.
1566 418 1656 476 De
1680 426 1758 491 tc,
1790 417 2040 489 Caecili,
2067 416 2183 475 iam

144 498 490 558 mehercule
545 498 664 556 hoc
707 506 878 558 extra
917 498 1074 557 hanc
1117 497 1563 558 contentionem
1608 508 2033 572 certamenque
2074 516 2184 559 no-

146 589 336 641 strum
356 578 722 639 familiariter
733 586 932 639 tecum
949 581 1186 654 loquar,
1221 578 1434 654 tuipse
1453 581 1959 655 quemadmodum
1976 580 2180 640 existi-

142 678 278 721 mes
305 661 446 720 vide
469 661 645 721 ctiam
667 669 852 735 atque
885 662 1060 719 ctiam
1085 670 1144 720 et
1165 669 1229 721 tu
1250 670 1311 720 te
1334 662 1549 735 collige
1574 671 1634 722 ct
1659 664 1796 736 quis
1836 663 1923 722 sis
1949 661 2179 737 etquid

143 746 350 803 facere
381 743 584 817 possis
613 742 952 803 considera.
1003 742 1268 802 Putasne
1293 751 1350 802 te
1378 760 1569 818 posse
1599 744 1675 803 dc
1710 744 1984 803 maximis
2013 759 2169 803 acer·

146 825 536 899 bissimisquc
555 826 769 898 rebuS,
797 840 981 897 quum
1013 840 1262 883 causam
1294 826 1597 885 sociorum
1622 828 2016 901 fortunasque
2042 842 2178 899 pro·

142 907 415 980 vinciae,
446 908 540 968 ius
567 906 778 981 populi
805 904 1062 966 Romani
1105 904 1583 981 gravitatemque
1626 904 1831 965 iudicii
1858 908 2181 981 legumque

141 988 442 1061 suscipiS‚
482 1004 582 1047 res
611 996 732 1059 tot,
775 996 901 1047 tam
939 1002 1199 1061 graves,
1242 994 1365 1045 tam
1403 986 1608 1046 varias
1650 1002 1836 1056 voce,
1877 986 2185 1045 memoria.

143 1067 436 1138 consilio,
473 1068 717 1142 ingenio
748 1069 1088 1128 sustinere-r
1139 1067 1241 1129 38.
1287 1068 1549 1127 Putasne
1576 1078 1636 1127 te
1668 1084 1889 1142 posse,
1933 1082 2089 1141 quac
2120 1066 2183 1125 C.

143 1154 376 1209 Verres
410 1148 472 1208 in
515 1158 870 1223 quaestura,
915 1164 1072 1222 quae
1117 1150 1179 1207 in
1225 1150 1552 1223 legatione,
1598 1149 1847 1223 quaein
1880 1156 2181 1224 practura,

145 1246 312 1307 quae
339 1233 600 1299 Romae,
639 1246 794 1303 quae
821 1230 884 1287 in
907 1230 1102 1301 ltalia,
1143 1246 1303 1303 quae
1331 1230 1390 1288 in
1419 1231 1678 1303 Achaia,
1708 1232 1858 1289 Asia
1883 1230 2180 1305 Pamphy-

141 1315 356 1387 liaque
390 1310 684 1385 peccarit,
717 1326 824 1382 ea,
856 1313 1361 1385 quemadmodum
1389 1312 1541 1371 locis
1570 1311 2066 1387 temporibusque
2094 1311 2181 1371 di·

143 1396 282 1455 visa
323 1395 471 1461 sint,
523 1391 614 1451 sic
654 1392 998 1453 criminibus
1041 1402 1100 1452 ct
1139 1393 1412 1453 oratione
1460 1392 1883 1469 distingueret·
1918 1394 2181 1455 Putasne

143 1492 370 1551 posse,
406 1474 472 1533 id
501 1475 667 1548 quod
699 1474 760 1534 in
791 1474 971 1535 huius
1003 1475 1168 1535 modi
1199 1490 1307 1537 reo
1342 1476 1599 1537 maxime
1622 1477 2035 1537 necessarium
2066 1486 2177 1548 est,

146 1562 380 1628 tacere,
413 1563 480 1616 ut
515 1573 670 1631 quae
691 1555 790 1617 illc
813 1556 1164 1630 libidinose,
1195 1573 1353 1632 quae
1377 1558 1635 1631 nefarie,
1673 1576 1829 1634 quae
1860 1559 2182 1619 crudeliter

149 1640 388 1712 fecerit,
432 1654 506 1697 ea
536 1634 731 1713 aeque
761 1640 982 1699 acerba
1015 1648 1074 1699 et
1101 1640 1349 1715 indigna
1388 1641 1707 1701 videantur
1738 1656 1881 1700 esse
1921 1639 2018 1698 his
2074 1640 2180 1711 qui

150 1721 400 1781 audient
455 1729 636 1794 atque
675 1720 794 1781 illis
835 1721 974 1781 visa
1021 1731 1162 1782 sunt
1218 1722 1323 1796 qui
1370 1728 1734 1781 senserunt?
1820 1719 1920 1779 39.
1962 1720 2182 1793 Magna

150 1813 291 1864 sunt
318 1818 422 1875 ea,
465 1818 620 1877 quae
656 1802 824 1875 dico,
867 1803 1010 1862 mihi
1051 1803 1261 1862 crede:
1308 1802 1433 1861 noli
1458 1803 1613 1861 hacc
1642 1809 2045 1862 contemnere.
2083 1799 2182 1858 Di-

151 1886 373 1955 cenda,
417 1886 912 1957 demonstranda,
957 1884 1322 1957 explicanda
1364 1892 1505 1943 sunt
1554 1884 1780 1946 omnia:
1835 1898 2023 1942 causa
2060 1896 2183 1940 non

154 1971 354 2028 solum
394 1966 784 2040 exponenda,
829 1966 940 2025 sed
986 1965 1164 2024 etiam
1205 1964 1466 2038 graviter
1522 1964 1897 2040 copioseque
1946 1963 2183 2040 agenda

153 2060 274 2110 cst·
317 2048 756 2123 perficiendum
779 2055 895 2116 est,
929 2046 984 2105 si
1013 2046 1158 2121 quid
1186 2062 1368 2121 agere
1390 2055 1491 2108 aut
1512 2048 1809 2121 prolicere
1834 2047 1961 2120 vis,
1989 2056 2056 2107 ut
2073 2047 2155 2105 ho
2178 2078 2183 2082 -

107 2173 126 2179 -
150 2131 344 2191 mines
374 2137 434 2190 te
463 2146 584 2190 non
620 2130 814 2190 solum
842 2127 1118 2203 audiant,
1146 2145 1359 2189 verum
1388 2130 1567 2189 etiarn
1598 2131 1850 2191 libenter
1880 2128 2182 2190 studiose·

151 2228 273 2309 que
299 2213 562 2271 audiant.
616 2212 685 2269 In
727 2228 848 2286 quo
891 2210 945 2271 si
975 2218 1036 2273 te
1066 2212 1315 2272 multum
1343 2222 1553 2272 natura
1581 2212 1918 2283 adiuvaret,
1953 2210 2006 2269 si
2029 2207 2182 2283 opti·

150 2297 266 2355 mis
292 2312 332 2354 a
369 2292 626 2368 pueritia
645 2293 992 2389 ‘disciplinis
1037 2302 1220 2368 atquc
1260 2294 1487 2353 artibus
1520 2293 1864 2354 studuisses
1905 2300 1966 2351 et
1996 2291 2059 2349 in
2085 2288 2183 2347 his

151 2378 568 2448 elaborasseS,
609 2376 662 2435 si
694 2374 922 2435 litteras
955 2374 1220 2436 Graecas
1252 2375 1538 2448 Athenis,
1580 2392 1701 2435 non
1726 2372 2029 2451 Lilybaei,
2070 2371 2185 2429 La-

151 2459 310 2518 tinas
333 2458 592 2529 Romae,
623 2472 746 2516 non
769 2457 830 2515 in
855 2456 1058 2517 Sicilia
1092 2456 1449 2530 didicisses,
1478 2466 1674 2518 tamen
1698 2458 1867 2516 'esset
1886 2469 2185 2529 magnum.

149 2548 379 2600 tantam
419 2555 698 2611 causam,
747 2548 869 2599 tam
900 2547 1315 2613 exspectatam
1356 2547 1417 2599 et
1455 2538 1761 2614 diligentia
1798 2535 2097 2611 consequi
2131 2546 2191 2598 et

150 2620 446 2682 memoria
467 2620 785 2695 complecti
811 2629 874 2681 et
895 2621 1166 2682 oratione
1193 2638 1555 2695 expromere
1582 2630 1642 2681 et
1668 2636 1820 2679 voce
1852 2636 1925 2679 ac
1952 2618 2188 2679 viribus

151 2703 476 2765 sustinere.
519 2702 620 2763 40.
656 2702 944 2763 Fortasse
981 2702 1179 2763 dices:
1225 2702 1381 2775 Quid
1418 2710 1607 2777 ergo?
1646 2702 1799 2761 haec
1838 2700 1901 2760 in
1943 2711 2007 2761 te
2048 2708 2189 2759 sunt

152 2785 398 2845 omnia?
462 2784 700 2845 Utinam
732 2784 974 2858 quidem
1003 2793 1240 2845 essent!
1286 2786 1513 2843 Verum
1553 2794 1750 2844 tamen
1776 2791 1843 2844 ut
1870 2798 2010 2843 esse
2044 2798 2186 2857 pos-

155 2875 319 2940 sent,
361 2882 581 2940 magno
623 2866 823 2927 studio
853 2866 997 2926 mihi
1029 2883 1066 2926 a
1093 2866 1352 2940 pueritia·
1378 2874 1473 2927 est
1504 2867 1893 2927 elaboratum.
1957 2862 2188 2937 Quodsi

153 2966 268 3023 ego
298 2950 456 3007 haec
476 2956 724 3022 propter
749 2947 1218 3023 magnitudinem
1248 2964 1448 3007 rerum
1470 2964 1543 3006 ac
1567 2948 1977 3009 difficultatem
2008 2949 2188 3007 adse·

157 3030 257 3104 qui
291 3046 418 3090 non
447 3030 650 3104 potui,
682 3032 784 3105 qui
817 3029 878 3091 in
913 3028 1076 3090 omni
1101 3029 1227 3089 vita
1258 3029 1405 3089 nihil
1432 3029 1597 3089 aliud
1628 3029 1754 3103 egi,
1797 3044 1975 3103 quam
2009 3030 2189 3099 longe

156 3111 218 3171 tu
257 3120 319 3171 te
362 3112 440 3171 ab
478 3110 574 3170 his
611 3113 796 3173 rebus
824 3112 1048 3172 abesse
1079 3110 1400 3183 arbitrare,
1446 3127 1600 3185 quas
1640 3127 1762 3171 non
1791 3112 1975 3171 modo
2013 3117 2187 3167 antea

158 3208 486 3267 numquam
508 3192 812 3267 cogitasti,
843 3194 955 3253 sed
977 3210 1054 3253 ne
1075 3210 1239 3254 nunc
1264 3193 1538 3268 quidem,
1574 3211 1759 3268 quum
1776 3192 1839 3253 in
1865 3208 1972 3251 eas
1993 3189 2188 3261 ingre-

160 3275 350 3348 deris»,
393 3291 552 3348 quae
581 3283 640 3335 et
669 3284 928 3349 quantae
957 3274 1078 3335 sint
1105 3273 1410 3349 suspicari
1437 3283 1656 3348 potes?
1703 3274 1857 3333 xm.
1896 3269 1999 3331 41.
2038 3270 2189 3343 Ego,

161 3357 283 3429 qui,
317 3357 476 3417 sicut
513 3372 722 3417 omncs
765 3356 988 3429 sciunt,
1031 3357 1092 3415 in
1137 3358 1271 3417 foro
1320 3355 1684 3428 iudiciisque
1732 3355 1815 3414 ita
1845 3366 2083 3423 verser,
2125 3358 2186 3409 ut
