2459 3817
163 11 172 17 ·
256 0 2455 49 Ἥ

640 128 647 132 ’
707 156 1168 219 CAP.37—-40.
1212 162 1265 221 s.
1298 164 1627 218 108—116.
2116 155 2194 219 31

145 308 404 369 obstas?
467 306 714 367 Recede
749 306 828 365 de
857 303 1086 364 medina
1137 320 1251 380 per
1291 304 1474 365 alium
1514 304 1862 381 transigam.
1920 308 2199 383 Suscipis

145 405 306 451 onus
335 387 540 461 officii,
571 388 740 461 quod
774 395 833 447 te
861 394 1043 461 putas
1067 388 1369 446 sustinere
1391 404 1603 462 posse,
1636 388 1801 464 quod
1836 386 2077 451 minime
2112 390 2198 450 vi-

145 474 326 531 detur
359 486 548 545 grave
579 468 686 541 iis,
736 468 842 543 qui
869 467 1110 529 minime
1141 467 1264 543 ipsi
1299 470 1468 529 leves
1502 479 1659 530 sunt.
1741 471 2004 531 XXXIX.
2036 473 2197 547 Ergo

142 552 378 613 idcirco
431 551 628 625 turpis
668 551 821 613 haec
861 553 1042 625 culpa
1075 559 1197 621 est,
1255 553 1422 627 quod
1460 552 1615 612 duas
1646 568 1749 613 res
1780 552 2198 615 sanctissimas

143 634 366 705 violat,
413 632 733 696 amicitiam
765 641 825 694 et
853 633 1055 695 fidem.
1129 632 1281 691 Nam
1329 650 1530 709 neque
1582 636 1828 695 mandat
1876 636 2199 711 quisquam

145 720 277 777 fere
306 715 426 777 nisi
464 715 662 779 amico
715 732 918 790 neque
961 714 1154 775 credit
1210 714 1328 775 nisi
1362 716 1447 789 ei,
1499 733 1679 790 quem
1720 718 1965 778 fidelem
2002 726 2195 793 putat.

141 797 544 860 Perditissimi
575 806 672 859 est
698 796 880 871 igitur
908 796 1172 857 hominis
1203 797 1383 859 simul
1412 806 1473 859 et
1503 798 1824 861 amicitiam
1854 800 2196 862 dissolvere

145 890 212 941 et
243 882 453 944 fallere
485 897 641 952 eum,
687 878 792 955 qui
833 882 1041 941 laesus
1069 896 1191 940 non
1223 887 1408 954 esset,
1436 878 1556 939 nisi
1588 880 1968 943 credidisset.
2054 882 2176 945 113

142 966 316 1025 Itane
351 970 485 1025 est?
539 964 606 1027 In
635 960 896 1021 minimis
924 963 1110 1021 rebus
1143 961 1250 1037 qui
1281 962 1627 1023 mandatum
1656 965 2018 1039 neglexerit,
2075 975 2196 1027 tur-

143 1045 406 1121 pissimo
441 1044 665 1107 iudicio
697 1045 1133 1106 condemnetur
1163 1059 1423 1104 necesse
1449 1050 1567 1117 est,
1618 1044 1678 1103 in
1706 1062 1776 1111 re
1813 1054 1977 1107 tanta
2013 1064 2194 1122 quum

141 1129 232 1200 is,
277 1126 377 1189 cui
411 1130 571 1188 fama
597 1125 850 1199 mortui,
899 1127 1176 1187 fortunae
1206 1126 1329 1186 v1vi
1365 1127 1821 1189 commendatae
1850 1137 1995 1191 sunt
2014 1138 2199 1203 atque

145 1209 566 1280 concreditae,
599 1208 930 1283 ignominia
958 1215 1289 1281 mortuum,
1384 1211 1587 1283 inopia
1640 1213 1828 1273 vivum
1882 1210 2194 1283 adfecerit,

144 1292 204 1351 is
233 1290 390 1353 inter
417 1290 708 1351 honestos
737 1290 1020 1351 homines
1047 1298 1232 1366 atque
1266 1291 1423 1351 adeo
1464 1290 1619 1351 inter
1647 1291 1825 1353 vivos
1856 1293 2195 1354 numerabi-

143 1380 288 1435 tur?
314 1374 382 1435 In
410 1371 668 1433 minimis
691 1372 1070 1449 privatisque
1096 1373 1283 1435 rebus
1316 1371 1496 1433 etiam
1528 1372 1891 1449 negligentia
1928 1374 2195 1435 mandati

142 1457 210 1515 in
234 1456 459 1517 crimen
489 1454 903 1531 iudiciumque
929 1454 1214 1516 infamiae
1245 1461 1515 1529 vocatur,
1550 1464 1879 1532 propterea
1912 1457 2109 1533 quod,
2141 1456 2194 1517 si

129 1542 318 1601 ‚recte
376 1537 504 1609 fiat,
568 1538 735 1601 illum
761 1536 1069 1616 negligere
1095 1538 1510 1614 oporteat-qui
1536 1537 1849 1611 mandarit,
1882 1556 2006 1600 non
2026 1540 2195 1600 illum

147 1620 256 1695 qui
289 1620 638 1685 mandatum
665 1620 992 1695 receperitz
1034 1620 1096 1679 in
1123 1638 1192 1681 re
1223 1628 1407 1694 tanta,
1438 1637 1596 1695 quae
1630 1620 1873 1696 publice
1903 1630 2079 1696 gesta
2107 1630 2193 1682 at·

147 1719 274 1776 que
305 1700 633 1764 commissa
655 1702 750 1775 sit,
777 1701 880 1778 qui
903 1719 1025 1763 non
1048 1702 1417 1779 negligentia
1434 1704 1737 1777 privatum
1756 1702 2009 1777 aliquod
2032 1719 2195 1763 com-

145 1786 394 1845 modum
424 1785 699 1857 laeserit,
730 1785 844 1847 sed
876 1784 1137 1859 perfidia
1167 1784 1489 1859 legationis
1536 1782 1735 1859 ipsius
1765 1784 2193 1845 caerimoniam

143 1868 430 1941 polluerit
459 1868 822 1943 maculaque
853 1866 1162 1939 adfecerit,
1198 1883 1321 1941 qua
1346 1866 1400 1925 is
1433 1867 1677 1925 tandem
1716 1880 1918 1939 poena
1950 1866 2193 1926 adficie-

141 1958 243 2009 tur
283 1957 389 2010 aut
429 1967 551 2025 quo
592 1948 820 2011 iudicio
855 1948 1279 2009 damnabitur?
1358 1946 1501 2010 114.
1554 1946 1620 2007 Si
1650 1947 1807 2007 hanc
1832 1948 1889 2009 ei
1916 1965 2045 2011 rem
2071 1948 2195 2023 pri-

144 2029 334 2093 vatim
363 2032 509 2093 Sex.
539 2032 803 2093 Roscius
833 2030 1269 2103 mandavisset,
1298 2038 1365 2091 ut
1399 2047 1536 2091 curn
1568 2030 1968 2108 Chrysogono
1999 2040 2183 2092 trans-

140 2114 344 2189 igeret
370 2120 552 2189 atque
579 2114 903 2187 decideret,
936 2110 1126 2189 inque
1154 2129 1289 2174 eam
1330 2128 1458 2173 rem
1500 2113 1686 2174 fidem
1719 2130 1928 2189 suam,
1956 2112 2010 2175 si
2043 2112 2191 2191 quid

142 2212 312 2270 opus
341 2210 482 2255 esse
507 2203 765 2269 putaret,
793 2196 1222 2271 interponeret,
1257 2193 1377 2270 ille,
1409 2194 1513 2270 qui
1538 2211 1681 2257 sese
1704 2196 2001 2258 facturum
2023 2212 2191 2257 rece-

141 2278 362 2352 pisset,
391 2294 611 2350 nonne,
641 2277 696 2338 si
724 2294 806 2337 ex
834 2294 908 2338 eo
939 2275 1180 2352 negotio
1240 2279 1535 2339 tantulum
1580 2278 1640 2337 in
1681 2294 1811 2337 rem
1842 2294 2015 2337 suam
2048 2294 2189 2337 con·

139 2358 450 2433 vertisset,
479 2360 799 2422 damnatus
829 2374 941 2434 per
973 2358 1261 2421 arbitrum
1290 2368 1351 2421 et
1375 2376 1503 2419 rem
1530 2358 1877 2421 restitueret
1917 2367 1977 2419 et
2005 2360 2192 2419 hone·

144 2450 364 2505 statem
399 2457 638 2503 omnem
669 2441 1006 2502 amitteret?
1088 2440 1229 2503 115.
1271 2442 1444 2503 Nunc
1471 2457 1594 2502 non
1622 2441 1781 2502 hanc
1817 2440 1875 2501 ei
1894 2457 2022 2500 rem
2047 2439 2193 2500 Sex.

139 2522 412 2585 Roscius
439 2524 766 2597 mandavit,
797 2524 928 2596 sed,
961 2524 1025 2583 id
1055 2524 1221 2597 quod
1243 2526 1428 2584 multo
1465 2522 1713 2598 gravius
1747 2532 1859 2597 est,
1889 2521 2024 2597 ipse
2048 2521 2193 2583 Sex.

139 2605 411 2667 Roscius
441 2622 578 2667 cum
609 2607 796 2678 fama,
846 2606 968 2666 vita
1004 2605 1309 2681 bonisque
1352 2606 1631 2665 omnibus
1674 2623 1712 2666 a
1760 2604 2191 2666 decurionibus

139 2686 391 2763 publice
419 2686 694 2765 [Roscio]
719 2688 1038 2749 mandatus
1061 2696 1185 2749 est:
1217 2696 1379 2749 etex
1400 2704 1474 2747 eo
1496 2688 1560 2746 T.
1580 2686 1847 2748 Roscius
1868 2704 1989 2748 non
2020 2689 2191 2762 paul-

140 2774 270 2833 lum
304 2771 514 2831 nescio
547 2770 694 2845 quid
736 2770 798 2829 in
831 2786 960 2829 rem
990 2787 1164 2831 suam
1207 2770 1533 2843 convertit,
1586 2770 1698 2830 sed
1728 2769 1890 2830 hunc
1921 2769 2191 2831 funditus

141 2852 364 2915 evertit
389 2852 590 2925 bonis,
621 2851 759 2926 ipse
786 2851 900 2911 tria
929 2852 1180 2925 praedia
1199 2852 1317 2912 sibi
1341 2854 1634 2927 depectus
1670 2861 1781 2925 est,
1826 2854 2191 2913 voluntatem

143 2934 544 2995 decurionum
584 2950 658 2993 ac
700 2932 1072 3007 municipum
1125 2934 1388 2995 omnium
1441 2932 1730 2995 tantidem
1770 2933 1977 3009 quanti
2010 2934 2193 2995 fidem

142 3034 321 3079 suam
350 3016 510 3077 fecit.
1663 3072 1668 3078 .

306 3099 429 3161 XL.
474 3096 616 3161 116.
657 3096 880 3159 Videte
913 3098 1030 3157 iarn
1058 3114 1245 3173 porro
1284 3107 1557 3173 caetera,
1584 3097 1851 3171 iudiceS,
1886 3107 1953 3159 ut
1978 3094 2191 3157 intelli-

141 3180 302 3257 gatis
343 3178 490 3255 fingi
531 3178 896 3241 maleficium
924 3182 1152 3243 nullum
1186 3198 1379 3257 posse
1412 3198 1533 3257 quo
1576 3180 1693 3243 iste
1723 3196 1863 3240 sese
1894 3196 2017 3239 non
2050 3194 2194 3249 eon-

142 3262 462 3325 taminarit.
530 3264 596 3323 In
643 3263 829 3323 rebus
869 3263 1202 3342 minoribus
1246 3262 1481 3326 socium
1522 3265 1729 3323 fallere
1780 3258 2193 3335 turpissimum

140 3355 237 3408 est
265 3361 594 3425 aequeque
621 3352 800 3421 turpe
828 3356 1012 3423 atque
1051 3346 1219 3427 illud,
1254 3348 1333 3408 de
1367 3364 1489 3423 quo
1524 3352 1664 3405 ante
1687 3342 1843 3411 dixi;
1874 3348 2075 3417 neque
2105 3338 2193 3399 in-
