2459 3817
783 129 943 189 CAP.
973 137 1169 193 4—7.
1214 136 1267 195 s.
1299 138 1560 193 10—18.
2164 128 2207 191 5

143 288 217 341 ut
247 277 487 339 facilius
516 277 852 354 intelligere
885 278 1172 355 possitis,
1214 279 1483 353 iudices,
1527 296 1631 352 ea,
1673 297 1831 355 quae
1862 282 2021 341 facta
2054 288 2216 355 sunt,

143 361 499 437 indigniora
539 378 712 434 esse,
761 378 942 437 quam
985 363 1138 422 haec
1181 372 1352 435 sunt,
1398 379 1557 438 quae
1601 361 1893 435 dicimuS‚
1935 364 2013 423 ab
2043 362 2215 423 initio

141 462 254 505 res
287 445 802 521 quemadmodum
828 454 1004 519 gesta
1045 443 1126 505 sit
1155 445 1331 507 vobis
1360 461 1776 521 exponemus,
1820 462 1942 521 quo
1976 444 2214 506 facilius

143 537 208 590 et
233 526 418 588 huius
438 527 702 589 hominis
720 526 1206 589 innocentissimi
1232 528 1514 589 miserias
1545 537 1605 589 et
1628 528 1867 590 illorum
1894 528 2212 590 audaciam

143 626 534 685 cognoscere
564 608 818 685 possitis
847 618 908 671 et
937 610 1028 671 rei
1057 610 1343 686 publicae
1378 610 1797 673 calamitatem.

317 694 420 753 Vl.
466 692 566 755 15.
619 693 764 753 Sex.
794 693 1091 768 RosciuS,
1142 704 1319 768 pater
1350 693 1639 767 huiusce,
1686 695 2005 768 municeps
2032 696 2207 753 Ame-

140 775 322 838 rinus
351 774 462 837 fuit
491 793 676 852 quum
703 792 930 851 genere
957 784 1022 837 et
1047 775 1357 837 nobilitate
1386 786 1447 837 et
1473 778 1735 851 pecunia
1762 793 1884 838 non
1907 777 2092 837 modo
2117 777 2212 835 sui

119 857 498 945 ffnunicipii,
544 876 756 919 verum
799 858 980 919 etiam
1021 858 1156 919 eius
1202 858 1527 919 vicinitatis
1571 859 1748 920 facile
1800 858 2033 934 primus
2086 868 2211 918 tum

135 940 344 1019 gratia
375 949 558 1017 atque
580 940 864 1018 hospitiis
894 942 1125 1003 florens·
1151 941 1463 1003 hominum
1496 940 2031 1003 nobilissimorum.
2060 942 2211 999 Nam

137 1042 290 1087 cum
317 1024 608 1096 MeteHiS,
651 1022 954 1092 Serviliis,
1000 1022 1395 1098 Scipionibus
1438 1032 1567 1084 erat
1604 1024 1661 1085 ei
1705 1041 1827 1085 non
1869 1024 2055 1084 modo
2101 1023 2206 1082 ho·

136 1108 429 1183 spitium,
456 1123 669 1167 verum
701 1106 882 1167 etiam
911 1105 1283 1167 domesticus
1313 1124 1465 1169 usus
1494 1115 1559 1167 et
1584 1108 2001 1168 consuetudo=
2035 1122 2209 1181 quaa,

135 1200 210 1251 ut
255 1206 524 1263 aequum
569 1198 692 1261 est,
749 1187 1010 1249 familias
1052 1189 1395 1252 honestatis
1434 1189 1973 1265 amplitudinisque
2019 1188 2213 1261 gratia

135 1270 418 1335 nomino.
490 1272 704 1345 Itaque
746 1286 828 1331 ex
855 1270 984 1329 suis
1016 1272 1297 1333 omnibus
1334 1271 1671 1333 commodis
1708 1272 1827 1332 hoc
1858 1272 2059 1332 solum
2086 1270 2211 1329 filio

132 1352 421 1430 reliquit=
466 1369 606 1413 nam
649 1352 1076 1427 patrimonium
1106 1354 1426 1415 domestici
1457 1355 1806 1429 praedones
1844 1353 1905 1414 vi
1934 1362 2209 1427 ereptum

134 1436 504 1514 possident,
553 1436 715 1495 fama
753 1444 814 1497 et
846 1434 970 1495 vita
1007 1435 1353 1498 innocentis
1383 1439 1461 1497 ab
1494 1436 1841 1512 hospitibus
1871 1435 2211 1511 amicisque

135 1517 420 1596 paternis
459 1518 824 1580 defenditur.
910 1518 1010 1579 16.
1061 1518 1174 1579 Hic
1217 1536 1405 1595 quum
1434 1520 1595 1581 omni
1624 1530 1901 1595 tempore
1930 1517 2211 1579 nobilita·

134 1603 218 1664 tis
253 1603 454 1662 fautor
481 1600 728 1674 fuisset,
768 1609 893 1661 tum
923 1600 1042 1661 hoc
1075 1604 1331 1663 tumultu
1366 1602 1679 1677 proximo,
1726 1620 1914 1677 quum
1942 1599 2211 1663 omnium

135 1683 438 1745 nobilium
477 1683 738 1759 dignitas
767 1691 828 1745 et
857 1685 1026 1743 salus
1055 1682 1116 1743 in
1145 1684 1471 1745 discrimen
1498 1684 1765 1758 veniret,
1806 1692 2047 1759 praeter
2075 1698 2211 1741 cae-

134 1778 313 1830 teros
341 1765 402 1826 in
431 1783 506 1827 ea
536 1765 840 1827 vicinitate
869 1782 1006 1825 eam
1039 1774 1275 1839 partem
1306 1782 1683 1839 causamque
1719 1782 1941 1841 opera,
1985 1764 2209 1839 studio,

133 1848 506 1911 auctoritate
547 1848 840 1908 defendit.
895 1848 1134 1907 Etenim
1171 1857 1405 1908 rectum
1434 1848 1687 1923 putabat
1714 1866 1827 1923 pro
1860 1865 2073 1909 eorum
2099 1848 2208 1909 ho·

133 1940 384 1993 nestate
425 1946 496 1991 se
537 1946 846 2005 pugnare,
883 1937 1138 2003 propter
1172 1946 1331 2004 quos
1374 1930 1513 2005 ipse
1551 1930 2022 1991 honestissimus
2051 1930 2209 1991 inter

135 2030 300 2077 suos
317 2012 793 2073 numerabatur.
889 2012 1295 2086 Posteaquam
1337 2011 1590 2074 victoria
1628 2014 1957 2075 constituta
1997 2022 2094 2074 est
2128 2014 2209 2073 ab

134 2097 460 2171 armisque
496 2093 902 2169 recessimus,
943 2111 1130 2171 quum
1157 2095 1685 2169 proscriberentur
1712 2096 1993 2157 homines
2022 2104 2211 2171 atque

146 2200 230 2243 ex
241 2184 425 2265 ‘omni
450 2184 704 2257 regione
727 2190 1098 2258 caperentur
1117 2182 1175 2254 ii,
1196 2181 1303 2255 qui
1330 2180 1671 2241 adversarii
1696 2180 1891 2240 fuisse
1912 2184 2210 2254 putaban-

147 2274 272 2337 tur,
304 2272 434 2325 erat
462 2264 564 2326 ille
576 2266 814 2326 Romae
838 2267 1136 2341 frequens
1165 2270 1353 2338 atque
1372 2262 1437 2323 in
1462 2265 1603 2323 foro
1630 2268 1693 2322 et
1715 2261 1776 2321 in
1806 2278 1915 2322 ore
1941 2262 2211 2321 omnium

145 2350 382 2413 cotidie
414 2350 799 2420 versabatur,
829 2348 1022 2424 magis
1051 2357 1119 2410 ut
1143 2351 1455 2410 exsultare
1484 2348 1739 2409 victoria
1766 2346 2097 2409 nobilitatis
2128 2344 2215 2405 vi·

145 2437 402 2496 deretur
430 2449 613 2508 quam
639 2431 852 2492 timere
879 2448 958 2491 ne
983 2430 1131 2505 quid
1159 2448 1238 2493 ex
1264 2448 1340 2492 ea
1370 2430 1725 2492 calamitatis
1749 2430 1867 2491 sibi
1890 2429 2216 2490 accideret.

145 2517 255 2581 17.
297 2517 486 2576 Erant
523 2514 582 2575 ei
607 2524 848 2575 veteres
876 2513 1224 2575 inimicitiae
1260 2531 1399 2574 cum
1428 2514 1673 2575 duobus
1699 2512 1945 2575 Rosciis
1976 2511 2214 2573 Ameri-

142 2600 281 2673 niS,
321 2614 578 2674 quorum
609 2598 860 2658 alterum
885 2598 1106 2657 sedere
1133 2597 1194 2655 in
1225 2605 1652 2658 accusatorum
1682 2596 1989 2658 subselliis
2010 2597 2214 2669 vide0,

145 2686 411 2744 alterum
445 2680 558 2741 tria
597 2679 857 2741 huiusce
895 2677 1148 2754 praedia
1189 2679 1519 2754 possidere
1562 2678 1781 2740 audio:
1836 2695 1989 2753 quas
2019 2677 2214 2738 inimi·

145 2765 328 2829 citias
372 2763 426 2823 si
455 2770 574 2824 tam
611 2778 832 2823 cavere
857 2761 1190 2835 potuisset,
1221 2778 1406 2837 quam
1440 2771 1707 2823 metuere
1740 2761 2004 2834 solebat,
2044 2762 2213 2821 vive-

142 2858 260 2911 ret.
315 2848 530 2922 Neque
569 2845 759 2917 enim,
801 2843 1070 2917 iudices,
1110 2842 1329 2905 iniuria
1367 2845 1692 2906 metuebat.
1756 2845 1906 2903 Nam
1947 2844 2071 2904 duo
2111 2841 2214 2903 isti

148 2938 294 2993 sunt
326 2930 392 2989 T.
425 2927 669 3001 Roscii,
714 2943 972 3002 quorum
1011 2926 1183 2987 alteri
1213 2926 1491 3002 Capitoni
1524 2942 1865 3002 cognomen
1909 2934 2033 2999 est,
2076 2926 2211 2997 iste,

148 3014 257 3092 qui
285 3013 494 3085 adest,
519 3010 782 3083 Magnus
811 3017 1096 3083 vocatur,
1126 3009 1405 3071 homines
1440 3009 1575 3071 eius
1602 3008 1801 3069 modi=
1832 3010 1983 3070 alter
2029 3007 2213 3083 pluri-

144 3112 383 3159 marum
411 3094 749 3170 palmarum
773 3101 951 3153 vetus
975 3108 1050 3153 ac
1080 3091 1303 3153 nobilis
1328 3092 1627 3167 gladiator
1651 3093 1907 3153 habetur
1922 3138 1936 3163 ‚
1973 3090 2074 3151 hic
2104 3106 2211 3149 au·

145 3188 269 3242 tem
290 3194 494 3253 nuper
513 3192 582 3237 se
603 3176 686 3236 ad
715 3192 856 3236 eum
887 3174 1166 3235 lanistam
1202 3174 1485 3237 contulit=
1535 3174 1638 3250 qui
1667 3191 1853 3250 quum
1882 3182 2022 3234 ante
2056 3173 2214 3231 hanc

149 3278 420 3339 pugnam
445 3259 560 3321 tiro
589 3267 788 3332 esset,
821 3258 987 3334 quod
1015 3256 1204 3317 sciam
1221 3303 1237 3331 ,
1280 3259 1457 3318 facile
1478 3258 1680 3333 ipsum
1702 3255 2052 3331 magistrum
2080 3268 2217 3313 sce·

147 3347 272 3409 lere
307 3340 690 3418 audaciaque
718 3338 1048 3417 superavit.
1088 3340 1220 3399 vll.
1251 3338 1351 3402 18.
1392 3340 1543 3399 Nam
1576 3353 1763 3415 quum
1790 3336 1888 3396 hic
1919 3335 2062 3395 Sex,
2094 3334 2217 3396 Ro-
