2459 3817
221 160 349 228 208
393 164 541 230 PRO
559 164 764 227 REGE
790 160 1175 225 DEIOTARO
1203 160 1505 225 ORATIO.
1551 161 1715 224 CAP.
1747 170 1831 225 15.
1856 167 1908 230 S.
1933 171 2072 225 42-
2083 168 2172 224 43.

228 319 381 397 quid
416 317 497 379 ud
537 333 741 394 regem
792 323 1003 378 contra
1060 312 1410 391 dignitatem
1441 322 1606 377 tuum
1643 312 1974 390 scripserit.
2071 313 2293 374 Hieras

236 404 481 481 quidem
516 416 764 463 causam
796 412 1036 459 omnem
1066 397 1323 473 suscipit
1360 406 1422 460 et
1457 396 1807 460 criminibus
1848 396 1966 457 illis
2000 412 2112 472 pro
2139 412 2294 472 rege

232 503 305 549 se
338 483 630 562 supponit
654 498 844 544 reum.
906 480 1261 542 Memoriam
1293 488 1458 542 tuam
1491 481 1789 560 implorat,
1821 496 1940 555 qua
1965 480 2131 541 vales
2157 482 2294 556 plu-

232 570 477 631 rimumx
518 572 701 640 negat
738 579 1025 639 umquam
1052 579 1127 625 se
1164 581 1203 625 a
1241 572 1304 625 te
1328 563 1390 625 in
1419 564 1688 629 Deiotari
1713 560 2039 626 tetrarchia
2066 564 2298 637 pedem

232 647 637 713 discessisses
664 646 729 709 in
764 645 975 722 primis
1004 646 1227 709 finibus
1259 646 1366 708 tibi
1392 663 1462 709 se
1492 656 1738 724 praesto
1766 646 1960 709 fuisse
1987 644 2152 717 dicit,
2191 662 2298 707 us-

236 750 357 809 que
390 732 471 793 ud
492 730 735 793 ultimos
777 738 1198 805 prosecutum
1251 747 1434 807 quum
1463 746 1500 791 e
1526 732 1745 794 balneo
1775 729 2048 806 exisses,
2089 736 2300 789 tecum

234 832 307 879 se
337 814 527 877 fuisse
548 860 566 889 ,
612 830 797 890 quum
830 812 931 874 illa
959 829 1211 876 munera
1242 814 1625 890 inspexisses
1701 820 1986 887 cenatus,
2017 828 2210 891 quum
2232 813 2298 872 'in
2421 850 2423 867 .

237 898 519 961 cubiculo
548 896 973 970 recubuisses,
1001 897 1402 974 eumdemque
1429 896 1854 960 adsiduitatem
1883 895 1990 958 tibi
2017 911 2088 957 se
2116 910 2300 971 prae-

234 981 446 1045 buisse
477 979 789 1056 postridie.
872 977 973 1041 43.
1006 980 1196 1053 Quam
1218 981 1297 1043 ob
1327 996 1456 1043 rem
1479 982 1530 1042 si
1563 981 1710 1057 quid
1741 997 1968 1053 eorum,
2001 993 2164 1057 quae
2195 980 2300 1041 ob-

236 1066 395 1135 iecta
424 1073 593 1139 sunt,
634 1062 957 1139 cogitatum
990 1061 1095 1136 sit,
1136 1080 1259 1126 non
1298 1072 1542 1127 recusat
1587 1063 1730 1140 quin
1759 1063 1822 1125 id
1852 1080 2027 1126 suum
2058 1063 2299 1125 facinus

240 1146 497 1211 iudices.
595 1145 909 1220 Quocirca,
944 1144 1005 1207 C.
1039 1146 1280 1222 Caesar,
1314 1148 1496 1209 velim
1524 1147 1840 1210 existimes
1866 1145 2170 1209 hodierno
2201 1147 2298 1207 die

240 1230 601 1293 sententiam
628 1236 793 1291 tuam
822 1238 927 1291 aut
961 1244 1098 1291 cum
1130 1246 1366 1293 summo
1400 1232 1715 1294 dedecore
1745 1229 2146 1293 miserrimam
2194 1245 2290 1306 pe·

240 1324 396 1377 stem
434 1314 885 1390 importaturam
934 1327 1078 1373 esse
1103 1313 1353 1389 regibus
1380 1321 1485 1377 aut
1511 1313 1874 1377 incolumem
1903 1314 2122 1374 famam
2163 1328 2298 1375 eum

244 1400 467 1459 salutm
510 1410 767 1469 quorum
802 1397 1057 1457 alterum
1082 1406 1293 1473 optare
1314 1397 1550 1462 iliorum
1592 1395 1961 1466 crudelitatis
1991 1404 2114 1475 est,
2153 1399 2296 1462 alte-

242 1494 377 1544 rum
406 1490 773 1541 conservare
804 1476 1158 1544 clementiae
1186 1488 1346 1547 tuae.
