2459 3817
294 145 377 209 82
866 146 1015 213 PRO
1061 151 1124 211 P.
1170 149 1434 212 SESTIO
1477 148 1784 211 ORATIO.
2025 143 2058 186 ⁸

296 323 423 371 rem
457 302 761 382 publicam
793 301 1352 380 propugnatoribus
1375 303 1835 364 arbitrabantur.
1877 301 2348 366 Frutnen'tatiam

292 391 489 466 legem
519 389 582 449 C
618 387 929 450 Gracchus
960 388 1210 448 ferebat.
1253 387 1525 446 Iucunda
1558 398 1661 446 res
1695 385 1926 462 plebeii
1956 388 2164 450 victus
2191 388 2352 448 'enim

294 471 807 550 suppeditabatur
836 473 1005 546 large
1034 470 1173 530 sine
1201 461 1430 529 labore.
1487 471 1935 544 Repugnabant
1959 470 2138 546 boni,
2183 473 2351 548 quod

256 555 261 568 '
291 565 354 617 et
384 557 461 616 ab
495 553 793 616 industria
827 553 1066 630 piebem
1096 555 1172 614 ad
1202 551 1502 614 desidiam
1539 553 1787 648 avocari
1834 554 2134 678 putabant
2151 563 2240 616 et
2249 570 2347 616 ae·

290 638 518 699 tarium
549 635 856 699 exhauriri
888 637 1199 698 videbant.

454 722 658 782 XLIX.
697 721 883 782 Multa
905 721 1085 782 etiam
1110 727 1320 782 nostra
1341 677 1650 795 memoria,
1681 735 1843 796 quae
1871 673 2160 784 conscita
2176 674 2349 798 piae-

190 865 194 871 .
289 813 488 880 tereo,
534 805 779 866 fuerunt
818 805 879 864 in
925 821 1001 866 ea
1037 803 1457 878 contentione,
1501 812 1568 866 ut
1609 804 1924 880 popularis
1969 807 2274 882 cupid-itas
2313 823 2349 866 a

251 883 257 890 ’
290 852 544 951 οοιιείἷίο
577 887 918 966 principum
949 887 1294 951 dissideret.
1353 885 1492 950 104.
1523 889 1696 948 Nunc
1727 887 1846 949 iarn
1882 887 2028 948 nibil
2057 897 2172 951 eat·
2183 891 2348 964 quod

287 975 559 1051 populus
599 989 639 1034 a
689 971 945 1034 delectis
1001 971 1506 1050 principibusque
1559 969 1906 1046 dissentiat,
1961 986 2081 1034 uec
2118 971 2349 1055 flagitat

284 1073 413 1118 rem
444 1057 627 1118 ullam
668 1071 872 1153 neque
912 1071 1211 1116 novarum
1250 1071 1451 1115 rerum
1495 1063 1592 1116 est
1633 1016 1906 1131 cupidus
1947 1063 2010 1117 et
2049 1057 2172 1117 otio
2226 1072 2346 1116 suo

287 1148 349 1202 et
376 1139 667 1218 dignitate
697 1139 907 1216 optimi
938 1139 1242 1214 cuiusque
1267 1141 1330 1199 et
1371 1135 1698 1199 universae
1725 1138 1814 1198 rei
1841 1138 2118 1214 publicae
2149 1139 2348 1216 gloria

286 1223 641 1286 delectatur.
734 1223 949 1300 ltaque
996 1222 1281 1284 homines
1338 1221 1618 1283 seditiosi
1654 1232 1741 1282 ac
1795 1221 2149 1295 turbulenti,
2199 1223 2348 1298 quia

284 1309 449 1368 nulla
492 1307 611 1366 iam
653 1305 974 1382 largitione
1018 1307 1314 1382 populum
1345 1307 1682 1366 Romanum
1729 1305 2035 1366 concitare
2065 1314 2342 1382 possunt,

288 1391 455 1464 quod
502 1389 715 1465 plebes
758 1389 1081 1464 perfuncta
1123 1388 1503 1464 gravissimis
1545 1388 1978 1450 seditionibus
1992 1403 2072 1450 ac
2109 1388 2344 1449 discor-

286 1472 405 1532 diis
440 1473 627 1532 otium
666 1473 1079 1548 amplexatur,
1126 1472 1464 1532 conductas
1493 1471 1720 1533 habent
1751 1472 2102 1548 contiones,
2140 1485 2345 1548 neque

282 1555 346 1614 id
379 1563 595 1632 agunt,
622 1561 692 1616 ut
718 1571 793 1618 ea
826 1555 1034 1616 dicant
1060 1564 1166 1616 aut
1194 1557 1419 1627 serant,
1451 1568 1610 1628 quae
1641 1554 1730 1616 illi
1749 1556 1936 1617 velint
1966 1518 2208 1630 audite,
2241 1555 2346 1654 qui

282 1637 343 1698 in
377 1637 662 1700 contione
696 1645 867 1713 sunt,
898 1640 1012 1702 sed
1046 1637 1247 1714 pretio
1275 1654 1349 1698 ac
1377 1640 1662 1699 mercede
1696 1638 2047 1714 perficiunt,
2075 1648 2143 1700 ut
2171 1640 2342 1715 qund-

285 1721 434 1798 quid
476 1724 710 1795 dicant,
753 1721 819 1783 id
856 1723 939 1783 illi
985 1725 1142 1784 velle
1182 1721 1395 1783 audire
1437 1722 1774 1784 videantur.
1845 1717 1984 1785 105.
2003 1721 2183 1783 Num
2223 1734 2343 1783 ves

285 1807 646 1868 existimatis
675 1805 986 1868 Gracchos
1016 1815 1120 1868 aut
1154 1805 1545 1868 Saturninum
1577 1813 1682 1867 aut
1711 1820 2076 1882 quemquam
2106 1805 2340 1868 illorum

282 1899 587 1967 veterum,
618 1891 722 1968 qui
756 1893 1091 1968 populares
1118 1890 1529 1962 habebantur,
1569 1891 1756 1966 ullum
1787 1902 2076 1965 umquam
2104 1889 2162 1976 in
2197 1902 2340 1952 con-

281 1974 446 2036 tione
474 1975 767 2036 habuisse
796 1975 1207 2036 conductum?
1257 1973 1450 2035 Nemo
1489 1973 1716 2036 habuit.
1787 1975 1930 2050 Ipsa
1961 1965 2146 2033 enim
2163 1973 2339 2054 largi-

160 2063 166 2068 “
280 2057 365 2118 tio
394 2066 454 2119 et
483 2075 633 2131 spes
664 2060 966 2119 commodi
1011 2057 1314 2134 propositi
1355 2058 1489 2118 sine
1531 2058 1814 2119 mercede
1853 2057 1978 2118 ulla
2013 2055 2334 2118 mullitudi-

280 2156 418 2199 nem
444 2140 807 2202 concitabat.
850 2143 1063 2218 ltaque
1082 2143 1461 2218 temporibus
1486 2141 1634 2215 illis,
1668 2141 1769 2218 qui
1795 2143 2128 2216 populares
2149 2149 2340 2214 erant,

282 2223 675 2286 offendebant
714 2221 800 2283 illi
849 2225 1095 2301 quidem
1136 2228 1300 2302 apud
1347 2238 1569 2302 graves
1602 2221 1663 2286 et
1702 2225 2002 2286 honestos
2039 2224 2336 2296 fluminea,

280 2308 390 2368 sed
422 2305 633 2382 populi
670 2306 912 2388 iudiciis
946 2317 1131 2388 atque
1168 2309 1330 2370 omni
1375 2309 1818 2389 significatione
1843 2303 2339 2370 ‘florebant-*His

278 2389 340 2450 in
369 2391 604 2450 theatro
636 2389 1064 2466 plaudebatur=
1102 2393 1162 2452 1ιί
1192 2391 1502 2471 suffragiis
1533 2393 1699 2468 quod
1731 2393 2169 2454 contenderant
2187 2404 2338 2452 cou-

280 2474 725 2549 sequebantur=
756 2474 973 2536 horum
1002 2475 1282 2537 homines
1313 2483 1555 2549 nomen,
1590 2476 1940 2552 orationem,
1972 2475 2221 2547 vultum,
2245 2474 2339 2535 in-

280 2573 524 2618 cessum
548 2558 850 2620 amabant.
897 2559 1009 2632 Qui
1038 2569 1236 2620 autem
1261 2560 1746 2620 adversabantur
1763 2561 1817 2620 ei
1849 2559 2090 2635 generi,
2099 2561 2340 2634 ‘graves

278 2649 341 2702 et
370 2641 569 2717 magni
602 2641 882 2704 homines
914 2643 1320 2703 habebantur·
1369 2643 1483 2704 sed
1523 2643 1859 2704 valebant
1845 2661 1904 2702 ιιι
1943 2653 2159 2704 senatu
2189 2645 2340 2703 mul-

277 2733 433 2795 tum,
478 2726 640 2801 apud
681 2725 883 2787 bonos
926 2726 1091 2786 viros
1137 2725 1488 2802 plurimum·
1529 2725 1890 2804 multitudini
1925 2725 2172 2786 iucundi
2217 2736 2340 2787 non

278 2815 476 2880 erant,
524 2809 835 2884 suffragiis
868 2797 1296 2871 offendebatur
1337 2827 1528 2886 saepe
1559 2824 1772 2872 eorum
1811 2811 2126 2871 voluntasz
2163 2810 2340 2885 plau-

278 2907 412 2950 sum
441 2907 592 2952 vero
624 2893 801 2966 etiam
832 2891 888 2952 si
918 2893 1058 2968 quis
1093 2911 1303 2955 eorum
1333 2895 1664 2970 aliquando
1693 2897 2043 2969 acceperat,
2071 2905 2155 2952 ne
2190 2892 2342 2967 quid

274 2983 611 3050 peccasset
640 2972 1123 3048 pertimescebat.
1188 2981 1279 3039 Ac
1297 2987 1526 3049 tamen,
1561 2975 1615 3037 si
1650 2993 1808 3054 quae
1838 2991 1940 3038 res
1969 2983 2100 3038 erat
2123 2976 2342 3048 maior,

274 3056 439 3117 idem
494 3056 594 3116 ille
656 3057 923 3132 populus
973 3059 1189 3121 horum
1250 3061 1611 3123 auctoritate
1670 3058 1934 3120 maxime
1993 3067 2340 3121 commove·

272 3141 468 3202 batur.

442 3224 509 3283 L.
556 3221 697 3286 106.
739 3215 943 3297 Nunc,
972 3223 1214 3286 nisime
1250 3227 1426 3302 fallit,
1467 3227 1527 3288 in
1561 3244 1636 3288 eo
1667 3235 1826 3288 statu
1853 3225 2072 3287 civitas
2097 3236 2221 3300 est,
2254 3237 2351 3297 ut,

278 3305 332 3366 si
379 3322 602 3383 operas
640 3307 1077 3368 conductorum
1112 3311 1480 3382 removeris,
1527 3325 1741 3372 omnes
1782 3309 1942 3370 idem
1987 3311 2071 3369 de
2107 3321 2180 3368 re
2227 3323 2350 3383 pu—

275 3386 437 3449 blica
466 3387 709 3451 sensuri
738 3405 884 3451 csse
910 3390 1249 3454 videantur.
1315 3393 1551 3456 Etenim
1585 3393 1779 3456 tribus
1819 3391 1972 3455 locis
2003 3391 2344 3467 significari
