2459 3817
834 129 999 188 CAP.
1029 137 1292 192 29-32.
1323 136 1376 196 S·
1405 137 1668 194 67—71.
2177 129 2260 194 89

196 279 421 342 iudicis
451 281 653 340 solum
686 277 1074 340 severitatem
1104 277 1167 338 in
1196 279 1319 338 hoc
1353 276 1630 352 crimine,
1673 279 1785 338 sed
1814 296 2008 355 prope
2034 278 2258 341 mimici

196 372 386 438 atque
426 361 805 422 accusat-oris
848 362 968 420 vim
1010 359 1329 434 suscipere
1375 362 1586 422 debes.
1651 363 1815 421 Tuus
1857 362 2015 422 enim
2057 362 2258 425 honos

190 446 301 505 illo
330 446 557 521 templo
590 452 839 504 senatus
861 442 1201 519 populique
1227 443 1486 503 Romani
1513 443 1846 516 beneficio,
1876 445 1962 505 tui
1995 445 2257 504 nominis

191 536 448 588 aeterna
493 525 789 586 memoria
837 526 1016 586 simul
1066 541 1203 584 cum
1250 527 1476 600 templo
1531 527 1635 586 illo
1678 535 2099 599 consecratur,
2151 527 2258 586 tibi

190 611 351 670 haec
381 625 527 670 cura
568 607 991 682 suscipienda,
1022 606 1130 668 tibi
1157 607 1311 667 haec
1347 624 1540 684 opera
1567 610 1866 668 sumenda
1887 618 2012 682 est,
2053 617 2119 669 ut
2149 609 2256 668 Ca·

190 692 507 768 pitolium‚
539 706 723 765 quem
750 691 831 749 ad
862 690 1109 749 modum
1137 690 1626 765 magnificentius
1655 699 1750 751 est
1776 691 2136 766 restitutum,
2165 690 2258 750 sic

191 774 517 850 copiosius
548 781 824 834 ornatum
854 772 933 833 sit
958 789 1145 846 quam
1182 773 1322 848 suit,
1352 781 1417 832 ut
1441 773 1544 832 illa
1567 771 1809 832 flamma
1833 773 2119 833 divinitus
2151 790 2254 832 ex·

192 857 426 918 stitisse
453 856 759 926 videatur,
796 870 919 915 non
949 871 1108 929 quae
1140 855 1373 917 deleret
1397 855 1562 914 Iovis
1595 854 1805 929 optimi
1835 855 2078 914 maximi
2110 864 2256 915 tem-

192 942 391 1015 plum,
437 939 550 998 sed
593 954 753 1012 quae
794 936 1171 1011 praeclarius
1212 936 1824 1011 magnificentiusque
1867 938 2252 1011 deposceret.

192 1021 295 1083 70.
382 1019 627 1081 Audisti
680 1020 749 1093 Q.
788 1018 1121 1079 Minucium
1176 1017 1382 1078 dicere
1439 1017 1604 1078 domi
1665 1034 1816 1078 suae
1867 1019 2255 1077 deversatum

192 1119 339 1164 esse
378 1102 747 1162 Antiochum
788 1117 998 1176 regem
1040 1100 1398 1178 Syracusise
1447 1117 1516 1160 se
1554 1100 1704 1160 illud
1748 1099 1906 1160 scire
1950 1101 2030 1159 ad
2071 1097 2253 1159 istum

188 1199 340 1246 esse
374 1184 672 1244 del-atum:
704 1199 775 1244 se
805 1185 962 1244 seire
992 1200 1116 1245 non
1141 1186 1471 1246 redditum=
1505 1187 1726 1247 audisti
1759 1193 1820 1246 et
1847 1184 2062 1245 audies
2088 1185 2254 1244 cives

189 1267 239 1326 e'
264 1273 578 1325 conventu
606 1267 1005 1341 Syracusano
1024 1313 1039 1338 ,
1076 1266 1181 1340 qui
1212 1267 1296 1327 ita
1326 1263 1559 1340 dicant,
1602 1285 1746 1328 sese
1774 1267 2162 1328 audientibus
2192 1265 2250 1327 il-

188 1349 302 1409 lud
336 1347 469 1407 Iovi
510 1347 738 1422 optimo
778 1349 1045 1409 maximo
1076 1349 1343 1409 dicatum
1384 1367 1528 1410 esse
1567 1353 1645 1410 ab
1681 1367 1828 1425 rege
1855 1349 2163 1410 Antiocho
2198 1356 2258 1406 et

193 1441 643 1496 consecratum.
716 1435 781 1496 Si
820 1436 1004 1496 iudex
1046 1453 1171 1496 non
1214 1453 1391 1498 esses
1427 1445 1489 1500 et
1516 1438 1669 1498 haec
1701 1440 1781 1499 ad
1810 1447 1869 1500 te
1913 1440 2112 1501 dolata
2150 1457 2252 1500 res

190 1526 380 1593 esset,
412 1526 469 1578 te
502 1517 886 1592 potissimum
915 1520 1035 1580 hoc
1065 1522 1375 1596 persequi,
1422 1527 1480 1580 te
1506 1529 1732 1597 petere,
1764 1531 1824 1584 te
1857 1538 2040 1596 agere
2071 1538 2252 1597 opor-

190 1608 361 1661 teret.
429 1600 627 1675 Quare
670 1617 792 1660 non
837 1601 1047 1663 dubito
1093 1619 1215 1677 quo
1258 1603 1459 1664 animo
1512 1603 1700 1664 iudex
1748 1603 1930 1665 huius
1983 1603 2250 1665 criminis

190 1699 337 1743 esse
366 1683 631 1756 debeas,
676 1685 780 1757 qui
824 1685 991 1759 apud
1030 1683 1213 1745 alium
1257 1684 1518 1745 iudicem
1565 1688 1752 1746 multo
1795 1685 2023 1759 acrior,
2071 1702 2252 1761 quarn

190 1781 307 1840 ego
339 1782 504 1839 sum,
547 1774 719 1826 actor
745 1775 1191 1842 accusatorque
1220 1783 1363 1828 esse
1396 1768 1676 1827 deberes.

358 1913 592 1988 XXXII.
652 1927 751 1990 71.
809 1927 1005 1988 Vobis
1035 1937 1268 2004 autem,
1299 1929 1567 2002 iudices,
1599 1929 1747 2005 quid
1774 1929 1894 1990 hoc
1941 1930 2249 2006 indignius

184 2021 293 2072 aut
338 2009 487 2084 quid
524 2010 725 2072 minus
767 2013 1081 2072 ferendum
1123 2011 1316 2072 videri
1357 2019 1603 2086 potest?
1657 2014 1964 2073 Verresne
2005 2013 2252 2073 habebit

180 2091 357 2154 dorni
391 2108 539 2152 suae
562 2095 989 2154 candelabrum
1012 2094 1195 2168 IoviS,
1228 2112 1264 2156 e
1291 2094 1547 2170 gemmis
1577 2111 1850 2170 auroque
1872 2098 2252 2171 perfectum?

181 2173 368 2236 cuius
398 2175 633 2249 fulgore
662 2178 968 2237 collucere
996 2186 1180 2252 atque
1220 2177 1508 2238 illustrari
1539 2177 1704 2238 Iovis
1748 2178 1958 2253 optimi
2001 2177 2249 2238 maximi

181 2259 482 2332 templum
533 2261 883 2333 oportebat,
938 2259 1001 2318 id
1044 2260 1209 2334 apud
1239 2259 1422 2321 istum
1462 2260 1524 2319 in
1566 2260 1698 2321 eius
1743 2260 1910 2321 modi
1951 2259 2248 2320 conviviis

183 2339 604 2415 constituetur,
638 2358 797 2416 quae
822 2341 1175 2402 domesticis
1208 2343 1436 2418 stupris
1469 2341 1841 2418 flagitiisque
1869 2341 2250 2416 flagrabunt?

180 2425 253 2482 In
285 2421 463 2483 istius
498 2423 737 2484 lenonis
770 2423 1109 2498 turpissimi
1150 2426 1340 2484 domo
1367 2424 1546 2484 simul
1579 2441 1715 2484 curn
1759 2423 2014 2484 caeteris
2052 2422 2248 2484 Cheli-

178 2504 364 2566 donis
390 2505 773 2566 hereditariis
808 2507 1175 2566 ornamentis
1212 2506 1489 2581 Capitolii
1519 2513 1872 2567 ornamenta
1901 2513 2248 2581 ponentur?

178 2586 339 2661 Quid
378 2587 521 2647 huic
554 2589 714 2648 sacri
748 2605 1036 2662 umquam
1067 2591 1199 2650 fore
1226 2598 1332 2650 aut
1367 2587 1514 2664 quid
1542 2587 1813 2664 religiosi
1843 2588 2037 2650 fuisse
2070 2597 2245 2663 puta·

175 2671 289 2742 tis,
335 2670 440 2744 qui
470 2686 631 2730 nunc
664 2679 829 2732 tanto
862 2672 1095 2732 scelere
1124 2687 1193 2731 se
1238 2670 1594 2732 obstrictum
1627 2679 1778 2730 ‘esse
1822 2688 1945 2731 non
1989 2669 2248 2731 sentiat?

176 2751 287 2828 qui
317 2751 377 2811 in
414 2751 707 2812 iudicium
732 2751 965 2827 veniat,
1016 2753 1121 2813 ubi
1163 2769 1242 2813 ne
1270 2753 1512 2829 precari
1553 2753 1800 2828 quidem
1839 2755 2048 2812 Iovem
2091 2751 2246 2827 opti·

174 2849 345 2894 mum
372 2835 697 2896 maximum
738 2843 923 2909 atque
966 2837 1041 2896 ab
1088 2852 1164 2896 eo
1190 2836 1497 2900 ,auxilium
1534 2842 1746 2910 petere
1779 2852 1950 2897 more
1979 2835 2244 2896 omnium

175 2917 421 2992 possit?
461 2934 499 2976 a
542 2934 665 2992 quo
708 2917 887 2978 etiam
930 2917 993 2977 di
1026 2918 1396 2980 immortales
1430 2935 1544 2978 sua
1569 2924 1852 2991 repetunt
1881 2918 1940 2977 in
1973 2935 2047 2979 eo
2091 2918 2246 2978 iudi-

176 2999 297 3072 cio,
330 3000 499 3073 quod
529 2999 879 3060 hominibus
904 3001 985 3060 ad
1006 3016 1152 3061 suas
1180 3017 1282 3060 res
1315 3001 1683 3076 repetendas
1709 3008 1803 3062 est
1833 3000 2242 3062 constitutum.

171 3081 467 3142 Miramur
496 3082 756 3144 Athenis
783 3082 1137 3157 Minervam,
1166 3084 1297 3144 Deli
1324 3082 1693 3158 Apollinem,
1727 3084 2020 3144 Iunonem
2057 3081 2244 3152 Sami,

170 3163 409 3238 Pergae
448 3163 732 3237 Dianam,
791 3167 1015 3226 multos
1070 3173 1388 3240 praeterea
1429 3167 1503 3225 ab
1549 3165 1667 3227 isto
1717 3167 1892 3250 deos⁸
1923 3171 2052 3224 tota
2092 3162 2246 3222 Asia

174 3245 558 3322 Graeciaque
602 3247 895 3321 violatoS,
945 3247 1049 3322 qui
1084 3265 1123 3307 a
1164 3247 1458 3325 Capitolio
1503 3265 1720 3309 manus
1768 3247 2075 3307 abstinere
2119 3260 2244 3304 non

172 3327 483 3399 potuerit?
530 3331 695 3405 quod
739 3329 957 3406 privati
998 3329 1277 3392 homines
1308 3333 1386 3393 de
1425 3333 1556 3395 suis
1585 3326 1866 3407 pecuniis
1902 3333 2120 3386 ornant
2147 3342 2243 3388 or-
