2459 3817
805 146 973 212 GAP.
1001 154 1232 211 e-z—u.
1274 152 1327 216 s.
1358 152 1620 211 20-27,
2138 143 2259 213 107

187 296 359 371 quod
403 294 463 359 is
501 298 585 360 ab
633 298 821 362 sociis
861 298 1043 361 unice
1071 298 1434 375 diligebatur
1467 300 1565 359 vel
1596 298 1763 375 quod
1792 297 2257 375 diligentissime

183 381 458 455 rogabat,
488 383 588 443 vel
619 382 763 458 quia
784 398 900 459 pre
934 384 1061 443 filio
1085 380 1489 458 supplicabat,
1517 384 1615 441 vel
1642 384 1815 457 quod
1846 382 2027 445 liuius
2055 383 2255 457 ipsius

183 462 247 523 in
293 462 464 524 illum
505 464 780 527 ordinem
825 482 1068 527 summa
1115 464 1323 527 officia
1372 473 1737 540 quaesturae
1786 464 2256 540 tribunatusque

183 547 552 610 constabant
577 550 679 611 vel
705 550 876 625 quod
905 548 994 611 illi
1033 550 1095 609 in
1136 548 1259 611 hec
1298 549 1578 612 ornando
1620 546 1899 611 ordinem
1925 564 2001 611 vse
2034 563 2257 611 ornare

180 637 246 689 et
277 632 602 693 consulere
625 631 838 695 liberis
865 632 998 693 suis
1031 630 1495 693 arbitrabantur.

347 712 420 773 X.
437 713 704 789 ,Aliquid
731 724 1054 791 praeterea
1079 750 1165 763 --
1190 712 1403 775 timide
1433 714 1611 787 dico,
1650 715 1763 775 sed
1807 722 2009 777 tamen
2043 713 2253 777 dicen·

178 794 325 859 dam
353 803 452 857 est
483 820 590 853 -ι
623 813 746 859 non
781 798 944 861 enim
971 798 1217 873 opibus,
1250 813 1375 859 non
1402 796 1711 859 invidiosa
1736 799 1961 872 gratia,
1990 814 2114 859 non
2144 814 2249 873 po·

176 876 366 939 tentia
394 878 498 939 vix
527 882 809 955 serenda,-
838 883 954 943 sed
983 878 1559 943 commemoratione
1589 880 1903 955 beneficii,
1932 882 2045 942 sed
2068 881 2253 943 mise·

172 960 461 1036 ricordia,
486 964 601 1025 sed
630 965 914 1039 precibus
943 962 1177 1038 aliquid
1208 964 1515 1025 attulimus
1548 961 1729 1023 etiam
1756 980 1895 1025 nos.
1922 961 2253 1040 Appeuavi

175 1045 473 1119 populum
505 1046 802 1119 tributim,
855 1045 1115 1108 submisi
1153 1062 1254 1107 me
1286 1055 1349 1107 et
1387 1044 1765 1121 supplicavi=
1818 1048 1975 1108 ultro
2014 1046 2253 1108 meher-

173 1131 316 1189 cule
359 1143 429 1187 se
455 1127 600 1187 mihi
637 1129 818 1191 etiam
847 1130 1206 1201 offerentes,
1240 1128 1399 1189 ultro
1428 1127 1789 1203 pollicentes
1815 1128 2051 1204 rogavi.
2110 1129 2253 1193 -Va-

176 1210 287 1268 luit
315 1224 506 1269 causa
529 1211 811 1285 rogandi,
841 1228 964 1272 non
993 1211 1203 1285 gratia.
1286 1210 1389 1271 25.
1444 1212 1571 1271 Nec
1608 1212 1665 1271 si
1692 1211 1787 1272 vir
1804 1210 2249 1287 amplissimus,

177 1290 280 1355 cui
320 1291 468 1351 nihil
501 1300 595 1355 est
629 1294 797 1368 quod
833 1294 1072 1369 roganti
1114 1294 1370 1355 concedi
1410 1310 1534 1355 non
1574 1295 1705 1356 iure
1744 1294 1974 1369 possit,
2020 1296 2101 1356 de
2140 1296 2249 1357 ali-

177 1390 333 1449 quo,
365 1383 434 1435 ut
465 1375 620 1440 dicis
642 1422 658 1449 ,
693 1392 816 1438 non
847 1376 1218 1453 impetravit,
1262 1393 1379 1453 ego
1416 1394 1553 1441 sum
1580 1378 1921 1454 adrogans,
1950 1378 2121 1455 quod
2148 1393 2250 1440 me

106 1473 116 1478 ·
175 1456 450 1519 valuisse
481 1460 642 1521 dico.
739 1462 889 1521 Nam
919 1468 990 1523 ut
1016 1460 1285 1523 omittam
1314 1461 1499 1535 illud,
1548 1462 1717 1537 quod
1748 1478 1865 1537 ego
1906 1478 2019 1537 pro
2053 1476 2131 1522 eo
2161 1462 2249 1522 la-

177 1539 465 1604 borabam
481 1586 498 1615 ,
535 1542 642 1618 qui
671 1545 928 1605 valebat·
949 1544 1088 1620 ipse
1117 1560 1229 1619 per
1254 1561 1415 1613 sese,
1440 1545 1677 1619 rogatio
1700 1545 1904 1618 [haec]
1922 1546 2060 1621 ipsa
2086 1560 2248 1605 sem-

174 1639 288 1697 per
315 1634 416 1685 est
439 1625 912 1701 gratiosissima,
943 1643 1102 1703 quae
1129 1635 1228 1689 cst
1256 1626 1461 1687 officio
1494 1626 1965 1687 necessitudinis
1988 1626 2243 1687 coniun-

175 1713 276 1765 cta
305 1707 587 1769 maxime.
641 1707 856 1783 Neque
883 1712 1048 1771 enim
1072 1725 1190 1783 ego
1225 1709 1317 1769 sic
1354 1710 1645 1783 rogabam
1660 1752 1676 1779 ,
1720 1716 1786 1768 ut
1824 1716 2034 1781 petere
2076 1708 2245 1769 vide·-

171 1802 303 1859 rer,
335 1788 482 1863 quia
511 1789 820 1852 familiaris
847 1798 1018 1853 esset
1045 1806 1251 1863 meus,
1282 1791 1425 1863 quia
1455 1788 1723 1863 vicinae,
1752 1789 1899 1863 quia
1922 1789 2105 1849 huius
2134 1806 2243 1863 pa·-

173 1877 346 1931 rente
377 1887 624 1945 semper
649 1872 974 1948 plurimam
1005 1887 1210 1932 essem
1240 1888 1423 1945 usus,
1466 1872 1584 1931 sed
1611 1880 1678 1931 ut
1706 1872 1885 1945 quasi
1917 1870 2151 1945 parenti
2181 1878 2245 1935 et

176 1952 420 2013 custodi
449 1953 664 2015 salutis
697 1970 888 2015 meae.
973 1954 1108 2015 Non
1138 1953 1409 2029 potentia
1431 1968 1584 2026 mea,
1616 1953 1731 2016 scd
1756 1970 1947 2015 causa
1978 1955 2244 2033 rogatio·

174 2036 274 2095 nis
301 2034 414 2097 fuit
437 2036 727 2111 grati-osa.
814 2037 1006 2098 Nemo
1035 2052 1172 2097 mea
1199 2036 1578 2099 restitutione
1606 2037 1865 2097 laetatus
1892 2044 2017 2107 est,
2062 2052 2243 2097 nemo

174 2117 391 2179 iniuria
416 2117 640 2193 doluit,
681 2118 780 2181 cui
809 2120 1142 2182 non-huius
1169 2118 1230 2181 in
1262 2136 1361 2181 me
1390 2119 1811 2181 misericordia
1846 2128 2017 2195 grata
2042 2118 2241 2181 fuerit.

171 2198 274 2263 26.
313 2200 556 2263 Etenim·
593 2204 648 2263 si
687 2210 828 2263 ante
863 2202 1120 2266 reditum
1165 2218 1366 2263 meum
1394 2202 1503 2263 ch.
1532 2202 1777 2263 Plancio
1812 2218 1885 2262 se
1916 2203 2099 2277 vulgo
2130 2202 2243 2263 viri

97 2352 107 2357 ‚
171 2282 349 2357 boni,
387 2302 576 2358 quum
605 2284 704 2348 hic
731 2286 1100 2347 tribunatum
1127 2293 1389 2359 peteret,
1428 2286 1585 2347 ultro
1618 2285 1975 2379 offerebant,
2002 2286 2103 2345 cui
2132 2301 2241 2346 no·

172 2382 314 2429 men
343 2384 546 2431 meum
571 2368 844 2430 absentis
871 2368 1092 2431 honori
1121 2368 1357 2441 fuisset,
1386 2366 1445 2429 ei
1462 2384 1635 2429 meas
1655 2366 1995 2443 praesentis
2022 2383 2243 2442 preces

170 2466 296 2510 non
325 2459 510 2527 putas
543 2438 898 2525 profuisse?
933 2452 1034 2511 An
1071 2451 1520 2515 Minturnenses
1550 2452 1785 2523 coloni,
1820 2450 1988 2525 quod
2018 2451 2081 2511 C.
2111 2450 2239 2509 Ma-

167 2533 326 2593 rium
355 2548 394 2593 e
426 2531 590 2595 civili
619 2535 781 2596 ferro
809 2543 998 2609 atque
1023 2550 1106 2595 ex
1131 2534 1335 2607 impiis
1364 2533 1645 2597 manibus
1668 2534 2039 2608 eripuerunt,
2070 2532 2240 2607 quod

169 2622 332 2677 tecto
353 2626 736 2693 receperunt,
765 2619 934 2693 quod
957 2619 1186 2679 fessum
1207 2616 1413 2678 inedia
1434 2616 1845 2689 fluctibusque
1864 2622 2237 2685 recrearunt,

171 2700 344 2774 quod
370 2699 659 2763 viaticum
685 2708 1156 2775 congesserunt,
1191 2700 1361 2775 quod
1382 2698 1693 2773 navigium
1718 2698 2045 2771 dederunt,
2070 2697 2241 2771 quod

167 2796 314 2846 eum
337 2780 716 2855 linquentem
742 2792 963 2847 terram
987 2796 1139 2859 eam,
1171 2798 1356 2857 quam
1380 2790 1675 2852 servarat,
1706 2779 1867 2843 votis
1882 2822 1901 2851 ,
1930 2780 2239 2841 ominibus

166 2862 562 2939 lacrimisque
577 2863 894 2939 prosecuti
925 2872 1086 2937 sunt,
1115 2872 1366 2925 aeterna
1388 2864 1661 2924 inlaude
1682 2871 2037 2926 versantur-x
2063 2863 2239 2924 Plan-

166 2946 298 3019 cio,
344 2948 526 3023 quod.
541 2962 654 3011 ‘me
680 2948 780 3008 vel
813 2945 877 3007 vi
904 2948 1150 3022 pulsum
1175 2946 1279 3009 vel
1304 2945 1541 3009 ratione
1570 2948 1889 3007 cedentem
1914 2946 2237 3021 receperit,-

167 3030 420 3103 iuverit,
461 3028 857 3101 custodierit,
898 3029 996 3089 his
1043 3037 1108 3091 et
1145 3028 1381 3091 senatui
1422 3030 1777 3104 populoque
1818 3028 2129 3105 Romano,
2170 3034 2274 3116 ut·

166 3112 465 3179 haherent
501 3129 686 3187 quem
730 3112 1121 3187 reducerent,
1149 3111 1556 3185 conservarit,
1591 3111 1815 3173 honori
1841 3112 1997 3174 hanc
2026 3110 2236 3182 fidem,

169 3196 647 3258 misericordiam
663 3240 680 3267 ‚
713 3194 997 3257 virt-utem
1026 3194 1549 3257 ruisse-mirarier
1606 3247 1611 3255 .
1716 3222 1721 3227 ·

281 3278 396 3340 -XI,
427 3277 538 3343 27.
580 3277 742 3344 Vitia
780 3278 1126 3342 mehercule
1165 3278 1273 3339 cn..
1297 3278 1527 3340 Plancii
1564 3295 1669 3341 res
1708 3294 1851 3353 eae,
1892 3278 1971 3337 de
2009 3274 2235 3350 quilms

171 3358 332 3434 dixi,
361 3370 570 3437 tegere
597 3370 954 3439 pomerum,
997 3375 1078 3423 ne
1120 3371 1186 3424 tu
1215 3361 1281 3423 in
1308 3378 1383 3423 ca
1406 3361 1557 3438 vita,
1604 3362 1689 3423 de
1716 3376 1839 3437 qua
1866 3358 2235 3434 iamdictam,
