2459 3817
191 100 270 163 76
639 90 715 147 ΙΝ
753 90 815 148 C.
859 88 1182 147 VERREM
1220 88 1387 146 ACT.
1410 87 1482 145 ΙΙ.
1522 87 1667 145 LlB.
1698 88 1800 145 lv.

197 239 488 301 strionum
522 236 876 297 aestimavit.
938 235 1198 295 Tametsi
1230 234 1347 294 iam
1377 236 1603 294 dudum
1638 250 1753 309 ego
1782 250 1938 305 erro,
1984 232 2087 308 qui
2119 242 2237 293 lam

197 324 382 381 multa
423 321 502 379 de
533 318 660 379 xtuis
695 316 1100 393 emptionibus
1129 317 1315 376 verba
1344 316 1559 376 faciam
1586 324 1647 375 et
1676 332 1989 389 quaeram,
2042 324 2237 376 utrum

198 403 414 465 emeris
469 416 659 460 necne
707 410 767 459 et
817 416 937 475 quo
979 400 1160 458 modo
1207 407 1267 459 et
1308 398 1514 473 quanti
1542 398 1790 459 emeris=
1838 398 2006 475 quod
2044 399 2233 457 verbo

199 484 530 558 trans-igere
559 498 828 557 possum.
893 482 1023 543 Ede
1051 480 1194 541 mihi
1228 476 1693 555 scriptum,quid
1716 478 2066 553 [argentum
2098 495 2233 555 pro-

201 566 398 627 vincia
429 564 633 625 Sicilia
661 562 924 639 pararis,
969 564 1133 623 unde
1164 562 1434 638 quidque
1462 571 1566 623 aut
1594 564 1799 637 quanti
1831 560 2069 623 emeris.
2134 560 2232 623 36.

201 650 353 723 Quid
393 648 500 707 fit?
549 662 912 721 quamquam
949 663 1068 705 non
1112 645 1408 706 debebam
1448 662 1561 719 ego
1604 646 1715 704 abs
1760 654 1817 705 te
1857 645 1969 705 has
2009 644 2235 705 litteras

203 746 487 807 poscere:
521 746 614 789 me
638 729 794 789 enim
824 730 1060 789 tabulas
1091 737 1224 789 tuas
1256 728 1479 787 habere
1508 736 1566 789 et
1596 728 1867 802 proferre
1900 727 2233 801 oportebat.

202 817 428 873 Verum
461 828 650 885 negas
691 820 750 871 te
785 811 998 871 horum
1031 826 1327 871 annorum
1370 810 1599 884 aliquot
1636 809 1999 869 confecisse.
2067 811 2237 869 Com·

201 912 362 970 pone
412 892 560 966 hoc,
609 894 777 967 quod
825 894 1099 968 postulo,
1144 894 1220 951 de
1262 900 1544 967 argentos
1602 893 1678 951 de
1725 892 1961 966 reliquo
2007 890 2238 951 videro.

199 978 322 1037 Nec
350 976 639 1050 scriptum
669 975 876 1035 habeo
895 992 1006 1035 nec
1039 991 1289 1049 possum
1321 975 1520 1034 edere.
1587 973 1742 1046 Quid
1774 976 2032 1035 futurum
2062 972 2239 1047 igitur

201 1065 334 1119 est?
418 1057 572 1130 Quid
648 1056 959 1116 existimas
1011 1048 1120 1117 fios
1175 1055 1405 1116 iudices
1456 1058 1657 1117 facere
1713 1063 1941 1130 posse?
2010 1056 2235 1115 Domus

199 1143 380 1215 plena
408 1141 716 1214 signorum
747 1138 1285 1221 pulcherrimorum
1314 1137 1430 1197 iam
1464 1148 1603 1199 ante
1643 1148 2015 1213 praeturam=
2057 1141 2231 1201 multa

200 1222 280 1281 ad
321 1221 494 1281 villas
547 1228 679 1281 tuas
729 1222 962 1297 posita,
1013 1222 1196 1281 multa
1237 1220 1515 1295 deposita
1549 1222 1715 1295 apud
1761 1220 2019 1292 amicoS,
2056 1223 2233 1284 multa

201 1304 332 1363 aliis
389 1304 528 1363 data
566 1312 747 1378 atque
795 1305 1044 1363 donata:
1099 1303 1337 1363 tabulae
1378 1305 1600 1364 nullum
1646 1302 1914 1363 indicant
1954 1310 2240 1377 emptum.

202 1385 388 1444 Omne
414 1394 726 1459 argentum
759 1385 1020 1444 ablatum
1049 1401 1127 1443 ex
1156 1384 1359 1445 Sicilia
1400 1394 1518 1445 esta
1540 1384 1706 1451 ,nihil
1750 1386 2031 1460 cuiquam
2072 1384 2237 1460 quod

203 1484 378 1527 suum
409 1466 528 1525 dici
559 1467 739 1525 vellet
771 1466 1062 1527 relictum.
1124 1466 1393 1541 Fingitur
1422 1467 1693 1542 improba
1720 1468 2031 1542 defensio,
2065 1484 2234 1541 prae-

207 1558 395 1609 torem
427 1565 604 1608 omne
633 1548 697 1608 id
725 1556 1034 1622 argentum
1067 1549 1407 1609 coemisse:
1454 1558 1651 1610 tamen
1688 1550 1745 1609 id
1778 1548 1979 1625 ipsum
2019 1548 2237 1611 tabulis

199 1630 599 1691 demonstrari
639 1647 758 1689 non
792 1639 1009 1706 potest.
1083 1630 1177 1703 Si,
1223 1648 1377 1706 quas
1434 1632 1669 1692 tabulas
1712 1634 1981 1707 profem,
2033 1630 2092 1691 in
2144 1630 2239 1690 his

203 1730 359 1788 quae
388 1713 578 1773 habes
621 1730 743 1788 quo
787 1713 966 1774 modo
1009 1714 1235 1775 habeas
1268 1712 1557 1788 scriptum
1582 1732 1699 1774 non
1732 1721 1853 1787 est,
1890 1714 2103 1774 horum
2133 1731 2229 1773 au·

204 1803 318 1855 tem
350 1803 717 1870 temporum,
758 1812 940 1871 quum
976 1804 1033 1857 te
1061 1797 1346 1870 plurimas
1375 1813 1475 1857 res
1506 1796 1727 1857 emisse
1770 1796 1955 1869 dicis,
2000 1796 2235 1857 tabulas

203 1876 445 1937 omnino
477 1878 970 1951 nullasprol‘erS,
1016 1895 1217 1939 nonne
1254 1888 1310 1939 te
1339 1886 1398 1939 et
1437 1878 1687 1953 prolatis
1726 1888 1786 1939 et
1827 1896 1945 1938 non
1988 1877 2237 1953 prolatis

203 1958 419 2018 tabulis
455 1960 844 2018 condemnari
875 1974 1130 2020 necesse
1175 1968 1310 2020 est?

366 2040 548 2099 XVII.
617 2037 715 2101 37.
796 2042 884 2100 Tu
929 2058 966 2099 a
1013 2043 1094 2099 M.
1139 2042 1371 2115 Caelio,
1428 2041 1631 2117 equite
1680 2042 1988 2115 Romano,
2041 2040 2235 2100 lectis-

203 2120 355 2182 simo
415 2121 806 2183 adolescente
857 2138 1014 2197 quae
1071 2124 1315 2183 voluisti
1362 2123 1632 2200 Lilybaei
1676 2122 2001 2183 abstulisti=
2056 2130 2121 2181 tu
2173 2122 2237 2181 C.

203 2202 464 2275 Cacurii,
527 2202 790 2279 prompti
839 2203 1100 2263 hominis
1139 2213 1199 2265 et
1236 2204 1601 2279 experientis
1646 2214 1707 2266 et
1744 2206 1802 2264 in
1847 2204 2055 2281 primis
2106 2220 2238 2279 gra-

203 2285 370 2358 tiosi,
419 2286 854 2360 supellectilem
906 2302 1143 2345 omnem
1193 2288 1431 2347 auferre
1484 2304 1603 2346 non
1640 2287 1955 2349 dubitasti:
2004 2296 2067 2347 tu
2116 2290 2237 2345 m‘a-

204 2368 424 2427 ximam
452 2377 512 2428 et
553 2367 1014 2443 pulcherrimam
1053 2384 1323 2428 mensam
1358 2368 1602 2429 citream
1642 2386 1678 2428 a
1715 2370 1780 2443 Q.
1824 2366 2055 2428 Lutatio
2096 2368 2239 2429 Dio-

203 2451 384 2522 doro,
422 2450 525 2522 qui
553 2450 622 2523 Q.
659 2450 848 2510 Catuli
879 2450 1174 2511 beneficio
1220 2451 1297 2510 ab
1327 2452 1392 2509 L.
1428 2450 1595 2510 Sulla
1625 2451 1775 2511 civis
1802 2453 2111 2512 Romanus
2153 2453 2239 2510 fa·

205 2542 334 2591 etus
380 2540 501 2604 est,
541 2531 820 2591 omnibus
863 2531 1191 2593 scientibus
1267 2532 1538 2609 Lilybaei
1577 2532 1896 2594 abstulisti.
1954 2534 2086 2593 Non
2132 2531 2239 2593 tibi

205 2614 452 2686 obiicio,
485 2614 652 2688 quod
682 2613 984 2675 hominem
1023 2614 1438 2689 dignissimum
1484 2614 1601 2675 tuis
1646 2616 1945 2688 moribus,
1986 2616 2238 2689 Apollo—

205 2695 398 2768 nium,
441 2696 688 2757 Niconis
721 2696 938 2768 filium,
983 2696 1481 2771 Drepanitanum,
1543 2697 1645 2771 qui
1690 2714 1849 2757 nunc
1878 2699 1953 2756 A.
1990 2696 2240 2756 Clodius

205 2787 483 2851 vocatur,
514 2776 676 2837 omni
711 2786 957 2853 argento
997 2780 1219 2854 optime
1252 2780 1407 2839 facto
1440 2779 1715 2854 spoliasti
1739 2796 1811 2839 ac
1839 2780 2242 2853 >depeculatus

203 2949 409 3017 pterea
440 2942 608 3017 quod
634 2942 861 3003 homini
889 2942 1004 3001 iam
1035 2944 1272 3017 perdito
1306 2952 1366 3003 et
1398 2945 1616 3003 collum
1656 2944 1717 3003 in
1764 2947 2043 3018 laqueum
2076 2943 2237 3003 inse-

201 3024 352 3085 renti
409 3024 773 3099 subvenisti,
820 3042 1003 3100 quum
1066 3025 1311 3102 pupillis
1364 3026 1784 3101 Drepanitanis
1844 3027 2005 3086 bona
2049 3025 2241 3100 patria

201 3117 410 3181 erepta
460 3122 595 3167 cum
643 3107 745 3167 illo
793 3109 1042 3183 partitus
1081 3124 1170 3168 es.
1248 3108 1498 3167 Gaudeo
1528 3109 1738 3183 etiam,
1778 3108 1832 3168 si
1874 3106 2018 3183 quid
2052 3109 2128 3167 ab
2162 3122 2239 3166 eo

201 3188 532 3263 abstulisti,
573 3198 634 3251 et
671 3191 782 3250 abs
827 3199 884 3250 te
915 3189 1058 3249 nihil
1087 3189 1313 3249 rectius
1342 3191 1562 3249 factum
1584 3206 1725 3250 esse
1770 3189 1928 3251 dico.
1994 3190 2090 3250 Ab
2118 3189 2239 3265 Ly-

204 3286 356 3330 sone
385 3288 534 3331 vero
561 3270 973 3348 Lilybaetano,
1005 3271 1199 3347 primo
1230 3272 1501 3343 homine,
1544 3273 1711 3346 apud
1740 3288 1918 3347 quem
1950 3272 2235 3331 deversa·
