2459 3817
275 160 402 231 210
572 164 650 226 IN
682 162 761 226 M.
790 162 1191 229 Antonium
1218 162 1505 228 ORATIO
1533 162 1955 228 PHILIPPICA
1977 165 2027 225 Ι.

276 317 525 381 quaedam
557 318 725 369 oblata
758 318 1046 369 videbatur-z
1088 318 1240 368 erecti
1282 325 1424 368 erant
1469 331 1563 384 spe
1597 318 1842 373 libertatis
1877 325 1927 368 et
1967 318 2054 367 otii
2091 318 2354 369 bonorum

278 387 459 437 animi:
508 386 781 437 constituta
830 400 914 435 res
951 384 1158 450 publica
1204 388 1491 451 putabatur.
1572 384 1674 437 Sed
1706 388 1810 437 cito
1841 385 1932 435 ille
1964 385 2352 437 simulationem

279 454 485 504 sustulit
514 454 697 517 suique
727 452 905 502 similis
939 452 1084 504 visus
1116 460 1211 509 est.
1283 452 1464 507 Habito
1499 453 1634 503 enim
1670 453 1912 505 Kalendis
1942 454 2103 503 Iuniis
2139 463 2352 509 senatu.

278 536 379 573 non
413 536 529 571 eum
574 534 724 585 quem
760 527 912 569 antea
967 520 1031 570 de
1069 536 1125 572 re
1156 520 1357 586 publica
1403 535 1606 572 sensum
1654 536 1748 571 nec
1797 522 2116 586 superiorum
2145 523 2354 573 dierum

277 591 405 639 actis
438 590 832 641 consentientem
865 586 1173 640 voluntatem
1208 590 1446 641 ostendit.
1517 588 1654 640 Nihil
1689 589 1872 639 deinde
1905 590 1976 640 ad
2007 596 2248 641 senatum
2269 604 2354 643 re-

278 656 498 707 ferebat:
527 670 621 721 per
653 656 917 722 populum,
952 656 1007 707 id
1040 664 1133 715 est,
1168 667 1263 723 per
1289 656 1508 707 infimam
1545 665 1929 722 corruptamque
1963 657 2195 723 plebem,
2229 672 2354 709 eon·

278 732 467 789 tempta
490 722 792 789 amplissimi
828 725 1019 775 ordinis
1046 726 1371 785 auctoritate,
1400 724 1581 791 agebat
1603 727 1775 776 omnia
1807 733 1980 775 contra
2001 733 2212 776 senatus
2231 741 2356 777 con·

276 792 481 852 auitum,
512 793 651 855 qnod
681 795 790 858 ipse
816 792 925 843 fleri
947 792 1187 853 voiuerat,
1222 793 1421 843 tabulas
1441 792 1648 858 figebat,
1683 794 1939 843 civitatem
1975 793 2352 845 immunitate·-
2437 842 2439 849 .

277 875 375 923 que
407 861 589 920 dabat,
638 862 840 913 exsules
874 862 1173 913 reducebatz
1209 876 1369 924 eaque
1404 874 1462 911 se
1498 861 1664 911 facere
1689 862 1858 912 omnia
1883 862 2086 912 dicebat.
2119 876 2188 911 ex
2221 862 2351 927 Iegi-

278 938 371 979 bus
399 930 625 979 Caesada
670 938 758 980 ant
800 944 866 979 ex
904 929 1013 978 eins
1044 930 1435 985 commentariis.
1507 928 1637 981 Tum
1674 929 1865 989 Cicero,
1904 930 2172 995 desperata
2203 945 2349 996 pror-

278 1012 369 1047 sus
406 998 622 1049 Antonio
660 998 869 1048 consule
910 996 1167 1056 libertate,
1216 998 1393 1047 urbem
1430 997 1646 1059 reliquit,
1681 999 1732 1047 in
1767 996 2033 1048 Graeciam
2069 998 2257 1063 iturus,
2289 1013 2348 1049 ea

276 1075 461 1129 mente,
496 1072 552 1114 nt
582 1065 819 1116 Kalendis
852 1066 1117 1130 Ianuariis,
1153 1080 1253 1129 qno
1287 1066 1370 1116 die
1404 1066 1570 1115 Pansa
1599 1072 1649 1114 et
1670 1065 1860 1115 Hirtius
1895 1064 2214 1118 consulatum
2249 1067 2349 1116 ini·

277 1134 374 1183 turi
402 1141 560 1193 erant,
597 1134 815 1185 adesset.
887 1133 991 1183 Nec
1024 1141 1190 1185 tamen
1230 1135 1327 1184 iter
1364 1132 1492 1183 illud
1526 1132 1759 1187 absolvit.
1837 1132 1964 1183 Nam
1997 1133 2347 1199 Leucopetrae

276 1201 490 1252 adversa
514 1210 810 1267 tempestate
832 1203 1081 1265 detentus,
1118 1202 1183 1252 ab
1216 1203 1301 1263 iis,
1335 1202 1424 1263 qui
1461 1201 1525 1250 ab
1563 1202 1688 1251 urbe
1714 1208 1972 1265 venerant,
1991 1208 2042 1251 et
2061 1203 2346 1253 contionem

276 1271 474 1335 accepit
504 1270 732 1330 Antonii,
770 1283 920 1333 quam
934 1268 1085 1320 valde
1111 1270 1364 1335 probavit,
1389 1276 1438 1319 et
1472 1268 1574 1318 alia
1606 1270 1862 1334 cognovit,
1889 1268 2024 1319 unde
2061 1270 2344 1321 revertendi

276 1338 541 1387 eonsilium
572 1338 725 1403 cepit.
767 1339 886 1388 Post
916 1339 1254 1388 reversionem
1289 1353 1318 1388 e
1353 1338 1436 1387 via
1459 1335 1726 1403 languens,
1764 1338 1815 1387 in
1835 1344 2084 1401 senatum,
2133 1339 2222 1401 qui
2245 1338 2342 1387 Ka-

276 1404 440 1455 lendis
476 1404 643 1469 Sept„
675 1412 732 1454 ut
763 1405 892 1455 Phil.
930 1405 997 1459 V.
1032 1405 1246 1470 legitur,
1291 1406 1342 1455 in
1396 1405 1523 1455 aede
1549 1404 1858 1456 Concordiae
1887 1402 2205 1471 habebatur,
2241 1420 2336 1455 nou

275 1473 430 1521 venit.
470 1471 579 1530 Quo
609 1471 829 1537 graviter
862 1480 1145 1523 commotus
1177 1474 1449 1537 Antonius,
1484 1473 1654 1524 fabros
1674 1488 1730 1523 se
1760 1474 2030 1523 missurum
2056 1482 2106 1523 et
2137 1474 2336 1524 domum

276 1540 388 1589 eius
429 1539 821 1589 disturbaturum
880 1541 1115 1591 audiente
1171 1549 1350 1592 senatu
1385 1541 1535 1598 dixit.
1601 1541 1869 1604 Postridie,
1902 1542 1960 1593 id
1989 1548 2084 1601 est,
2117 1542 2206 1593 lv.
2238 1540 2334 1592 No-

278 1620 371 1657 nas
426 1606 599 1673 Sept„
646 1605 822 1658 Cicero
873 1609 927 1659 iu
970 1614 1200 1661 senatum
1257 1609 1395 1661 venit
1428 1609 1636 1663 absente
1668 1609 1888 1661 Antonio
1925 1617 1975 1660 et
2003 1610 2165 1677 hauc,
2211 1624 2336 1674 quac
2437 1630 2439 1639 ·

278 1676 407 1729 infra
432 1677 633 1746 legitur,
671 1678 926 1729 craionem
958 1676 1156 1731 habuit.

406 1848 451 1910 1.
496 1844 553 1911 1.
596 1848 757 1912 Ante
788 1866 968 1926 quam
1001 1849 1079 1911 de
1102 1864 1169 1909 re
1194 1847 1467 1923 publica,
1513 1852 1720 1925 patres
1754 1844 2116 1923 conscripti,
2145 1843 2334 1907 dicam

278 1946 382 2005 ea,
416 1947 575 2006 quae
602 1934 864 1994 dicenda
896 1932 1014 1993 hoc
1045 1941 1322 2006 tempore
1353 1932 1629 2002 arbitror,
1660 1947 1965 2007 exponam
1998 1929 2178 1990 vobis
2202 1929 2333 1989 bre-

276 2014 431 2075 viter
454 2012 771 2075 consilium
796 2023 856 2076 et
878 2012 1278 2089 protectionis
1301 2022 1362 2076 et
1381 2014 1754 2076 reversionis
1779 2029 1969 2075 meae.
1997 2012 2127 2087 Ego
2157 2026 2334 2087 quum

279 2112 590 2172 sperarem
636 2098 967 2174 aliquando
1005 2096 1086 2158 ad
1125 2104 1395 2159 vestrum
1439 2096 1762 2159 consilium
1800 2094 2336 2170 auctoritatemque
2436 2106 2437 2147 1

276 2194 406 2239 rem
459 2176 761 2254 publicam
801 2193 945 2241 esse
987 2188 1364 2255 revocatam,
1420 2180 1786 2242 manendum
1819 2176 1965 2240 mihi
2004 2178 2338 2240 statuebam
2436 2176 2437 2244 ξ

280 2260 458 2338 quasi
508 2260 569 2321 in
614 2260 821 2336 vigilia
864 2262 1130 2337 quadam
1172 2262 1478 2325 consulari
1519 2279 1591 2324 ac
1629 2262 1954 2324 senatoria.
2039 2261 2165 2322 Nec
2195 2276 2338 2322 vero

279 2358 539 2418 usquam
581 2341 972 2407 discedebam
1019 2362 1134 2407 nec
1174 2363 1212 2406 a
1245 2362 1314 2406 re
1351 2344 1596 2423 publica
1627 2344 1984 2406 deiiciebam
2012 2346 2231 2405 oculos
2266 2360 2338 2405 ex

278 2442 355 2488 eo
387 2426 503 2497 die,
544 2442 667 2501 quo
699 2427 757 2487 in
786 2428 1002 2491 aedem
1033 2427 1289 2490 Telluris
1325 2427 1648 2490 convocati
1677 2444 1908 2491 sumus,
1954 2428 2021 2487 Iu
2048 2444 2172 2501 quo
2194 2434 2336 2489 tem·
2434 2492 2435 2505 χ

199 2576 209 2581 ,
278 2510 401 2585 plo,
427 2516 713 2584 quantum
736 2509 795 2571 in
830 2527 925 2573 me
949 2510 1081 2586 fuit,
1106 2510 1222 2572 ieci
1247 2511 1634 2593 fundamenta
1658 2511 1829 2587 pacis
1851 2508 2338 2593 Atheniensium·
2434 2518 2435 2563 l

282 2608 403 2669 que
430 2592 725 2654 renovavi
757 2602 935 2655 vetus
958 2594 1337 2670 exemplum:
1367 2594 1662 2655 Graecum
1691 2593 1870 2655 etiam
1893 2594 2146 2655 verbum
2169 2610 2338 2655 usur-

280 2675 452 2752 pavi,
485 2691 607 2753 quo
638 2684 760 2737 tum
794 2676 855 2737 in
888 2676 1181 2737 sedandIs
1210 2676 1541 2738 discordiis
1571 2693 1686 2738 usa
1715 2685 1845 2737 erat
1873 2675 2089 2737 civitas
2125 2674 2230 2737 illa
2256 2684 2343 2736 at-

280 2775 401 2833 que
440 2774 679 2820 omnem
723 2759 1073 2821 memoriam
1116 2759 1562 2822 discordiarum
1615 2760 1926 2821 oblivione
1968 2758 2337 2835 sempiterna

280 2841 599 2902 delendam
622 2843 852 2905 censui.
938 2842 997 2903 2.
1030 2842 1345 2904 Praeclara
1373 2852 1498 2905 tum
1533 2842 1725 2904 oratio
1755 2842 1834 2902 M.
1865 2841 2142 2917 Antonii,
2173 2858 2338 2917 egre-

278 2921 379 2998 gia
408 2925 586 2984 etiam
620 2927 929 2988 voluntas*
967 2943 1089 3002 pax
1118 2926 1385 3003 denique
1419 2942 1528 3001 per
1554 2942 1692 2987 eum
1721 2932 1782 2987 et
1809 2942 1921 3002 per
1950 2924 2176 2987 liberos
2208 2926 2339 2987 eius

280 3022 417 3066 cum
449 3008 988 3081 praestantissimis
1020 3008 1258 3072 civibus
1281 3010 1636 3072 confirmata
1665 3017 1776 3069 est.
1821 3011 2025 3083 Atque
2051 3007 2148 3069 his
2177 3008 2335 3083 prin-

276 3087 456 3163 cipiis
510 3089 748 3167 reliqua
791 3091 1271 3156 consentiebant.
1364 3094 1464 3154 Ad
1501 3090 1968 3153 deliberationes
1999 3108 2142 3162 eas,
2183 3106 2336 3165 quas

278 3170 543 3233 habebat
582 3172 747 3233 domi
792 3174 871 3234 de
908 3190 977 3234 re
1011 3176 1283 3250 publica,
1329 3174 1638 3249 principes
1681 3173 1940 3235 civitatis
1985 3171 2333 3235 adhibebat:

278 3253 359 3312 ad
386 3254 546 3314 hunc
576 3254 851 3315 ordinem
882 3272 982 3316 res
1015 3258 1275 3332 optimas
1307 3257 1616 3318 deserebat
1641 3278 1658 3312 ε
1691 3254 1840 3317 nihil
1869 3266 1992 3318 tum
2021 3255 2139 3317 nisi
2170 3259 2333 3331 quod
2430 3276 2431 3344 }

280 3342 409 3393 erat
438 3345 643 3396 notum
674 3338 950 3401 omnibus
992 3338 1051 3398 in
1086 3340 1156 3399 C:
1182 3338 1461 3401 Caesaris
1503 3338 1950 3401 commentariis
1991 3338 2332 3415 reperieba-

268 3420 394 3475 tur=
426 3432 662 3481 summa
684 3420 1026 3483 constantia
1056 3422 1133 3483 ad
1158 3438 1251 3499 ea,
1284 3438 1442 3499 quae
1476 3422 1755 3500 quaesita
1779 3431 1967 3500 erant,
1994 3422 2332 3499 responde·
