2459 3817
272 200 394 269 148
575 203 584 211 '
730 165 813 277 ιιῖῐ
854 215 919 275 c.
959 212 1289 275 VERREM
1317 213 1485 272 Aer.
1519 212 1592 271 11.
1633 210 1778 271 Lm.
1806 210 1884 267 v.

262 370 457 433 missa
484 376 549 432 et
572 366 759 429 data?
798 363 1066 441 denique
1106 362 1211 425 ubi
1243 362 1565 440 praefecti,
1607 362 1709 423 ubi
1741 360 1964 423 tribuni
1985 362 2113 423 tuit
2155 360 2220 423 Si
2249 361 2328 423 ci·

264 453 363 515 vis
390 455 704 515 Romanus
737 450 959 525 dignus
989 447 1108 510 isto
1141 449 1387 523 negotio
1433 460 1616 507 nemo
1646 444 1788 518 fuit,
1839 444 2326 523 quid-civitatee,

266 534 519 612 quaein
540 531 804 595 amicitia
824 533 1073 607 fideque
1095 529 1310 607 populi
1336 529 1592 593 Romani
1616 537 1916 605 perpetuo
1944 538 2332 592 manserant?

266 619 373 681 ubi
404 618 775 695 Segestana,
824 614 932 677 ubi
962 613 1354 690 Centuripina
1383 613 1642 675 civitas?
1685 629 1844 688 quae
1876 628 2064 689 quum
2093 612 2330 690 officiis,

267 702 423 777 fide,
458 707 789 775 vetustate,
822 708 949 761 tum
984 698 1165 759 etiam
1198 698 1563 773 cognatione
1596 696 1812 773 populi
1827 696 2084 757 Romani
2111 713 2329 758 nomen

268 784 583 859 attingunt.
657 780 761 845 84.
827 780 875 843 Ο
918 781 982 842 di
1014 781 1415 843 immortales!
1489 780 1692 855 ouidi
1734 778 1789 839 si
1816 781 2029 841 harum
2061 778 2330 856 ipsarum

266 867 579 929 civitatum
618 865 909 927 militibus
923 912 940 940 ‚
990 864 1250 927 navibus
1267 909 1285 940 ,
1333 864 1658 925 nauarchis
1701 862 2132 942 Syracusanus
2165 864 2331 926 Cleo·

267 966 480 1012 menes
507 948 722 1013 iussus
750 956 846 1011 est
872 948 1205 1025 imperare,
1250 964 1376 1009 non
1405 948 1603 1010 omnis
1630 948 1834 1009 honos
1861 948 1940 1007 ab
1979 947 2099 1009 isto
2142 947 2333 1023 digni-

264 1036 438 1107 tatis,
486 1032 811 1110 aequitatis
858 1032 1171 1109 officiique
1208 1032 1488 1093 sublatus
1530 1038 1666 1093 esttl
1727 1030 1987 1107 Ecquod
2027 1032 2087 1091 in
2131 1029 2334 1091 Sicilia

264 1119 495 1179 bellum
523 1116 833 1192 gessimus
863 1116 1010 1193 quin
1052 1114 1459 1191 Centuripinis
1511 1112 1729 1189 sociis,
1773 1112 2184 1193 Syracusanis
2227 1112 2333 1175 ho-

266 1201 465 1263 stibus
491 1206 843 1261 uteremur?
896 1201 1106 1276 Atque
1136 1215 1254 1272 ego
1287 1202 1444 1263 haec
1481 1199 1563 1259 ad
1599 1198 1952 1260 memoriam
2000 1196 2332 1271 vetustatis,

266 1300 393 1345 non
440 1284 525 1346 ad
570 1284 995 1346 contumeliam
1032 1282 1298 1345 civitatis
1337 1281 1552 1343 referri
1583 1282 1748 1343 volo.
1839 1283 2054 1357 ltaque
2103 1280 2208 1343 ille
2243 1279 2336 1341 vir

270 1364 651 1428 clarissimus
685 1384 1088 1442 summusque
1114 1368 1474 1442 imperator,
1499 1365 1581 1427 Μ.
1609 1365 1937 1427 Marcellus
1951 1410 1970 1439 ,
2009 1364 2184 1427 cuius
2216 1362 2336 1424 vir-

266 1459 397 1511 tute
426 1457 678 1525 captae,
706 1449 1131 1511 misericordia
1159 1457 1562 1511 conservatae
1587 1458 1729 1511 sunt
1745 1449 2139 1531 Syracusae,
2169 1447 2337 1509 habi-

267 1543 399 1594 tare
426 1531 490 1592 in
524 1545 601 1593 ea
628 1540 803 1607 parte
832 1531 1004 1594 urbis
1020 1578 1035 1607 ,
1070 1548 1229 1608 quae
1259 1532 1320 1593 in
1349 1533 1551 1594 insula
1579 1540 1706 1607 est,
1745 1532 2204 1611 Syracusanum
2231 1547 2334 1592 ne-

266 1615 493 1676 minem
536 1614 750 1677 voluit.
812 1615 1013 1678 Hodie
1028 1662 1043 1689 ‚
1100 1614 1382 1691 inquam,
1440 1616 1899 1694 Syracusanum
1945 1613 2009 1677 in
2053 1632 2130 1677 ea
2169 1621 2338 1691 parte

264 1698 542 1760 habitare
572 1716 697 1761 non
724 1698 887 1761 licet.
944 1700 1057 1761 Est
1084 1698 1248 1761 enim
1279 1700 1486 1775 locuS,
1529 1716 1710 1776 quem
1743 1701 1840 1761 vel
1871 1698 2052 1775 pauci
2081 1706 2342 1776 possent

269 1782 625 1844 defendere.
690 1781 1079 1845 committere
1106 1782 1292 1859 igitur
1317 1800 1456 1845 eum
1497 1800 1622 1845 non
1665 1782 2042 1845 fidelissimis
2081 1781 2339 1845 homini-

266 1865 387 1927 bus
412 1865 637 1937 uoluit,
670 1866 851 1928 simul
880 1868 1051 1942 quod
1077 1867 1159 1927 ab
1191 1866 1296 1927 illa
1325 1875 1498 1943 parte
1526 1867 1695 1928 urbis
1725 1867 1988 1929 navibus
2026 1866 2230 1928 aditus
2259 1882 2341 1928 ex

266 1951 390 2011 alto
418 1957 536 2009 est.
597 1948 789 2023 Quam
821 1949 900 2010 ob
922 1967 1051 2011 rem
1082 1949 1190 2026 qui
1219 1959 1470 2013 nostros
1498 1950 1806 2013 exercitus
1837 1966 2032 2026 saepe
2061 1953 2337 2011 excluse-

266 2040 433 2105 rant,
462 2031 539 2092 iis
568 2033 838 2095 claustra
858 2032 981 2095 loci
1003 2034 1434 2095 committenda
1457 2051 1578 2096 non
1603 2032 1992 2096 existimavit.
2035 2032 2141 2096 85.
2179 2032 2342 2093 Vide

270 2115 421 2190 quid
446 2114 687 2177 intersit
717 2114 873 2179 inter
908 2125 1071 2178 tuam
1104 2116 1418 2179 libidinem
1445 2118 1868 2195 maiorumque
1899 2116 2341 2189 auctoritatem,

267 2199 425 2259 inter
448 2214 721 2260 amorem
750 2201 1142 2276 furoremque
1187 2208 1356 2263 tuum
1402 2208 1465 2262 et
1502 2200 1740 2263 illorum
1787 2200 2112 2264 eonsilium
2155 2209 2342 2277 atque
2458 2256 2459 2259 ,

268 2280 670 2358 prudentiam.
732 2282 827 2343 Illi
865 2282 1093 2345 aditum
1132 2284 1350 2347 littoris
1393 2284 1804 2361 Syracusanis
1847 2286 2231 2347 ademerunte
2275 2292 2343 2345 tu

269 2365 591 2441 imperium
636 2364 997 2427 maritimum
1042 2367 1428 2430 concessisti.
1478 2370 1570 2429 llli
1615 2369 1890 2431 habitare
1939 2368 2004 2429 in
2059 2385 2138 2430 eo
2194 2369 2336 2430 loco

270 2448 763 2525 Syracusanum,
807 2467 931 2525 qua
968 2467 1161 2512 naves
1190 2454 1492 2515 accedere
1533 2460 1823 2528 possent,
1873 2453 2228 2515 noluerunt·
2273 2460 2340 2512 tu

268 2532 454 2591 classi
505 2541 569 2594 ct
602 2530 867 2594 navibus
917 2533 1378 2613 Syracusanum
1421 2550 1732 2632 praeesse
1771 2534 2041 2597 voluisti.
2105 2533 2343 2610 Quibus

264 2612 353 2674 illi
388 2614 558 2676 urbis
584 2631 736 2677 snae
765 2626 995 2692 partem
1021 2617 1438 2692 ademerunt,
1419 2619 1498 2679 iis
1520 2628 1586 2681 tu
1607 2618 1802 2681 nostri
1837 2616 2073 2695 imperii
2102 2626 2344 2694 partem
2457 2622 2459 2650 ¹

266 2695 523 2772 dedisti,
562 2706 653 2774 et,
698 2716 957 2775 quorum
996 2700 1306 2763 sociorum
1337 2718 1528 2778 opera
1555 2702 1933 2781 Syracusani
1963 2700 2143 2765 nobis
2171 2700 2343 2763 dleto

264 2777 585 2847 audientes
616 2791 775 2856 sunt,
804 2799 915 2845 eos
945 2781 1340 2860 Syracusano
1379 2786 1542 2849 dicto
1567 2786 1889 2849 audientes
1915 2802 2062 2848 esse
2083 2784 2346 2847 iussisti.

429 2860 695 2924 XXXIII.
756 2862 860 2927 86
914 2865 1278 2940 Egreditur
1263 2886 1324 2929 ιιι
1355 2869 1766 2968 Centuripina·
1775 2870 2144 2947 quadriremi
2168 2870 2348 2931 Cleo-

264 2960 478 3006 menes
532 2962 568 3005 e
610 2956 823 3023 portus
888 2950 1171 3025 sequitur
1228 2952 1570 3028 Segestana
1625 2952 1838 3027 navis,
1901 2952 2342 3032 Tyndaritana,

261 3026 680 3103 Herbitensis,
721 3032 1168 3108 Heracliensis,
1209 3036 1704 3111 Apolloniensis,
1752 3036 2114 3111 Haluntina,
2159 3052 2346 3111 prae-

262 3112 431 3175 clara
470 3113 691 3175 elassis
729 3114 791 3175 in
834 3117 1136 3192 speciem,
1185 3120 1302 3180 sed
1355 3119 1536 3196 inops
1581 3130 1645 3182 et
1684 3121 1922 3183 infirma
1953 3129 2210 3197 propter
2250 3118 2348 3181 di-

260 3193 621 3258 missionem
659 3211 1181 3297 propugnatorum
1210 3212 1396 3278 atque
1427 3204 1744 3280 remigum.
1799 3206 1946 3266 Tam
1992 3204 2097 3266 diu
2133 3202 2196 3265 in
2228 3202 2350 3264 im-

258 3278 436 3375 perio
467 3296 581 3341 suo
609 3283 873 3343 classem
900 3284 1019 3346 iste
1046 3294 1298 3361 praetor
1325 3287 1586 3363 diligens
1617 3288 1798 3361 vidit,
1843 3306 2025 3365 quam
2057 3287 2162 3349 diu
2191 3302 2351 3347 con-

261 3359 491 3424 vivium
520 3364 655 3425 eius
700 3366 821 3442 ssa„
788 3367 1251 3431 itiosissimum
1294 3382 1714 3445 praetervecta
1747 3382 1875 3433 est:
1917 3372 2059 3469 ipse
2107 3380 2350 3444 autem,

260 3443 368 3517 qui
396 3445 569 3509 visus
596 3450 799 3512 multis
830 3451 1050 3515 diebus
1078 3470 1203 3515 non
1235 3463 1433 3529 esset,
1477 3463 1604 3517 tum
1634 3472 1704 3516 se
1733 3456 2022 3517 tamenin
2064 3470 2348 3530 conspe-
