2459 3817
821 133 989 198 CAP.
1024 145 1180 198 1⁰-
1202 143 1286 197 ιε.
1331 141 1383 202 s.
1413 139 1676 200 mmm.
2197 139 2284 208 53

212 287 439 350 rettulit
472 294 849 366 senatusque
890 288 1181 366 frequens
1219 294 1456 350 vestem
1497 303 1610 364 pro
1651 302 1787 348 mea
1821 286 2019 349 salute
2053 295 2284 350 mutan-

212 371 355 432 dam
388 371 646 432 censuit.

378 456 507 517 ΧΠ.
535 453 637 517 27.
682 454 731 516 Ο
754 456 915 517 diem
946 457 1140 530 illum,
1176 455 1445 529 iudices,
1478 456 1786 517 funestum
1816 453 2056 516 senatui
2078 456 2286 516 bonis·

212 555 334 616 que
368 536 679 612 omnibus,
720 539 811 598 rei
848 540 1134 616 publicae
1164 543 1542 613 luctuosum,
1586 538 1730 598 mihi
1767 539 1846 598 ad
1882 537 2284 600 domesticum

208 637 549 682 maerorem
602 637 882 698 gravem,
946 625 1027 684 ad
1076 623 1454 700 posteritatis
1507 620 1860 683 memoriam
1911 623 2284 697 gloriosum!

208 704 367 780 Quid
407 703 567 766 enim
612 704 938 782 quisquam
981 716 1188 783 potest
1230 725 1310 768 ex
1345 705 1508 767 omni
1549 705 1842 766 memoria
1875 723 2118 768 sumere
2147 707 2281 768 illu-

208 789 425 859 strius,
464 805 649 863 quam
681 807 791 865 pro
816 807 939 853 uno
970 791 1106 852 cive
1135 800 1199 851 et
1227 792 1428 852 bonos
1458 805 1672 850 omnes
1708 787 1944 865 privato
1969 807 2281 852 consensu

205 881 267 934 et
289 871 643 934 universum
666 883 945 936 senatum
972 875 1217 950 publico
1243 873 1502 935 consilio
1527 882 1796 935 mutasse
1815 881 2089 934 vestem?
2118 891 2282 950 quae

206 955 454 1030 quidem
496 965 619 1017 tum
652 957 905 1018 mutatio
938 974 1062 1019 non
1104 956 1560 1034 deprecationis
1593 963 1689 1018 est
1715 973 1905 1017 causa
1937 957 2124 1031 sacta,
2166 959 2282 1019 sed

203 1041 425 1101 luctus.
503 1040 711 1116 Quem
756 1040 915 1101 enim
952 1042 1386 1117 deprecarere,
1451 1057 1635 1116 quum
1666 1056 1880 1101 omnes
1911 1049 2122 1103 essent
2147 1057 2279 1103 sor·

206 1121 397 1183 didati
443 1139 753 1198 quumque
795 1123 913 1184 hoc
960 1124 1111 1185 satis
1150 1133 1320 1186 esset
1361 1122 1521 1200 signi
1563 1140 1706 1185 esse
1751 1123 2124 1200 improbum,
2177 1121 2282 1200 qui

203 1212 435 1266 mutata
476 1214 647 1266 veste
689 1222 812 1268 non
857 1215 1069 1268 esset?
1122 1209 1254 1268 Hac
1295 1208 1628 1268 mutatione
1659 1209 1848 1269 vestis
1879 1209 2068 1281 sacta,
2115 1214 2282 1269 tanto

204 1286 267 1348 in
306 1289 473 1349 luctu
508 1287 799 1364 civitatis,
846 1290 1056 1352 omitto
1100 1289 1249 1367 quid
1291 1292 1392 1351 ille
1427 1291 1734 1365 tribunuS,
1783 1292 2048 1352 omnium
2078 1307 2284 1352 rerum

204 1370 548 1432 divinarum
580 1373 1103 1450 humanarumque
1135 1375 1398 1451 praedo,
1436 1375 1679 1448 fecerit,
1715 1374 1819 1449 qui
1853 1377 2080 1436 adesse
2107 1374 2284 1436 nobi-

203 1452 475 1516 lissimos
506 1455 969 1532 adolescentes,
1013 1456 1485 1520 honestissimos
1521 1457 1760 1534 equites
1795 1460 2138 1534 RomanoS,
2173 1458 2282 1518 de·

203 1546 561 1614 precatores
612 1541 827 1602 salutis
878 1558 1050 1602 meae
1100 1541 1349 1603 iusserit
1393 1559 1630 1618 eosque
1671 1558 1997 1618 operarum
2029 1559 2282 1603 suarum

204 1621 423 1697 gladiis
456 1630 516 1684 et
542 1623 851 1700 lapidibus
882 1625 1203 1687 obiecerit:
1241 1627 1320 1686 de
1341 1625 1702 1687 consulibus
1730 1628 1984 1701 loquor,
2018 1642 2282 1702 quorum

202 1705 327 1764 fide
370 1721 473 1767 res
504 1707 752 1781 publica
792 1707 899 1768 niti
930 1709 1155 1770 debuit.
1243 1707 1344 1768 28.
1389 1709 1788 1770 Exanimatus
1833 1709 2039 1768 evolat
2073 1725 2153 1769 ex
2181 1725 2278 1769 se-

206 1796 381 1860 natu,
417 1789 539 1848 no'n
570 1789 771 1851 minus
799 1793 1153 1866 perturbato
1183 1791 1389 1851 animo
1419 1799 1604 1866 atque
1638 1792 1836 1861 vultu,
1871 1806 2054 1864 quam
2085 1790 2140 1850 si
2172 1807 2279 1850 an·

203 1869 301 1932 nis
332 1878 472 1931 ante
504 1872 720 1946 paucis
748 1871 809 1932 in
840 1871 1209 1935 creditorum
1241 1881 1608 1934 conventum
1638 1872 1985 1933 incidissete
2017 1873 2283 1934 advocat

204 1951 550 2016 contionem
568 2000 582 2026 ,
616 1955 803 2017 habet
832 1955 1167 2018 orationem
1191 1958 1372 2016 talem
1396 1958 1644 2030 consul,
1683 1957 1924 2032 qualem
1948 1973 2280 2031 numquam

204 2035 459 2098 Catilina
486 2036 682 2100 victor
708 2037 1057 2100 habuisset=
1110 2055 1314 2100 errare
1354 2039 1668 2112 homineS,
1720 2038 1775 2100 si
1809 2040 2147 2102 etiam-tum
2179 2056 2280 2100 se·

202 2129 410 2181 natum
438 2119 669 2196 aliquid
691 2120 754 2182 in
776 2139 841 2183 re
866 2121 1109 2198 publica
1138 2138 1331 2198 posse
1360 2124 1821 2196 arbitrarentur,
1857 2121 2099 2198 equites
2130 2140 2280 2184 vero

201 2205 515 2267 Romanos
556 2205 809 2267 daturos
850 2205 1013 2266 illius
1058 2207 1192 2267 dies
1233 2223 1502 2282 poenas,
1551 2224 1676 2282 quo
1710 2223 1809 2267 me
1851 2208 2108 2268 consule
2141 2223 2278 2268 cum

202 2286 425 2363 gladiis
452 2286 513 2348 in
548 2288 708 2350 clivo
740 2288 1081 2366 Capitolino
1114 2289 1404 2364 fuissent,
1453 2291 1704 2351 venisse
1746 2299 1988 2365 tempus
2022 2289 2131 2364 iis,
2175 2292 2279 2364 qui

202 2371 264 2432 in
306 2369 522 2433 timore
562 2371 825 2434 fuissent
872 2407 960 2420 —
1002 2373 1352 2435 coniuratos
1387 2373 1674 2435 videlicet
1699 2373 1944 2435 dicebat
1966 2407 2082 2446 —,
2126 2371 2278 2434 ulci-

172 2453 417 2515 'scendi
442 2454 560 2520 sui.
593 2454 658 2516 Si
694 2455 955 2518 dixisset
984 2457 1137 2518 haec
1166 2460 1397 2530 solum,
1441 2459 1604 2518 omni
1639 2455 1946 2533 supplicio
1978 2466 2149 2518 esset
2187 2456 2278 2517 di—

201 2555 388 2614 gnuse
438 2556 579 2600 nam
610 2539 803 2602 oratio
833 2540 972 2616 ipsa
1003 2539 1278 2602 consulis
1309 2539 1660 2616 perniciosa
1690 2548 1896 2616 potest
1921 2557 2049 2600 rem
2079 2537 2275 2615 publi·

202 2638 337 2682 cam
380 2623 776 2686 labefactarez
822 2623 968 2702 quid
1014 2624 1229 2686 fecerit
1269 2624 1490 2685 videte.
1562 2624 1664 2685 29.
1709 2624 1778 2684 L.
1816 2624 2120 2695 Lamiam,
2171 2621 2277 2697 qui

202 2723 391 2782 quum
428 2723 527 2768 me
567 2707 767 2782 ipsum
812 2725 925 2784 pro
970 2725 1207 2768 summa
1252 2707 1686 2781 familiaritate,
1741 2723 1903 2781 quae
1947 2705 2095 2766 mihi
2138 2722 2277 2766 cum

199 2797 375 2866 patre
404 2789 538 2851 eius
567 2798 714 2863 erat,
751 2791 932 2852 unice
965 2791 1273 2867 diligebat,
1303 2799 1427 2852 tum
1458 2807 1572 2866 pro
1605 2807 1672 2850 re
1704 2789 1950 2865 publica
1983 2791 2087 2850 vel
2116 2806 2275 2853 mor-

200 2881 321 2934 tem
362 2882 657 2948 oppetere
700 2873 1016 2948 cupiebat,
1063 2874 1123 2934 in
1161 2873 1447 2935 contione
1488 2872 1785 2948 relegavit
1814 2870 2162 2948 edixitque,
2211 2880 2278 2934 ut

200 2955 278 3017 ab
311 2959 463 3019 urbe
503 2958 754 3018 abesset
792 2956 955 3017 milia
1001 2973 1296 3033 passuum
1338 2958 1632 3028 ducenta,
1686 2957 1851 3032 quod
1883 2963 2055 3017 esset
2081 2972 2274 3017 ausus

202 3057 315 3116 pro
348 3040 495 3115 civi,
542 3057 655 3117 pro
695 3041 855 3102 bene
894 3039 1107 3102 merito
1140 3038 1293 3116 civi,
1343 3057 1457 3116 pro
1500 3040 1728 3116 amico,
1778 3056 1892 3116 pro
1932 3056 2000 3100 re
2029 3038 2274 3115 publica

202 3123 541 3202 deprecari.

367 3209 525 3270 Xlll.
573 3208 729 3285 Quid
770 3209 891 3270 hoc
930 3206 1178 3270 homine
1218 3205 1458 3269 facias?
1500 3215 1606 3269 aut
1647 3224 1770 3282 quo
1812 3206 2009 3269 civem
2049 3205 2278 3280 impor-

201 3301 411 3354 tunum
441 3304 545 3355 aut
575 3311 699 3370 quo
733 3292 937 3370 potius
965 3293 1204 3354 hostem
1237 3301 1356 3353 tam
1387 3293 1750 3352 sceleratum
1779 3295 2107 3350 reserves?
2147 3287 2272 3364 qui,

198 3383 269 3436 ut
295 3375 564 3442 omittam
631 3385 867 3452 cetera,
916 3393 1075 3452 quae
1104 3383 1248 3437 sunt
1274 3375 1331 3436 ei
1362 3393 1500 3436 cum
1535 3377 1775 3450 collega
1803 3369 2052 3433 immani
2077 3370 2271 3448 impu·
