2459 3817
755 116 924 180 cAP.
955 122 1220 180 28—30.
1262 121 1315 182 S.
1347 122 1610 178 77-83.
2112 120 2236 187 162*

135 268 321 332 ciaet
365 284 520 345 quas
557 284 660 331 res
686 266 929 330 divinas
957 266 1181 330 talibus
1223 264 1529 329 institutas
1567 265 1743 327 viris!
1794 282 1955 343 quos
1985 276 2227 343 cantus,

137 368 317 429 quae
343 350 643 413 carminat
685 360 884 427 prope
923 351 1002 411 ad
1045 349 1509 411 immortalitatis
1542 358 1603 411 et
1629 348 1985 425 religionem
2013 357 2073 411 et
2100 364 2227 411 me-

137 434 406 495 moriam
435 442 892 497 consecrantur.
935 434 1070 495 Vos
1103 432 1249 495 tanti
1280 440 1775 494 conservatorem
1803 430 2047 509 populi,
2077 430 2228 493 tanti

146 517 417 579 sceleris
453 518 710 579 ultorem
751 532 876 577 non
906 517 1090 577 modo
1135 514 1477 576 honoribus
1520 514 1703 575 nullis
1742 513 2076 589 adficietis,
2108 516 2227 576 sed

139 600 335 661 etiam
367 600 446 660 ad
483 597 850 675 supplicium
878 598 1010 674 rapi
1037 596 1393 673 patiemini?
1434 598 1863 671 confiteretur,
1906 598 2223 661 confitere-

142 692 267 757 tur,
301 682 569 757 inquam,
591 682 645 741 si
673 682 942 756 fecisset,
970 689 1030 741 et
1057 696 1279 755 magno
1312 680 1513 741 animo
1539 689 1600 741 ‘et
1620 679 1877 743 libenter
1905 680 2129 742 fecisse
2151 697 2225 742 se

143 764 448 827 libertatis
489 763 756 826 omnium
807 779 1028 836 causa,
1089 764 1258 839 quod
1314 770 1485 823 essct
1536 762 1595 823 ei
1641 778 1764 823 non
1808 764 2223 825 confitendum

143 848 372 922 modo,
419 862 638 909 verum
668 846 851 909 etiam
883 845 1381 921 praedicandum.
1466 844 1648 905 XXX.
1678 843 1781 906 81.
1810 845 2045 907 Etenim
2076 846 2133 909 si
2161 846 2223 908 id

144 946 274 992 non
305 937 506 1005 negat,
536 946 617 992 ex
647 940 773 1007 ‘quo
809 928 954 988 nihil
981 928 1130 1003 petit
1160 928 1277 987 nisi
1310 936 1375 989 ut
1402 928 1785 1001 ignoscatur,
1830 928 2131 989 dubitaret
2160 929 2221 989 id

145 1013 348 1089 fateri,
379 1028 458 1074 ex
484 1028 606 1088 quo
631 1013 808 1074 etiam
835 1010 1102 1086 praemia
1130 1008 1331 1071 laudis
1354 1018 1567 1070 essent
1595 1013 1904 1085 petenda?
1935 1010 2050 1071 nisi
2074 1028 2225 1073 vero

147 1097 386 1171 gratius
421 1102 594 1171 putat
618 1110 760 1156 esse
790 1093 969 1153 vobis
1011 1092 1107 1153 sui
1148 1108 1218 1153 se
1246 1092 1477 1167 capitis
1506 1110 1687 1169 quam
1715 1094 1905 1155 vestri
1936 1095 2223 1156 defenso·

145 1194 279 1238 rem
310 1177 534 1252 ruisse,
565 1192 749 1263 quum
782 1174 1139 1251 praesertim
1167 1174 1227 1236 in
1248 1190 1335 1245 ,ea
1356 1175 1781 1249 confessione,
1814 1176 1867 1238 si
1896 1176 2051 1253 grati
2080 1192 2223 1239 esse

146 1260 410 1333 velletiS,
437 1260 706 1321 honores
738 1261 1180 1334 adsequeretur
1207 1258 1639 1334 amplissimos.
1696 1258 1763 1321 Si
1791 1261 2012 1321 factum
2042 1259 2223 1322 vobis

146 1358 273 1406 non
308 1342 672 1419 probaretur
690 1362 766 1389 -·
794 1358 1160 1418 >quamquam
1191 1340 1300 1417 qui
1330 1350 1566 1417 poterat
1594 1343 1763 1404 salus
1794 1360 1907 1405 sua
1938 1342 2222 1420 cuiquam

149 1444 274 1488 non
321 1426 568 1503 probari
583 1434 617 1486 v
649 1460 738 1473 --
773 1426 888 1487 sed
933 1434 1132 1486 tamen
1183 1424 1239 1485 si
1280 1425 1480 1488 minus
1524 1424 1835 1487 fortissimi
1876 1425 1987 1488 viri
2032 1426 2221 1488 virtus

151 1509 398 1571 civibus
427 1518 600 1585 grata
631 1506 992 1582 cecidisset,
1031 1524 1253 1585 magno
1286 1508 1488 1570 animo
1518 1508 1945 1585 constantique
1976 1510 2217 1571 cederet

149 1609 236 1654 ex
265 1592 500 1667 ingrata
530 1591 792 1655 civitate.
877 1592 1028 1651 Nam
1074 1591 1223 1667 quid
1266 1600 1436 1653 esset
1472 1591 1767 1668 ingratius
1801 1608 1981 1667 quam
2010 1588 2217 1653 laetari

146 1680 424 1748 ceteros,
466 1678 678 1749 lugere
697 1690 838 1735 eum
865 1676 1082 1747 solum,
1106 1682 1354 1749 propter
1372 1689 1554 1747 quem
1586 1674 1777 1735 ceteri
1815 1672 2217 1734 laetarentur}

153 1756 256 1819 82.
305 1756 680 1831 Quamquam
721 1756 842 1816 hoc
881 1756 1082 1816 animo
1113 1770 1359 1831 semper
1389 1770 1603 1815 omnes
1637 1754 1861 1815 fuimus
1890 1755 1951 1815 in
1989 1755 2218 1831 patriae

151 1838 568 1914 proditoribus
609 1837 1070 1913 opprimendis,
1113 1846 1209 1909 ut,
1260 1836 1549 1911 quoniam
1590 1845 1801 1898 nostra
1831 1839 2028 1898 futura
2056 1846 2219 1899 esset

156 1922 376 1996 gloria,
418 1922 756 1996 periculum
802 1936 1052 1995 quoque
1093 1927 1154 1979 et
1191 1919 1481 1979 invidiam
1530 1926 1802 1981 nostram
1848 1926 2219 1994 putaremus.

155 2005 304 2064 Nam
345 2020 505 2080 quae
548 2002 694 2065 mihi
731 2002 852 2078 ipsi
895 2002 1216 2063 tribuenda
1256 2002 1393 2062 laus
1430 2009 1626 2075 esset,
1670 2016 1853 2076 quum
1894 2010 2125 2063 tantum
2158 2002 2219 2063 iu

159 2087 478 2148 consulatu
507 2102 646 2148 meo
671 2100 784 2161 pro
817 2084 996 2146 vobis
1030 2100 1104 2145 ac
1135 2083 1343 2145 liberis
1373 2086 1599 2146 vestris
1640 2100 1829 2145 ausus
1871 2100 2074 2146 essem
2100 2132 2117 2161 ,
2164 2084 2219 2145 si

159 2168 241 2243 id,
269 2168 430 2243 quod
485 2169 772 2240 conabar,
801 2167 936 2229 sin-e
965 2166 1243 2227 maximis
1266 2165 1755 2229 dimicationibus
1776 2166 1927 2229 meis
1951 2184 2047 2228 me
2079 2184 2219 2229 esse

157 2266 444 2313 ausurum
473 2251 840 2312 arbitrarer?
871 2251 1038 2324 Quae
1071 2249 1289 2311 mulier
1316 2251 1677 2311 sceleratum
1705 2264 1779 2310 ac
1812 2251 2221 2325 perniciosum

159 2333 356 2394 civem
373 2335 719 2397 interficere
739 2350 864 2395 non
887 2336 1162 2408 auderet,
1173 2332 1225 2395 si
1246 2332 1581 2408 periculum
1611 2348 1733 2393 non
1764 2333 2038 2395 timeret?
2075 2334 2222 2395 Pro·

160 2414 358 2493 posita
395 2416 652 2489 invidia,
696 2423 918 2490 morte,
952 2431 1156 2491 poena
1213 2415 1321 2490 qui
1351 2414 1537 2476 nihilo
1580 2414 1831 2491 segnius
1867 2432 1995 2477 rem
2024 2416 2221 2491 publi·

159 2514 291 2559 cam
335 2499 635 2574 defendit,
686 2498 742 2559 is
789 2500 880 2559 vir
908 2515 1068 2561 .vere
1109 2499 1419 2575 putandus
1464 2506 1580 2561 est.
1673 2499 1889 2574 Populi
1932 2498 2087 2574 grati
2130 2506 2225 2559 est

163 2584 443 2659 praemiis
473 2582 740 2643 adlicere
767 2582 926 2643 bene
955 2580 1205 2643 meritos
1236 2582 1314 2642 de
1342 2598 1411 2643 re
1447 2580 1692 2657 publica
1725 2582 1927 2657 cives,
1953 2581 2066 2641 viri
2102 2582 2222 2641 ror-

159 2666 236 2724 tis
261 2682 337 2725 ne
367 2664 685 2741 suppliciis
723 2666 968 2741 quidem
996 2664 1228 2725 moveri
1256 2672 1325 2725 ut
1358 2666 1591 2725 fortiter
1632 2664 1859 2725 recisse
1896 2663 2224 2739 poeniteat.

159 2744 258 2809 83.
285 2747 476 2823 Quam
507 2748 586 2809 ob
614 2764 743 2809 rem
767 2756 1032 2811 uteretur
1058 2750 1275 2808 eadem
1299 2746 1695 2807 confessione
1716 2744 1783 2804 T.
1812 2746 2067 2818 Annius,
2101 2760 2225 2820 qua

163 2828 380 2903 Abala,
428 2846 551 2907 qua
577 2830 826 2904 Nasica,
870 2848 992 2907 qua
1022 2828 1331 2905 opimius,
1374 2844 1497 2904 qua
1528 2826 1789 2903 Marius,
1832 2844 1956 2905 qua
1983 2835 2232 2891 nosmet-

163 2910 307 2987 ipsi,
329 2920 422 2987 et,
451 2914 503 2973 si
532 2920 701 2987 grata
729 2929 832 2973 res
861 2914 1106 2989 publica
1133 2918 1333 2985 esset,
1363 2913 1719 2973 laetareturz
1756 2910 1811 2971 si
1836 2910 2104 2988 ingrata,
2134 2920 2217 2973 ta·

163 3010 294 3056 mon
323 2995 380 3054 in
411 2995 584 3071 gravi
613 2997 855 3056 fortuna
881 2994 1261 3058 conscientia
1287 3010 1403 3057 sua
1432 2993 1742 3056 niteretur.

281 3077 407 3139 Sed
435 3077 620 3139 huius
660 3078 942 3139 beneficii
971 3078 1257 3153 gratiam,
1289 3076 1557 3151 iudices,
1590 3079 1833 3138 fortuna
1860 3076 2075 3154 populi
2102 3077 2215 3136 Ro·

165 3160 318 3220 mani
349 3170 410 3222 et
438 3168 642 3221 vestra
678 3160 937 3221 felicitas
970 3168 1031 3223 et
1057 3161 1118 3221 di
1158 3160 1532 3221 immortales
1578 3159 1696 3221 sibi
1738 3160 1951 3221 deberi
1992 3166 2224 3235 putant.

168 3242 282 3301 Nec
323 3258 468 3304 vero
507 3242 832 3322 quisquam
873 3243 1050 3305 aliter
1089 3242 1365 3305 arbitrari
1406 3250 1641 3318 potest,
1688 3242 1807 3302 nisi
1850 3240 1955 3317 qui
1999 3241 2231 3301 nullam

167 3322 278 3385 vim
307 3340 452 3410 esse
479 3325 648 3391 ducit
673 3339 980 3389 numenve
1019 3324 1323 3400 divinum,
1369 3340 1550 3403 quem
1593 3339 1797 3399 neque
1835 3322 2073 3401 imperii
2116 3340 2229 3387 κιο·
