2459 3817
797 131 976 192 vt'JAP.
1012 138 1272 194 15—-1⁷.
1315 135 1366 198 ς.
1399 137 1666 196 34-40.
2189 131 2274 196 57

212 282 451 344 tribuno
482 279 711 359 plebis,
760 281 1051 358 vigilante
1086 283 1331 343 homine
1359 280 1508 343 etin
1539 297 1728 343 causa
1760 282 2040 358 populari
2071 282 2126 344 si
2152 301 2277 346 non

210 367 521 428 moderate
538 412 555 440 ,
584 375 647 428 at
674 373 839 426 certe
867 365 1244 442 populariter
1266 364 1772 441 abstinenterque
1803 374 2069 427 versato.
2131 367 2274 428 Ces-

211 450 319 522 sit,
364 465 443 510 ne
471 459 577 510 aut
619 448 815 510 victus
848 465 887 509 a
919 449 1173 511 sortibus
1208 447 1356 510 viris
1388 465 1526 510 cum
1556 449 1865 510 dedecore
1893 450 2142 511 caderet
2173 459 2278 512 aut

209 531 405 595 victor
436 532 643 593 multis
680 541 743 592 et
782 531 1041 594 fortibus
1071 531 1314 593 civibus
1352 547 1480 592 rem
1510 532 1818 608 publicam
1845 533 2109 594 orbaret.
2173 531 2275 596 38.

207 616 407 678 Meam
430 631 678 677 causam
702 623 951 677 senatus
977 617 1197 691 palam,
1232 625 1521 690 equester
1541 617 1694 676 ordo
1717 614 2028 688 acerrime,
2056 625 2277 678 cuneta

206 699 377 762 Italia
421 698 695 774 publice,
750 714 965 761 omnes
1014 699 1155 759 boni
1196 698 1467 775 proprie·
1497 697 1802 774 enixeque
1853 709 2278 775 susceperant.

206 783 327 842 Eas
352 797 455 844 res
478 797 812 857 gesseram,
845 798 1101 858 quarum
1124 798 1247 843 non
1269 797 1428 842 unus
1453 788 1684 854 auctor,
1717 783 1831 842 sed
1856 782 1984 843 dux
2008 783 2276 843 omnium

207 865 533 927 voluntatis
565 863 850 939 fuissem,
886 881 1170 940 quaeque
1199 881 1323 926 non
1353 865 1536 924 modo
1569 865 1650 924 ad
1679 863 2047 939 singularem
2079 882 2277 926 meam

206 948 493 1024 gloriam,
526 949 640 1008 sed
664 949 745 1008 ad
758 964 1146 1010 communem
1176 953 1437 1009 salutem
1455 948 1719 1010 omnium
1746 947 1970 1009 civium
1993 956 2052 1009 et
2081 965 2280 1023 prope

208 1032 475 1107 gentium
494 1031 897 1108 pertinet-enti
920 1047 995 1092 ea
1009 1031 1374 1092 condicione
1393 1046 1728 1105 gesseram,
1753 1039 1819 1092 ut
1837 1046 2035 1092 meum
2053 1032 2278 1092 factum

210 1130 456 1190 semper
483 1129 699 1174 omnes
725 1120 1041 1188 praestare
1070 1113 1352 1188 tuerique
1379 1114 1690 1175 deberent.

373 1197 559 1257 XVII.
598 1197 745 1256 Erat
773 1203 975 1257 autem
1010 1195 1155 1256 mihi
1182 1196 1491 1257 contentio
1521 1212 1644 1256 non
1674 1214 1810 1259 cum
1837 1199 2070 1260 victore
2100 1215 2274 1260 exer-

209 1278 366 1352 citu,
402 1281 515 1340 sed
538 1294 675 1338 cum
706 1278 916 1353 operis
939 1279 1260 1340 conductis
1283 1288 1346 1341 et
1365 1281 1442 1340 ad
1467 1279 1868 1356 diripiendam
1893 1279 2105 1343 urbem
2130 1299 2275 1344 con·

210 1361 437 1424 citatisz
469 1362 769 1423 habebam
791 1361 1097 1423 inimicum
1120 1377 1244 1422 non
1269 1362 1329 1423 0.
1352 1361 1608 1424 Marium
1623 1408 1638 1435 ,
1675 1372 1968 1425 terrorem
1991 1365 2280 1440 hostium,

208 1461 383 1521 spem
426 1443 892 1519 subsidiumque
933 1445 1195 1521 patriae,
1249 1445 1364 1506 sed
1411 1446 1534 1507 duo
1588 1446 1936 1523 importuna
1979 1448 2279 1524 prodigia,

210 1545 369 1604 quos
392 1535 655 1603 egestas,
690 1545 849 1603 quos
872 1527 1032 1589 aeris
1056 1528 1238 1589 alieni
1259 1529 1630 1604 magnitude,
1665 1547 1823 1605 quos
1846 1529 2082 1605 levitas,
2115 1549 2280 1607 quos

209 1611 564 1686 improbitas
588 1612 827 1672 tribuno
854 1610 1051 1686 plebis
1077 1613 1442 1674 constrictos
1466 1613 1810 1674 addixerat=
1853 1611 1955 1674 39.
1991 1629 2108 1674 nec
2129 1614 2277 1675 mihi

208 1703 341 1756 erat
377 1711 478 1755 res
513 1711 651 1755 cum
683 1693 1037 1766 Saturnino,
1084 1694 1221 1770 qui,
1267 1695 1434 1770 quod
1473 1711 1513 1754 a
1545 1711 1616 1754 se
1651 1703 1978 1770 quaestore
2007 1695 2276 1756 Ostiensi

210 1793 323 1852 per
344 1776 733 1852 ignominiam
759 1777 839 1837 ad
864 1775 1199 1852 principem
1220 1784 1283 1837 et
1301 1784 1552 1837 senatus
1575 1785 1636 1837 et
1656 1776 1915 1836 civitatis
1931 1822 1948 1849 ,
1979 1777 2060 1836 M.
2085 1777 2275 1838 Scau·

210 1875 342 1920 rum
358 1903 375 1930 ,
442 1873 573 1918 rem
619 1859 1071 1918 frumentariam
1121 1863 1398 1918 tralatam
1449 1859 1716 1934 sciebat,
1779 1860 2058 1920 dolorem
2097 1875 2278 1921 suum

211 1958 431 2016 magna
456 1939 842 2005 contentione
866 1939 1046 2000 animi
1076 1941 1589 2016 persequebatur,
1622 1941 1734 2002 sed
1763 1957 1899 2002 cum
1931 1958 2278 2003 scurrarum

210 2023 603 2099 locupletium
644 2031 880 2097 scorto,
927 2039 1065 2084 cum
1108 2021 1340 2084 sororis
1388 2023 1694 2097 adultero,
1741 2039 1878 2084 cum
1925 2033 2278 2102 stuprorum

212 2109 563 2179 sacerdote,
610 2122 747 2168 cum
786 2107 1097 2179 venefico,
1144 2123 1283 2168 cum
1324 2106 1804 2177 testamentari0‚
1851 2123 1987 2169 eum
2031 2107 2272 2180 sicario,

212 2207 349 2251 cum
390 2190 651 2250 latrone2
710 2205 867 2264 quos
907 2189 1184 2251 homines
1226 2189 1312 2264 si,
1364 2189 1428 2249 id
1468 2191 1634 2264 quod
1676 2189 1857 2252 facile
1883 2192 2046 2252 factu
2075 2192 2186 2252 ruit
2215 2201 2277 2254 et

213 2274 381 2347 quod
421 2273 555 2333 fieri
596 2273 803 2334 debuit
842 2274 1135 2348 quodque
1174 2289 1211 2333 a
1245 2289 1342 2332 me
1387 2271 1597 2347 optimi
1643 2281 1705 2334 et
1749 2273 2061 2334 fortissimi
2105 2271 2276 2336 cive‘s

210 2354 591 2430 flagitabant,
640 2355 699 2415 vi
732 2357 1039 2431 armisque
1080 2371 1508 2431 superassem,
1559 2372 1680 2417 non
1721 2357 1980 2416 verebar
2012 2373 2090 2418 ne
2135 2355 2277 2432 quis

209 2447 315 2500 aut
351 2437 471 2498 vim
511 2439 571 2498 vi
598 2439 923 2514 depulsam
970 2439 1446 2514 reprehenderet
1487 2447 1592 2500 aut
1631 2439 2005 2513 perditorum
2047 2438 2276 2500 civium

212 2522 309 2582 vel
345 2521 550 2597 potius
580 2522 1055 2583 domesticorum·
1082 2521 1348 2582 hostium
1377 2528 1628 2582 mortem
1653 2531 1969 2584 maereret.
2023 2521 2149 2584 Sed
2179 2538 2280 2582 me

210 2605 313 2666 illa
342 2613 693 2666 moverunt=
740 2605 1021 2666 omnibus
1051 2605 1113 2665 in
1146 2603 1532 2667 contionibus
1561 2604 1664 2664 illa
1692 2605 1847 2665 suria
1875 2606 2176 2666 clamabat
2202 2621 2278 2666 se

215 2704 373 2763 quae
415 2689 641 2748 faceret
677 2695 888 2748 eontra
928 2689 1181 2749 salutem
1211 2703 1407 2748 meam
1437 2689 1641 2748 facere
1681 2695 1928 2748 auctore
1959 2687 2062 2748 Cn.
2098 2688 2270 2748 Pom-

210 2770 385 2846 peio,
413 2769 753 2830 clarissimo
784 2769 913 2830 viro
946 2770 1214 2844 mihique
1246 2779 1306 2831 et
1332 2785 1494 2830 nunc
1524 2777 1585 2830 et
1607 2769 1812 2844 quoad
1841 2769 2008 2830 licuit
2035 2770 2272 2830 amicis-

211 2853 388 2916 simo,
452 2853 533 2912 Μ.
565 2853 853 2922 Crassus,
902 2869 1163 2927 quocum
1206 2851 1351 2913 mihi
1385 2867 1598 2912 omnes
1633 2859 1806 2912 erant
1837 2851 2138 2914 amicitiae
2169 2869 2274 2912 ne·

214 2934 653 3007 cessitudines,
704 2935 795 2995 vir
834 2935 1227 3006 fortissimuS,
1278 2936 1356 2994 ab
1398 2935 1614 2994 eadem
1655 2934 1756 2994 illa
1797 2944 1974 3009 peste
2007 2934 2273 2997 infestis-

214 3017 405 3080 simus
442 3034 583 3079 esse
624 3016 777 3078 meis
819 3018 1075 3079 fortunis
1118 3017 1596 3092 praedicabatur.
1685 3017 1748 3078 0.
1789 3019 2042 3091 Caesar,
2093 3018 2200 3094 qui
2235 3035 2276 3078 a

211 3117 311 3162 me
350 3103 515 3164 nullo
559 3116 694 3161 meo
746 3102 958 3162 merito
1006 3099 1243 3162 alienus
1289 3116 1431 3161 esse
1475 3099 1762 3172 debebat,
1819 3101 2276 3162 inimicissimus

211 3201 357 3246 esse
389 3201 559 3244 meac
594 3184 771 3245 saluti
806 3185 884 3244 ab
916 3184 1131 3244 eodem
1162 3182 1486 3244 cotidianis
1521 3183 1906 3246 contionibus
1937 3183 2273 3244 dicebatur.

206 3263 315 3329 40.
342 3267 451 3330 His
474 3283 544 3328 se
568 3267 757 3328 tribus
781 3267 1130 3329 auctoribus
1153 3267 1213 3327 in
1241 3266 1514 3326 consiliis
1535 3266 1869 3342 capiendis,
1893 3263 2272 3326 adiutoribus

206 3349 275 3411 in
302 3367 371 3411 re
400 3352 668 3426 gerenda
696 3366 839 3410 esse
867 3366 1119 3411 usurum
1148 3350 1416 3410 diceban
1463 3365 1545 3410 ex
1578 3349 1801 3425 quibus
1831 3363 2019 3409 unum
2046 3348 2273 3408 habere

2297 3697 2459 3780 ΔΑ
