2459 3817
764 125 927 184 cAP.
954 132 1216 186 37—40.
1263 130 1314 189 s.
1349 133 1610 188 eo—ao.
2085 127 2211 193 281

328 274 589 336 XXXIX.
638 275 1011 348 Quamquam
1039 273 1292 334 huiusce
1313 272 1403 332 rei
1424 281 1698 348 potestas
1730 273 1925 334 omnis
1948 277 2006 334 in
2038 276 2211 338 vobis

161 358 282 420 sita
310 365 432 431 est,
473 356 739 418 iudices:
784 364 968 416 totam
1010 373 1136 416 rem
1177 353 1481 430 publicam
1516 372 1630 415 vos
1661 356 1720 414 in
1753 356 1868 416 hac
1901 374 2091 418 causa
2126 368 2212 418 te-

162 439 349 512 netiS,
393 457 508 500 vos
536 438 904 514 gubernatis.
979 437 1044 497 Si
1067 439 1131 498 L.
1167 437 1419 497 Catilina
1448 453 1586 497 cum
1615 454 1728 498 suo
1760 439 2014 500 consilio
2045 442 2214 501 nefa-

159 523 385 583 riorum
422 521 760 596 hominum,
803 538 960 596 quos
1002 535 1210 580 seeum
1253 519 1487 593 eduxit,
1533 520 1647 579 hac
1677 521 1761 581 de
1788 537 1854 582 re
1881 533 2098 598 posset
2124 523 2213 582 iu·

160 606 383 678 dicare,
413 605 844 666 condemnaret
870 604 935 664 L.
965 603 1309 662 Murenam:
1341 601 1395 662 si
1420 602 1760 665 interficere
1788 612 2020 680 posset,
2053 605 2213 666 occi-

160 687 347 747 deret.
430 686 643 747 Petunt
684 685 845 746 enim
886 685 1153 746 rationes
1198 684 1390 756 illiuS,
1438 693 1505 745 ut
1553 685 1797 746 orbetur
1836 687 2060 748 auxilio
2111 703 2212 747 res

158 769 421 844 publica,
444 776 510 829 ut
529 769 829 829 minuatur
848 776 1059 828 contra
1076 785 1256 828 suum
1278 767 1542 826 furorem
1567 766 1996 842 imperatorum
2011 769 2209 845 copia,

159 859 225 912 ut
266 850 460 910 maior
491 853 743 912 facultas
782 850 1038 910 tribunis
1079 849 1280 925 plebis
1333 851 1508 908 detur
1552 849 1814 924 depulso
1857 851 2212 912 adversario

157 933 477 994 seditionis
517 950 591 993 ae
632 933 981 992 discordiae
1020 931 1435 991 concitandae.
1495 931 1741 990 Idemne
1778 931 1958 1005 igitur
1994 933 2214 993 delecti

156 1014 551 1090 amplissimis
602 1032 681 1074 ex
724 1014 1037 1074 ordinibus
1087 1011 1507 1073 honestissimi
1547 1022 1730 1088 atque
1781 1013 2214 1089 sapientissimi

158 1097 271 1157 viri
299 1097 683 1168 iudicabunt,
728 1096 894 1170 quod
922 1096 1023 1156 ille
1062 1094 1619 1168 importunissimus
1648 1095 1976 1170 gladiator,
2015 1097 2212 1157 hostis

157 1178 246 1238 rei
269 1177 551 1252 publicae
577 1176 909 1237 iudicaret?
962 1175 1061 1236 84.
1086 1177 1232 1235 Mihi
1257 1176 1501 1248 credite,
1526 1177 1780 1250 iudices,
1803 1178 1863 1237 in
1886 1178 2002 1238 hac
2025 1195 2213 1239 causa

158 1276 281 1319 non
314 1260 511 1319 solum
533 1260 610 1318 de
631 1260 695 1318 L.
719 1259 1025 1329 Murenae,
1060 1275 1275 1318 verum
1303 1257 1480 1318 etiam
1510 1260 1587 1319 de
1615 1267 1819 1320 vestra
1848 1263 2042 1321 salute
2073 1278 2210 1322 sen·

157 1341 403 1403 tentiam
438 1341 663 1402 feretis.
740 1343 805 1400 In
839 1340 1161 1401 discrimen
1199 1349 1532 1402 extremum
1561 1341 1872 1403 venimus=
1931 1343 2077 1404 nihil
2117 1353 2214 1404 est

154 1426 273 1486 iam
305 1425 467 1484 unde
494 1441 605 1486 nos
630 1425 973 1484 reficiamus
1002 1431 1107 1484 aut
1131 1424 1233 1484 ubi
1254 1424 1412 1500 lapsi
1433 1424 1808 1486 resistamus.
1852 1427 1985 1486 Non
2013 1429 2210 1487 sotum

155 1507 479 1568 minuenda
508 1524 628 1568 non
660 1516 801 1568 sunt
828 1505 1081 1581 auxilia,
1116 1523 1275 1580 quae
1307 1507 1631 1579 habemuS,
1674 1510 1786 1568 sed
1817 1509 1995 1570 etiam
2029 1525 2208 1582 nova,

157 1591 208 1649 si
235 1589 368 1650 fieri
399 1591 611 1664 possit,
644 1589 1071 1664 comparanda.
1128 1591 1338 1650 Hostis
1371 1599 1463 1652 est
1491 1591 1648 1650 enim
1680 1608 1800 1650 non
1831 1593 1996 1666 apud
2025 1593 2208 1650 Anie—

154 1689 309 1745 nem,
340 1674 507 1748 quod
535 1674 693 1733 bello
724 1672 951 1732 Punico
980 1671 1410 1746 gravissimum
1439 1673 1637 1732 visum
1665 1682 1775 1744 est,
1810 1675 1922 1732 sed
1951 1676 2011 1731 in
2038 1674 2208 1746 urbe,

152 1753 216 1812 in
240 1756 373 1815 foro
394 1788 481 1801 —
502 1755 564 1814 di
587 1754 986 1815 immortales!
1020 1755 1151 1814 sine
1173 1755 1400 1829 gemitu
1421 1754 1541 1814 hoc
1571 1753 1692 1814 dici
1714 1770 1835 1815 non
1869 1763 2073 1828 potest
2091 1778 2206 1808 -ε

152 1851 275 1898 non
304 1853 481 1898 nemo
511 1835 691 1896 etiam
719 1835 780 1895 in
804 1836 906 1896 illo
932 1837 1199 1896 sacrario
1220 1835 1311 1894 rei
1335 1835 1633 1909 publicae,
1666 1835 1726 1894 in
1756 1835 1910 1910 ipsa,
1942 1835 2209 1911 inquam,

153 1918 321 1980 curia
354 1935 476 1979 non
508 1933 684 1979 nemo
714 1917 911 1978 hostis
953 1926 1064 1977 est.
1147 1917 1221 1978 Di
1265 1916 1456 1976 faxint
1490 1924 1556 1978 ut
1595 1933 1768 1978 meus
1809 1919 2070 1994 collega,
2115 1918 2208 1977 vir

152 2000 551 2073 fortissimus,
602 2001 719 2060 hoc
750 1999 1037 2059 Catilinae
1068 2001 1360 2059 nefarium
1392 1998 1771 2060 latrocinium
1800 2010 2065 2062 armatus
2097 2019 2204 2078 op-

149 2083 399 2160 primat!
511 2099 590 2157 go
633 2091 908 2157 togatus,
952 2081 1131 2142 vobis
1165 2082 1469 2158 bonisque
1500 2083 1778 2145 omnibus
1810 2083 2205 2160 adiutoribuS,

149 2168 289 2241 hoc,
321 2167 486 2241 quod
510 2173 875 2240 conceptum
896 2182 997 2225 res
1026 2164 1266 2240 publica
1294 2165 1622 2241 periculum
1648 2167 1918 2243 parturit,
1947 2168 2204 2231 consilio

148 2248 473 2310 discutiam
503 2258 566 2310 et
596 2248 1019 2323 comprimam!
1080 2245 1182 2309 85.
1215 2249 1339 2309 Sed
1371 2250 1514 2325 quid
1546 2252 1786 2312 tandem
1818 2251 1940 2326 fiet,
1971 2252 2025 2312 si
2052 2253 2205 2312 haec

148 2333 362 2406 elapsa
390 2334 467 2393 de
496 2331 773 2392 manibus
803 2331 1025 2394 nostris
1055 2331 1117 2391 in
1160 2349 1298 2394 eum
1341 2349 1592 2408 annum,
1646 2333 1751 2410 qui
1791 2337 2202 2412 consequitur,

148 2415 583 2476 redundarint?
645 2415 817 2476 Unus
858 2410 971 2476 erit
1009 2411 1225 2482 consui
1265 2431 1326 2476 et
1363 2415 1418 2476 is
1459 2433 1580 2476 non
1619 2417 1681 2477 in
1725 2416 2203 2480 administrando

149 2498 341 2571 bello,
384 2499 495 2558 sed
536 2498 595 2557 in
638 2497 1000 2558 sufficiendo
1044 2498 1280 2572 collega
1320 2509 1675 2575 occupatus.
1733 2501 1907 2561 Hunc
1945 2501 2064 2561 iam
2099 2503 2203 2577 qui

147 2580 495 2654 impedituri
526 2580 664 2656 sint,
684 2581 841 2620 ****
862 2579 963 2640 illa
975 2579 1169 2656 pestis
1182 2579 1478 2654 immaniS,
1499 2585 1542 2658 †
1555 2583 1902 2658 importuna
1915 2584 2203 2644 Catilinae

146 2672 532 2740 prorumpet,
565 2681 685 2739 qua
718 2666 967 2739 poterit:
1004 2672 1064 2724 et
1095 2663 1213 2723 iam
1242 2667 1474 2740 populo
1507 2667 1780 2726 Romano
1811 2665 2097 2727 minatur:
2141 2667 2202 2725 in

149 2762 332 2820 agros
380 2747 765 2807 suburbanos
814 2753 1063 2822 repente
1104 2747 1442 2808 advolabit:
1495 2748 1836 2810 versabitur
1874 2748 1934 2807 in
1990 2749 2211 2813 rostris

150 2829 333 2900 furor,
371 2829 432 2888 in
462 2827 629 2890 curia
656 2829 850 2903 timor,
884 2829 945 2888 in
978 2831 1108 2889 foro
1140 2829 1496 2904 coniuratiO,
1535 2829 1597 2892 in
1629 2847 1846 2906 campo
1877 2834 2198 2903 exercituS,

146 2910 209 2969 in
240 2911 404 2986 agris
436 2910 715 2972 vastitas}
770 2913 931 2974 omni
971 2919 1172 2972 autem
1205 2914 1265 2972 in
1303 2913 1450 2974 sede
1491 2929 1564 2974 ac
1605 2914 1742 2974 loco
1776 2916 1998 2975 ferrum
2031 2915 2198 2974 flam·

146 3010 431 3070 mamque
458 3003 827 3070 metuemus,
883 3011 1043 3068 quae
1070 2993 1187 3053 iam
1221 2993 1327 3056 diu
1357 3003 1813 3071 comparantur:
1843 2999 2056 3058 eadem
2084 2998 2202 3058 ista

146 3076 380 3150 omnia,
433 3076 486 3137 si
527 3087 739 3139 ornata
782 3076 911 3138 suis
953 3076 1276 3156 praesidiis
1316 3078 1428 3138 erit
1466 3095 1566 3139 res
1609 3081 1882 3154 publica,
1933 3080 2110 3140 facile
2141 3088 2201 3139 et

144 3158 601 3234 magistratuum
614 3159 886 3221 consiliis
909 3167 969 3220 et
988 3159 1359 3236 privatorum
1381 3161 1689 3236 diligentia
1711 3165 2199 3238 comprimentur.

308 3243 431 3302 XL.
460 3241 559 3305 86.
607 3243 773 3317 Quae
802 3258 987 3318 quum
1014 3243 1097 3304 ita
1126 3242 1275 3318 sint,
1309 3243 1572 3317 iudiceS,
1602 3243 1859 3320 primum
1886 3244 1976 3304 rei
2002 3242 2198 3318 publi-

141 3341 256 3386 cae
286 3340 489 3402 causa,
523 3343 643 3402 qua
672 3326 837 3386 nulla
864 3342 965 3387 res
995 3325 1278 3402 cuiquam
1307 3327 1508 3402 potior
1535 3327 1718 3388 debet
1746 3342 1905 3401 esse,
1939 3342 2054 3386 vos
2084 3341 2197 3402 pro
