2459 3817
339 96 422 160 92
780 97 857 156 IN
900 96 963 156 C.
1006 95 1335 157 VERREM
1373 96 1644 156 ACT.11.
1685 95 1830 156 LIB.
1863 97 1966 159 IV.

352 265 521 310 crum
546 245 777 308 Dianae
810 245 1143 306 tollendum
1174 246 1423 306 locatur.
1495 246 1735 306 XXXV.
1783 243 1881 308 77.
1932 243 2153 306 Videte
2189 253 2406 320 quanta

348 331 563 406 religio
600 328 805 388 suerit=
840 328 1007 402 apud
1039 328 1414 402 Segestanos
1459 337 1762 403 repertum
1793 345 1966 401 esse,
1997 327 2262 402 iudiceS,
2292 327 2403 388 sci·

348 422 475 473 tote
504 410 805 472 neminem
834 426 1037 485 neque
1059 410 1315 471 liberum
1345 426 1546 486 neque
1575 427 1821 472 servum
1846 427 2049 486 neque
2083 410 2274 471 civem
2303 427 2402 472 nc-

349 511 471 570 que
499 493 885 571 peregrinum
922 492 1027 567 qui
1065 476 1214 553 illud
1255 491 1494 569 signum
1533 495 1785 556 auderet
1823 495 2154 568 attingere·
2196 493 2402 554 barba-

344 593 453 638 ros
500 577 799 652 quosdam
839 574 1134 653 Lilybaeo
1178 575 1396 637 scitote
1431 576 1730 638 adductos
1779 593 1921 637 esse
1961 575 2301 652 operarios·
2361 571 2404 636 ii

348 657 616 735 denique
655 658 831 731 illud,
877 658 1070 732 ignari
1111 657 1299 719 totius
1340 674 1459 733 neg
1462 653 1565 718 otii
1621 675 1694 718 ac
1733 657 2076 734 religionis,
2129 660 2403 718 mercede

348 751 603 819 accepta
674 743 1075 804 sustulerunt.
1116 742 1285 817 quod
1329 759 1514 816 quum
1557 757 1636 802 ex
1679 741 1912 818 oppido
1955 742 2402 815 exportabatur,

348 842 528 901 quem
570 834 934 886 conventum
972 823 1292 884 mulierum
1333 825 1556 884 sactum
1589 841 1732 885 esse
1765 823 2180 885 arbitramini?
2229 840 2403 899 quem

346 908 553 970 fletum
593 909 891 969 maiorum
932 914 1121 968 natu?
1169 923 1426 980 quorum
1469 924 1588 967 non
1634 907 1781 968 nulli
1828 906 2010 967 etiam
2051 907 2216 967 illum
2250 907 2404 966 diem

342 991 637 1052 memoria
660 991 965 1064 tenebant,
996 1006 1183 1063 quum
1202 988 1308 1049 illa
1339 990 1554 1049 eadem
1583 990 1776 1050 Diana
1807 989 2126 1065 Segestam
2153 989 2394 1049 Kartha·

345 1075 486 1148 gine
514 1082 763 1134 revecta
789 1071 1103 1132 victoriam
1141 1072 1351 1146 populi
1371 1072 1629 1133 Romani
1662 1072 1860 1133 reditu
1891 1088 2006 1132 suo
2042 1069 2404 1132 nuntiasset.

344 1157 535 1230 Quam
564 1154 879 1217 dissimilis
907 1154 1006 1214 hic
1032 1154 1166 1215 dies
1196 1153 1284 1214 illi
1325 1156 1585 1229 tempori
1628 1154 1979 1216 videbatur!
2036 1155 2186 1214 Tum
2217 1154 2404 1229 impe-

341 1249 506 1300 rator
532 1240 743 1314 populi
771 1238 1057 1309 Romani,
1099 1238 1191 1296 vir
1236 1237 1641 1312 clarissimuS,
1684 1239 1839 1298 deos
1868 1235 2102 1313 patrios
2138 1245 2404 1311 reporta-

341 1323 446 1381 bat
476 1320 831 1395 Segestanis
906 1337 985 1380 ex
1014 1320 1164 1380 urbe
1192 1319 1458 1381 hostium
1486 1330 1915 1395 recuperatos=
1960 1336 2123 1381 nunc
2153 1336 2228 1380 ex
2261 1319 2406 1379 urbe
2449 1370 2458 1381 .

343 1403 651 1462 sociorum
696 1409 942 1476 praetor
989 1401 1266 1462 eiusdem
1307 1403 1522 1478 populi
1564 1403 1953 1479 turpissimus
2002 1411 2190 1478 atque
2215 1401 2402 1476 impu-

339 1483 623 1546 rissimus
655 1486 908 1545 eosdem
938 1483 1077 1544 illos
1108 1485 1263 1544 deos
1293 1485 1525 1546 nefario
1569 1488 1802 1547 scelere
1842 1487 2176 1546 auferebat.
2252 1484 2410 1558 Quid

340 1569 460 1628 hoc
502 1576 629 1630 tota
658 1567 865 1628 Sicilia
894 1575 989 1629 est
1024 1568 1276 1639 clariuS,
1325 1586 1505 1642 quam
1534 1585 1747 1630 omnes
1778 1568 2072 1643 Segestae
2103 1577 2411 1628 matronas

339 1661 400 1713 et
429 1651 694 1728 virgines
719 1649 1119 1723 convenisse,
1154 1665 1342 1725 quum
1373 1650 1566 1712 Diana
1597 1659 2019 1726 exportaretur
2047 1667 2125 1710 ex
2156 1650 2412 1725 oppido,

334 1735 595 1797 unxisse
624 1734 982 1812 unguentiS,
1022 1735 1371 1809 complesse
1399 1734 1649 1795 coronis
1678 1743 1739 1794 ct
1768 1735 2043 1806 floribus,
2075 1744 2225 1806 ture,
2258 1733 2411 1794 odo-

336 1820 507 1879 ribus
565 1819 838 1880 incensis
892 1833 1094 1894 usque
1143 1819 1223 1878 ad
1277 1819 1405 1892 agri
1455 1817 1613 1878 fines
1655 1828 2019 1894 prosecutas
2061 1823 2246 1878 esse?
2308 1815 2414 1878 78.
2458 1831 2459 1834 ’

338 1901 511 1960 Hanc
541 1908 606 1961 tu
635 1909 861 1962 tantam
885 1899 1243 1974 religionem
1271 1901 1324 1961 si
1353 1909 1478 1962 tum
1507 1901 1568 1960 in
1602 1901 1856 1975 imperio
1887 1909 2140 1976 propter
2175 1899 2414 1973 cupidi-
2455 1909 2457 1953 l

338 1990 518 2042 tatem
552 1991 737 2058 atque
768 1983 1089 2043 audaciam
1120 1999 1242 2042 non
1274 1982 1785 2058 pertimescebas=
1831 2000 1910 2044 ne
1955 1999 2116 2043 nunc
2163 1981 2413 2057 quidem
2453 2011 2455 2071 1

336 2063 399 2124 in
457 2073 623 2126 tanto
680 2073 784 2126 tuo
838 2064 1293 2138 liberorumque
1346 2075 1582 2126 tuorum
1631 2066 1903 2142 periculo
1945 2063 2417 2142 perhorrescis?

340 2149 529 2222 Quem
570 2145 678 2208 tibi
727 2155 831 2206 aut
884 2147 1189 2206 hominem
1242 2146 1444 2208 invitis
1498 2148 1595 2209 dis
1636 2149 2075 2210 immortalibus
2112 2156 2218 2208 aut
2257 2162 2416 2206 vero
2451 2123 2453 2189 ¹

336 2232 517 2292 deum
560 2230 740 2291 tantis
783 2244 994 2290 eorum
1037 2227 1431 2302 religionibus
1475 2231 1716 2292 violatis
1745 2231 1971 2293 auxilio
2007 2232 2269 2292 futurum
2301 2247 2416 2304 pu·
2449 2227 2451 2307 1

337 2322 475 2376 tas?
532 2314 664 2373 Tibi
692 2312 795 2372 illa
820 2311 1017 2371 Diana
1044 2311 1103 2370 in
1135 2324 1290 2386 pace
1323 2319 1504 2388 atque
1538 2313 1600 2373 in
1633 2317 1757 2374 otio
1799 2314 2154 2389 religionem
2183 2313 2418 2372 nullam
2447 2345 2449 2384 3

340 2396 578 2457 attulit?
621 2412 779 2470 quae
812 2410 996 2469 quum
1028 2395 1183 2454 duas
1214 2395 1429 2469 urbes,
1469 2396 1528 2455 in
1557 2396 1778 2471 quibus
1809 2399 2008 2458 locata
2044 2399 2270 2467 fuerat,
2310 2411 2418 2454 ca—

332 2488 473 2554 ptas
510 2479 922 2551 incensasque
957 2475 1242 2551 vidisset,
1289 2477 1386 2538 bis
1431 2495 1509 2538 ex
1553 2479 1810 2541 duorum
1839 2480 2135 2541 bellorum
2163 2477 2424 2538 flamma

335 2562 622 2634 ferroque
674 2569 915 2621 servata
957 2568 1082 2620 est:
1141 2576 1299 2634 quae
1338 2561 1934 2636 Karthaginiensium
1972 2560 2226 2622 victoria
2269 2562 2420 2621 loco

314 2649 563 2703 ‘mutato
603 2643 959 2719 religionem
1001 2649 1202 2702 tamen
1235 2660 1356 2704 non
1386 2645 1616 2716 amisit,
1662 2645 1725 2706 Ρ.
1758 2644 2031 2705 Africani
2059 2643 2284 2705 virtute
2319 2659 2422 2704 re-

333 2725 618 2800 ligionem
656 2726 834 2787 simul
882 2743 1017 2786 cum
1048 2726 1186 2786 loco
1233 2727 1640 2801 recuperavit.
1709 2728 1839 2802 Quo
1885 2728 2130 2802 quidem
2173 2728 2427 2786 scelere

334 2818 629 2882 suscepto
661 2826 847 2884 quum
881 2807 1079 2869 inanis
1110 2818 1278 2870 esset
1305 2809 1473 2870 basis
1506 2819 1566 2871 et
1593 2809 1654 2869 in
1690 2826 1766 2870 ea
1794 2810 1858 2869 P.
1879 2808 2152 2870 Africani
2181 2825 2430 2870 nomen

332 2889 621 2964 incisum,
663 2909 765 2953 res
811 2891 1061 2968 indigna
1097 2900 1282 2967 atque
1322 2891 1704 2953 intoleranda
1739 2893 2065 2953 videbatur
2099 2891 2428 2966 omnibuS,

332 2991 455 3070 non
495 2977 692 3035 solum
718 2975 1047 3050 religiones
1074 2990 1218 3034 esse
1245 2974 1536 3050 violataS,
1569 2992 1782 3036 verum
1813 2975 1994 3036 etiam
2023 2975 2086 3034 P.
2112 2973 2439 3052 Africani,

330 3073 387 3114 v
372 3055 444 3116 iri
475 3057 819 3130 fortissimi,
862 3074 1063 3118 rerum
1099 3066 1406 3130 gestarum
1441 3060 1723 3137 gloriam,
1763 3059 2114 3119 memoriam
2149 3057 2437 3135 virtutis,-

330 3147 720 3201 monumenta
746 3103 1035 3200 vi’ctoriae
1072 3137 1133 3197 C.
1164 3139 1418 3200 Verrem
1449 3141 1793 3202 sustulisse.
1851 3138 1950 3203 79.
2009 3141 2186 3215 Quod
2221 3157 2436 3214 quum

328 3221 428 3283 isti
462 3223 903 3284 renuntiaretur
962 3223 1040 3280 de
1070 3219 1205 3280 basi
1243 3238 1314 3282 ac
1350 3222 1594 3298 litteris,
1629 3224 1999 3284 existimavit
2022 3223 2317 3284 homines
2361 3215 2435 3288 id

310 3305 693 3367 oblivionem
717 3304 903 3366 totius
932 3301 1162 3380 negotii
1202 3319 1346 3366 esse
1371 3315 1676 3382 venturos,
1709 3306 1762 3367 si
1787 3306 1968 3367 etiam
1995 3305 2196 3368 basim
2255 3314 2434 3374 tam--¹
