2459 3817
747 140 912 200 CAP.
942 148 1202 203 18—20.
1231 146 1285 207 S.
1314 146 1575 203 ὅθ’-57.
2140 140 2219 205 15

117 287 350 363 Finge
392 288 622 363 aliquid
667 291 879 351 saltem
919 290 1270 363 commode,
1312 298 1379 353 ut
1417 288 1495 351 ne
1534 290 1715 364 plane
1745 289 2013 352 videaris
2037 290 2101 351 id
2128 291 2213 351 sa-

120 388 328 443 cere,
377 372 550 445 quod
577 379 786 446 aperte
823 372 1004 443 facis,
1047 372 1230 433 huius
1266 372 1475 437 miseri
1504 371 1765 433 fortunis
1794 374 2096 435 ethorum
2122 372 2211 432 vi-

111 466 359 515 rorum
411 453 618 515 taliu'm
673 452 946 529 dignitati
993 454 1267 517 illudere.
1310 490 1393 503 --
1432 454 1825 517 Exheredare
1872 457 2059 519 filium
2101 472 2213 515 vo-

111 536 272 600 luit.
311 565 398 577 --
431 534 622 608 Quam
653 537 732 595 ob
761 544 1053 599 causam?
1078 568 1163 584 --
1193 536 1437 597 Nescio.
1467 570 1553 581 —-
1577 538 2109 601 Exheredavitne?
2128 568 2213 581 —

111 621 306 680 Non.
340 650 430 666 --
482 618 630 690 Quis
671 619 1021 693 prohibuit?
1045 653 1131 665 -
1174 620 1505 695 cogitabat.
1533 652 1619 663 ——
1658 620 2057 697 [cogitabam]
2104 619 2212 681 Cui

117 701 348 764 dixit?
389 734 474 747 --
517 700 771 763 Nemini.
820 736 892 747 --
939 701 1094 775 Quid
1138 710 1235 762 est
1272 702 1438 763 aliud
1478 700 1703 765 iudicio
1748 718 1821 761 ac
1864 702 2102 779 legibus
2137 718 2213 763 ae

113 782 472 843 maiestate
495 789 704 845 vestra
731 785 896 846 abuti
931 785 1010 845 ad
1039 783 1365 860 'quaestum
1399 792 1581 860 atque
1610 785 1692 843 ad
1720 784 2059 857 libidinem,
2090 783 2211 845 nisi

113 868 266 927 hoc
321 866 511 928 modo
556 880 852 928 accusare
882 874 1064 941 atque
1092 866 1156 927 id
1187 866 1488 940 obiicere,
1534 868 1698 941 quod
1728 867 1974 941 planum
2006 868 2211 927 facere

115 966 274 1009 non
301 948 489 1012 modo
518 964 642 1011 non
663 948 912 1023 possis,
941 965 1147 1009 verum
1174 966 1251 1011 ne
1284 949 1525 1011 coneris
1551 947 1838 1024 quidemr
1890 948 1989 1009 55.
2018 950 2209 1009 Nemo

115 1039 428 1094 nostrum
462 1037 585 1104 est,
613 1030 824 1103 Eruci,
861 1031 1006 1105 quin
1039 1030 1193 1093 sciat
1218 1030 1328 1091 tibi
1356 1030 1698 1093 inimicitias
1732 1047 1871 1091 cum
1910 1029 2054 1091 Sex.
2085 1032 2207 1091 Ro—

121 1112 282 1175 scio
323 1113 526 1173 nullas
565 1128 740 1173 esse:
788 1112 992 1178 vident
1033 1130 1248 1177 omnes
1292 1131 1413 1189 qua
1454 1115 1532 1174 de
1564 1130 1753 1175 causa
1772 1112 2209 1175 huicinimicus

117 1194 400 1257 venias·
436 1194 636 1257 sciunt
656 1194 914 1259 huiusce
939 1194 1202 1271 pecunia
1229 1204 1285 1257 te
1314 1196 1641 1256 adductum
1668 1212 1831 1257 esse.
1877 1194 2031 1269 Quid
2059 1210 2207 1269 ergo

122 1283 296 1339 est?
334 1276 419 1335 ita
456 1284 656 1345 tamen
701 1285 994 1352 quaestus
1033 1286 1094 1339 te
1125 1277 1412 1351 cupidum
1440 1294 1584 1337 esse
1614 1276 1963 1352 oportebat,
2003 1284 2070 1337 ut
2098 1277 2209 1337 ho

117 1376 279 1421 rum
317 1357 830 1423 existimationem
869 1368 930 1421 et
968 1362 1166 1435 legem
1191 1358 1525 1419 Remmiam
1568 1366 1814 1435 putares
1831 1358 2077 1454 aliquid
2103 1376 2209 1417 va·

119 1446 272 1503 lere
306 1448 612 1514 oportere.
666 1442 793 1505 XX
823 1443 1239 1503 Accusatores
1273 1443 1496 1503 multos
1526 1459 1672 1503 esse
1699 1440 1760 1503 in
1792 1441 2033 1502 civitate
2059 1441 2207 1502 utile

121 1532 270 1597 est,
313 1530 384 1581 ut
422 1531 587 1583 metu
627 1523 1004 1585 contineatur
1043 1524 1331 1585 audacia=
1373 1541 1585 1585 verum
1612 1534 1818 1587 tamen
1847 1523 1967 1586 hoc
2000 1523 2085 1585 ita
2112 1532 2209 1585 est

120 1607 320 1676 utile,
355 1614 424 1668 ut
455 1622 533 1665 ne
558 1608 740 1679 plane
766 1605 1090 1667 illudamur
1120 1607 1198 1665 ab
1227 1606 1711 1669 accusatoribus.
1777 1608 2089 1670 Innocens
2111 1614 2208 1666 cst

124 1688 473 1762 quispiam,
510 1704 722 1751 verum
745 1696 963 1761 tamen,
989 1705 1355 1764 quamquam
1374 1691 1550 1749 abest
1566 1705 1605 1749 a
1628 1690 1827 1764 culpa,
1852 1686 2207 1761 suspicione

121 1780 351 1831 tamen
381 1785 505 1829 non
534 1777 714 1837 caret.
784 1770 1048 1837 Tametsi
1075 1770 1367 1831 miserum
1396 1778 1521 1843 est,
1560 1779 1761 1831 tamen
1794 1769 1883 1841 ei,
1914 1768 2017 1843 qui
2044 1768 2205 1829 hunc

125 1859 428 1924 accuset,
459 1851 696 1926 possim
722 1852 928 1927 aliquo
957 1853 1142 1915 modo
1171 1852 1513 1927 ignoscere.
1554 1851 1751 1925 Quum
1786 1850 1942 1911 enim
1974 1843 2207 1925 ali‘quid

124 1936 370 1995 habeat
409 1936 576 2007 quod
614 1934 816 2009 possit
855 1935 1184 1997 criminose
1221 1951 1297 1994 ac
1336 1932 1683 2009 suspiciose
1711 1933 1948 2007 dicere,
1994 1941 2204 2009 aperte

126 2014 448 2078 ludificari
487 2024 548 2075 et
589 2016 942 2077 calumniari
984 2016 1186 2080 sciens
1217 2033 1341 2079 non
1367 2017 1663 2079 videatur.
1738 2014 1841 2077 56.
1886 2016 2084 2091 Quare
2115 2017 2204 2075 sa-

128 2099 262 2159 cile
293 2113 508 2162 omnes
538 2097 800 2173 patimur
827 2116 970 2161 esse
1006 2114 1186 2173 quam
1225 2098 1522 2175 plurimos
1563 2108 1986 2171 accusatores,
2034 2096 2205 2174 quod

125 2182 474 2253 innocens,
503 2179 556 2239 si
587 2189 912 2247 accusatus
937 2189 1056 2254 est,
1085 2180 1325 2244 absolvi
1354 2188 1588 2256 potest,
1634 2198 1899 2253 nocenS,
1944 2180 2061 2241 nisi
2101 2195 2201 2239 ac·

129 2271 397 2323 cusatus
452 2257 657 2336 fuerit,
715 2262 1108 2324 condemnari
1148 2280 1271 2325 non
1314 2273 1543 2337 potest:
1607 2263 1814 2323 utilius
1857 2272 1953 2322 est
2000 2272 2203 2322 autem

127 2345 384 2405 absolvi
411 2343 796 2407 innocentem
825 2362 1008 2421 quam
1036 2354 1355 2405 nocentem
1386 2362 1633 2407 causam
1662 2362 1782 2405 non
1814 2344 2037 2404 dicere.
2074 2346 2199 2403 An—

129 2427 390 2487 seribus
433 2426 658 2487 cibaria
699 2428 943 2503 publice
973 2428 1251 2488 locantur
1278 2436 1339 2488 et
1372 2444 1559 2489 canes
1591 2420 1877 2489 aluntur
1860 2445 1921 2487 ιη
1960 2424 2199 2501 Capito—

129 2508 254 2580 lio,
305 2516 376 2567 ut
387 2508 764 2587 significent
805 2512 858 2571 si
901 2511 1066 2570 fures
1094 2509 1391 2571 venerint
1460 2512 1543 2573 At
1587 2511 1754 2570 fures
1782 2510 2199 2570 internoscere

127 2608 261 2651 non
307 2600 601 2665 possunt=
659 2592 1000 2667 significant
1031 2601 1261 2663 tamen,
1306 2592 1361 2653 si
1403 2592 1509 2665 qui
1536 2600 1721 2654 noctu
1751 2591 1811 2649 iu
1841 2590 2199 2667 Capitolium

128 2671 448 2747 venerint,
493 2684 552 2735 et
594 2674 737 2749 quia
779 2675 844 2735 id
883 2684 977 2735 est
1011 2674 1455 2750 suspiciosum,
1498 2673 1739 2735 tametsi
1778 2674 2011 2734 bestiae
2040 2680 2198 2743 sunt,

130 2767 343 2817 tamen
365 2754 427 2814 in
450 2772 583 2815 eam
605 2766 837 2832 partem
865 2756 1070 2832 potius
1093 2766 1379 2831 peceant,
1408 2773 1565 2831 quae
1590 2764 1685 2817 est
1708 2755 1957 2817 cautior.
1996 2754 2199 2829 Quod-

133 2838 189 2899 si
239 2839 384 2899 luce
429 2856 676 2913 quoque
723 2856 908 2901 canes
955 2842 1200 2911 latrent,
1253 2857 1435 2913 quum
1470 2840 1625 2899 deos
1658 2840 1979 2899 salutatum
2008 2836 2197 2911 aliqui

131 2919 445 2994 venerint,
477 2920 714 2997 opinor,
729 2922 804 2992 iis
820 2938 998 2983 crura
1019 2922 1146 2987 suff
1143 2923 1467 2995 ringantur,
1488 2922 1657 2995 quod
1678 2937 1853 2981 acres
1878 2923 1997 2981 sint
2017 2919 2195 2981 etiam

131 3013 294 3076 turn,
341 3020 526 3077 quum
576 3004 846 3078 suspicio
891 3007 1060 3067 nulla.
1087 3004 1184 3067 sit.
1264 3002 1364 3065 57.
1410 3004 1721 3064 SImillima
1750 3013 1844 3065 est
1877 3011 2193 3064 accusato-

133 3103 268 3148 rum
295 3085 476 3147 ratio.
532 3086 654 3147 Alii
685 3095 950 3149 vestrum
981 3103 1232 3148 anseres
1265 3095 1431 3159 sunt,
1467 3086 1571 3162 qui
1606 3095 1835 3149 tantum
1862 3087 2044 3149 modo
2075 3085 2194 3143 cla-

135 3176 333 3241 mant,
367 3184 592 3231 noc-ere
616 3186 740 3231 non
773 3178 1064 3245 possunt,
1105 3169 1206 3229 alii
1237 3186 1450 3241 cane8‚
1486 3169 1590 3245 qui
1619 3179 1679 3231 et
1699 3169 1917 3231 latrare
1946 3178 2007 3228 et
2036 3180 2195 3225 mor-

139 3250 283 3311 dere
327 3260 608 3325 possunt.
669 3251 904 3311 Cibaria
943 3252 1122 3312 vobis
1165 3252 1451 3326 praeberi
1496 3250 1803 3312 videmusz
1842 3266 1957 3309 vos
1992 3254 2194 3307 autem

135 3334 402 3394 maxime
442 3334 677 3395 debetis
721 3333 783 3393 in
814 3350 925 3395 eos
959 3333 1249 3409 impetum
1279 3335 1513 3408 facere,
1550 3334 1653 3409 qui
1680 3340 2005 3391 merentur.
2062 3328 2194 3389 Hoc
