2459 3817
289 164 330 225 6
596 176 740 237 pao
787 176 950 235 sax.
993 144 1269 235 Rosclo
1314 170 1663 233 ΑΜΕΒῙΝΟ
1710 171 2010 233 onA‘rlo.

289 330 455 389 scius
483 326 968 399 essetAmeriae,
998 327 1062 383 T.
1090 334 1291 385 autem
1316 323 1433 385 iste
1455 323 1721 385 Roscius
1733 324 1995 383 Romae:
2028 339 2215 397 quum
2246 321 2347 381 hic

287 410 450 470 filius
493 408 792 469 adsiduus
839 408 899 467 in
944 406 1212 482 praediis
1244 414 1413 467 esset
1442 421 1751 482 quumque
1796 422 1865 465 se
1892 407 2205 466 voluntate
2238 422 2346 480 pa-

287 493 396 553 tris
437 492 524 551 rei
565 490 839 551 familiari
873 491 1158 565 vitaeque
1197 490 1467 550 rusticae
1500 488 1805 560 dedisset,
1838 488 1955 549 iste
1984 496 2186 548 autem
2225 490 2345 546 fre-

293 592 488 649 quens
523 576 754 635 Romae
787 582 986 648 esset,
1031 572 1329 633 occiditur
1370 573 1451 631 ad
1477 573 1731 632 balneas
1752 570 2062 631 Pallacine
2092 570 2345 630 rediens

290 676 328 717 a
381 670 532 715 cena
599 658 742 717 Sex.
769 656 1053 717 Roscius.
1126 655 1319 731 Spero
1354 672 1433 715 ex
1462 654 1581 715 hoc
1608 653 1749 729 ipso
1784 670 1907 714 non
1942 670 2085 714 esse
2118 654 2345 713 obscu-

289 758 421 799 rum
462 742 540 799 ad
591 756 772 813 quem
805 738 1076 814 suspicio
1118 738 1399 799 maleficii
1441 737 1767 812 pertineat:
1808 753 2019 797 verum
2049 736 2141 808 id,
2175 738 2347 811 quod

289 824 500 883 adhuc·
557 831 654 882 est
717 821 1128 897 suspiciosum
1155 868 1170 893 ,
1238 818 1356 881 nisi
1416 820 1807 895 perspicuum
1878 836 1983 881 res
2050 818 2191 893 ipsa
2268 821 2349 877 fe-

293 906 470 978 cerit,
520 906 683 965 hunc
740 906 1002 965 adfinem
1064 906 1281 979 eulpae
1329 902 1675 964 iudicatote.
1764 902 1862 963 19.
1926 901 2145 963 Occiso
2201 901 2358 976 Sere

289 988 516 1050 Roscio
566 986 798 1062 primus
831 988 1136 1047 Ameriam
1189 984 1425 1047 nuntiat
1476 987 1718 1046 Mallius
1773 985 2023 1045 Glaucia
2078 983 2349 1059 quidam,

290 1072 471 1131 homo
515 1070 744 1141 tenuis,
799 1070 1144 1143 libertinus,
1198 1071 1388 1130 cliens
1436 1078 1499 1129 et
1552 1066 1858 1128 familiaris
1899 1066 2076 1127 istius
2118 1066 2182 1125 T.
2228 1068 2349 1127 Ro-

289 1153 432 1227 scii,
478 1162 538 1213 et
579 1153 812 1212 nuntiat
858 1153 1103 1213 domum
1145 1168 1270 1211 non
1316 1151 1451 1222 filii,
1498 1153 1609 1212 sed
1637 1152 1701 1209 T.
1736 1150 2047 1225 Capitonis
2086 1148 2349 1209 inimici:

290 1246 352 1297 et
391 1253 576 1311 quum
616 1244 762 1311 post
807 1236 1017 1295 horam
1068 1235 1325 1309 primam
1362 1233 1561 1294 noctis
1608 1232 1855 1293 occisus
1904 1240 2099 1305 esset,
2147 1232 2347 1307 primo

287 1320 555 1380 diluculo
599 1318 840 1379 nuntius
901 1318 1000 1377 hic
1043 1317 1347 1376 Ameriam
1392 1315 1585 1375 venit:
1644 1317 1856 1375 decem
1894 1315 2063 1375 horis
2103 1323 2349 1375 noetur-

291 1401 387 1460 nis
437 1418 552 1461 sex
610 1410 671 1461 et
723 1401 1158 1475 quinquaginta
1209 1398 1374 1457 milia
1423 1412 1715 1472 passuum
1766 1396 1935 1457 cisiis
1984 1396 2354 1471 pervolavit,

291 1501 414 1544 non
459 1484 642 1543 modo
686 1491 752 1542 ut
793 1491 1146 1556 exoptatum
1183 1480 1433 1540 inimico
1472 1479 1752 1541 nuntium
1799 1478 2031 1554 primus
2060 1480 2349 1549 adrem-et,

293 1566 408 1626 sed
461 1566 640 1626 etiam
683 1582 962 1625 eruorem
1015 1562 1243 1624 inimici
1288 1579 1470 1637 quam
1509 1560 1994 1624 recentissimum
2036 1563 2348 1635 telumque

295 1650 496 1724 paullo
525 1656 665 1709 ante
699 1664 734 1707 e
763 1663 1024 1723 corpore
1051 1653 1387 1725 extractum
1416 1646 1783 1706 ostenderet.
1839 1644 1941 1705 20.
1976 1642 2348 1717 Quadi-idun,

293 1748 416 1805 quo
444 1732 596 1791 haec
625 1739 800 1807 gesta
821 1739 990 1803 sunt,
1019 1746 1121 1790 res
1143 1730 1223 1789 ad
1248 1728 1712 1806 Chrysogonum
1740 1727 1799 1786 in
1828 1736 2028 1786 castra
2048 1727 2113 1785 L.
2142 1726 2348 1786 Sullae

289 1816 642 1874 Volaterras
671 1815 968 1875 defertur:
1009 1812 1363 1887 magnitudo
1388 1810 1689 1887 pecuniae
1718 1810 2195 1869 demonstratura
2242 1811 2348 1869 bo-

291 1895 448 1955 nitas
478 1896 864 1969 praediorum
891 1930 979 1941 -
1009 1913 1148 1955 nam
1177 1896 1403 1955 fundos
1434 1894 1647 1954 decem
1678 1900 1741 1952 et
1771 1900 1897 1953 tres
1930 1892 2203 1966 reliquit,
2248 1891 2348 1967 qui

295 1977 551 2036 Tiberim
605 1978 731 2036 fere
784 1994 995 2038 omnes
1043 1986 1293 2053 tangunt
1330 2010 1446 2048 —-‚
1490 1976 1673 2037 huius
1724 1974 1933 2049 inopia
1974 1983 2035 2035 et
2076 1974 2346 2050 solitudo

294 2066 826 2119 commemoratur:
883 2062 1329 2131 demonstrant,
1362 2074 1547 2131 quum
1570 2066 1745 2132 pater
1769 2058 2026 2118 huiusce
2050 2057 2195 2118 Sex.
2226 2059 2347 2118 Ro-

293 2141 464 2201 scius
509 2141 693 2202 homo
735 2151 858 2200 tam
899 2140 1263 2215 splendidus
1306 2149 1367 2200 et
1412 2140 1721 2213 gratiosus
1756 2142 1927 2201 nullo
1964 2140 2225 2215 negotioe
2278 2141 2349 2200 sit

294 2223 540 2284 occisus
563 2270 578 2296 ‚
623 2223 916 2297 perfacile
955 2224 1115 2282 hunc
1156 2221 1463 2282 hominem
1502 2222 1809 2283 incautum
1855 2231 1916 2283 et
1950 2222 2250 2283 rusticum
2298 2231 2349 2281 et

292 2310 524 2368 Romae
561 2308 833 2380 ignotum
881 2306 960 2364 de
999 2305 1201 2365 medio
1233 2305 1359 2365 tolli
1389 2320 1613 2379 posse:
1654 2306 1735 2365 ad
1766 2322 1901 2366 eam
1934 2322 2061 2365 rem
2094 2322 2349 2379 operam

295 2406 470 2449 suam
511 2388 892 2463 pollicentur.
949 2388 1037 2447 Ne
1067 2386 1297 2453 diutius
1323 2395 1593 2459 teneam,
1620 2386 1887 2461 iudices,
1922 2388 2193 2449 societas
2222 2388 2349 2449 eoi·

291 2480 406 2533 tur.
487 2472 648 2529 VIII.
683 2470 784 2531 21.
843 2470 1036 2543 Quum
1067 2469 1186 2529 iam
1215 2469 1685 2545 proscripti-onis
1714 2473 1939 2531 mentio
1962 2472 2129 2531 nulla
2156 2471 2350 2541 fieret,

295 2570 482 2628 quum
522 2554 702 2613 etiam
746 2552 851 2628 qui
895 2561 1074 2613 antea
1115 2561 1453 2613 metuerant
1478 2552 1746 2613 redirent
1774 2570 1847 2613 ae
1875 2552 1993 2613 iam
2024 2554 2349 2615 defunctos

293 2652 436 2696 sese
464 2634 754 2709 periculis
783 2635 1245 2707 arbitrarentur,
1273 2650 1495 2695 nomen
1523 2636 1783 2695 refertur
1808 2635 1869 2695 in
1901 2636 2137 2697 tabulas
2176 2636 2351 2697 Sexti

290 2718 534 2791 Roscii,
569 2717 834 2779 hominis
869 2716 1307 2778 studiosissimi
1338 2716 1696 2778 nobilitatis:
1738 2734 2032 2793 manceps
2062 2719 2129 2778 fit
2158 2719 2349 2795 Chry-

294 2817 602 2875 sogonus:
651 2799 764 2860 tria
799 2800 1050 2874 praedia
1079 2800 1176 2859 vel
1209 2798 1591 2860 nobilissima
1616 2800 1890 2875 Capitoni
1932 2801 2185 2875 propria
2232 2810 2347 2862 tra-

293 2884 544 2956 duntur,
577 2899 738 2957 quae
763 2882 948 2943 hodie
971 2880 1284 2957 possidet:
1314 2881 1375 2942 in
1404 2881 1673 2956 reliquas
1697 2900 1911 2944 omnes
1934 2885 2210 2944 fortunas
2233 2883 2349 2944 iste

290 2966 356 3023 T.
401 2963 666 3026 Roscius
709 2966 954 3025 nomin-e
995 2964 1411 3041 Chrysogoni,
1460 2966 1969 3039 quemadmodum
2010 2965 2151 3040 ipse
2182 2965 2347 3036 dicit,

289 3046 584 3122 impetum
611 3047 774 3107 facit.
838 3048 1006 3107 Haec
1033 3048 1204 3107 bona
1223 3057 1504 3107 emuntur
1532 3048 1775 3109 duobus
1803 3048 2047 3107 milibus
2075 3064 2348 3109 numum.

287 3131 455 3191 Haec
500 3130 732 3203 omnia,
773 3130 1038 3202 iudice3‚
1085 3129 1471 3204 imprudente
1504 3130 1571 3187 L.
1606 3128 1776 3189 Sulla
1807 3132 1969 3191 facta
2004 3147 2151 3191 esse
2178 3139 2346 3191 certo

290 3214 442 3273 scio.
531 3210 633 3273 22.
674 3213 888 3288 Neque
931 3215 1092 3275 enim
1118 3212 1365 3286 mirum,
1414 3228 1599 3287 quum
1630 3214 1848 3273 eodem
1876 3220 2151 3288 tempore
2180 3222 2247 3275 et
2274 3229 2348 3272 ea

294 3312 453 3367 quae
496 3294 820 3370 praeterita
854 3306 994 3358 sunt
1033 3304 1094 3357 et
1127 3312 1203 3356 ea
1235 3311 1396 3370 quae
1424 3294 1704 3355 videntur
1734 3295 1965 3357 instare
2000 3307 2341 3372 praeparet,

293 3394 480 3451 quum
519 3384 580 3438 et
617 3377 790 3454 pacis
836 3379 1300 3441 constituendae
1340 3376 1635 3439 rationem
1678 3386 1738 3439 et
1774 3378 1919 3439 belli
1952 3380 2207 3453 gerendi
2236 3396 2343 3455 po-
