2459 3817
720 158 884 216 CAP.
915 167 1174 217 50—52.
1219 163 1273 223 s.
1307 166 1632 219 145—151.
2116 156 2196 219 41

145 308 374 368 liceret.
442 308 611 367 Nunc
641 308 723 367 ita
751 305 1122 379 defenditur,
1175 324 1301 367 non
1329 324 1479 368 sane
1505 319 1571 368 ut
1614 310 1869 370 moleste
1901 310 2057 371 ferre
2092 313 2195 372 ad-

141 390 404 451 versarii
439 390 731 461 debeant,
763 401 962 463 neque
985 398 1052 449 ut
1077 404 1148 449 se
1177 391 1447 463 potentia
1476 391 1752 466 superari
1784 400 2011 467 putent.
2055 392 2195 455 149.

142 474 313 546 Quae
355 471 521 532 domi
563 473 832 547 gerenda
875 481 1045 544 sunt,
1098 488 1174 532 ea
1218 488 1331 546 per
1385 473 1705 533 Caeciliam
1754 473 2194 560 transiguntur.

137 555 260 617 fori
289 554 622 629 iudiciique
649 558 948 617 rationem
969 558 1054 616 Μ
1085 555 1383 623 Messala,
1411 557 1480 611 ut
1509 542 2207 619 videt1s,iudiceS,sus-

142 638 339 712 cepit:
417 638 520 713 qui
553 638 608 699 si
634 638 752 699 iam
784 640 935 699 satis
965 639 1179 698 aetatis
1216 652 1291 695 ae
1320 632 1563 694 roboris
1593 632 1878 703 haberet,
1916 633 2053 709 ipsc
2080 655 2197 714 pre

139 719 286 776 Sex.
321 714 546 775 Roscio
579 714 836 774 diceret.
865 714 1153 791 quoniam
1181 716 1261 774 ad
1286 716 1608 776 dicendum
1636 714 2067 792 impedimento
2098 728 2185 779 es·

135 806 313 859 aetas
356 806 415 857 et
458 798 680 875 pudor,
710 795 813 871 qui
868 806 1042 858 ornat
1091 805 1380 869 aetatem,
1432 815 1681 859 causam
1728 800 1870 860 mihi
1918 801 2191 873 tradidit,

139 896 325 957 quem
355 894 471 940 sua
499 895 688 940 causa
722 894 948 955 cupere
976 895 1051 939 ac
1080 880 1307 941 debere
1329 879 1728 956 intelligebat,
1759 882 1895 958 ipse
1922 883 2192 943 adsidui-

135 971 292 1038 tate,
323 961 614 1035 consilio,
645 970 845 1023 auctm
857 962 1028 1035 itate,
1067 960 1376 1038 diligentia
1404 963 1689 1038 perfecit,
1720 972 1786 1024 ut
1808 964 1950 1024 Sex.
1981 964 2189 1026 Roscii

133 1046 264 1105 vita
292 1052 502 1119 erepta
527 1045 606 1104 de
639 1044 918 1105 manibus
961 1052 1266 1105 sectorum
1296 1044 1611 1106 sententiis
1646 1045 1913 1107 iudicum
1947 1046 2189 1121 permit·

137 1136 383 1190 teretur.
448 1125 737 1188 Nimirum
754 1173 768 1200 ,
803 1126 1038 1188 iudices
1055 1174 1070 1201 ,
1115 1144 1226 1202 pro
1259 1128 1373 1187 hac
1401 1127 1711 1190 nobilitate
1740 1145 1885 1203 pars
1931 1130 2187 1192 maxima

139 1208 408 1271 civitatis
435 1207 496 1269 in
527 1209 710 1279 armis
741 1209 881 1270 suita
922 1210 1078 1270 haec
1107 1218 1244 1270 acta
1269 1227 1372 1269 res
1401 1220 1524 1284 est,
1565 1219 1632 1272 ut
1663 1210 1706 1271 ii
1735 1211 1973 1273 nobiles
2014 1211 2185 1272 resti-

132 1300 452 1354 tuerentur
478 1291 538 1351 in
569 1291 901 1364 civitatem,
938 1293 1041 1367 qui
1067 1292 1186 1352 hoe
1231 1293 1530 1365 facerent,
1577 1296 1744 1367 quod
1788 1296 1988 1354 facere
2027 1293 2188 1353 Mes-

131 1375 333 1436 salam
373 1373 620 1449 videtis,
674 1374 778 1450 qui
808 1382 993 1449 caput
1033 1373 1378 1435 innocentis
1422 1375 1849 1450 defenderent,
1893 1374 1994 1450 qui
2035 1375 2188 1436 iniu-

127 1458 263 1518 riae
289 1456 660 1531 resisterent,
697 1457 803 1533 qui
827 1465 1116 1533 quantum
1139 1465 1398 1532 possent
1425 1456 1485 1517 in
1516 1460 1710 1519 salute
1734 1458 1983 1519 alterius
2006 1475 2187 1533 quam

129 1541 191 1603 in
233 1540 418 1600 exitio
453 1541 699 1601 mallent
729 1541 1084 1601 ostendere=
1123 1541 1291 1615 quod
1318 1539 1373 1599 si
1402 1554 1633 1614 omnes,
1668 1540 1773 1616 qui
1800 1541 2019 1602 eodem
2048 1542 2186 1602 loeo

129 1622 255 1682 nati
289 1630 459 1697 sunt,
488 1624 784 1696 facerent,
819 1631 880 1684 et
904 1640 1006 1684 res
1037 1623 1281 1698 publica
1306 1640 1385 1683 ex
1414 1623 1533 1685 illis
1579 1632 1640 1684 et
1679 1623 1801 1698 ipsi
1840 1640 1916 1685 ex
1959 1623 2187 1683 invidia

131 1706 336 1765 minus
366 1705 728 1765 laborarent.

303 1788 426 1845 Lll,
470 1785 611 1847 150.
656 1789 882 1848 Verum
915 1787 969 1848 si
997 1804 1034 1848 a
1063 1786 1497 1864 Chrysogono,
1540 1786 1809 1860 iudiceS,
1844 1803 1967 1846 non
1996 1785 2181 1859 impe-

127 1879 380 1939 tramuS‚
421 1878 484 1929 ut
527 1870 784 1944 pecunia
819 1877 1028 1930 nostra
1060 1876 1381 1929 contentus
1411 1868 1517 1941 sit,
1561 1867 1745 1929 vitam
1775 1884 1851 1926 ne
1892 1875 2081 1942 petat:
2128 1867 2183 1927 si

121 1953 228 2013 ille
259 1950 485 2011 adduci
515 1968 638 2011 non
665 1958 885 2025 potest,
922 1959 1004 2023 ut,
1037 1966 1222 2023 quum
1246 1949 1539 2010 ademerit
1566 1948 1743 2011 nobis
1768 1948 1997 2021 omnia,
2026 1966 2183 2023 quae

122 2044 340 2096 nostra
370 2042 546 2092 erant
573 2031 854 2106 propria,
879 2046 957 2091 ne
984 2032 1180 2092 lucem
1213 2049 1460 2107 quoque
1494 2032 1677 2104 hanc,
1728 2048 1885 2107 quae
1916 2048 2181 2093 eommu-

119 2118 220 2177 nis
265 2124 390 2186 est,
442 2112 681 2188 eripere
721 2112 944 2188 capiate
1002 2114 1055 2175 si
1098 2131 1218 2175 non
1253 2114 1401 2176 satis
1433 2114 1614 2174 habet
1652 2113 1963 2175 avaritiam
2007 2132 2181 2192 suam

115 2195 394 2275 pecunia
438 2197 715 2271 explere,
768 2196 884 2257 nisi
942 2197 1121 2257 etiam
1177 2196 1513 2258 crudelitati
1567 2196 1817 2272 sanguis
1868 2197 2179 2271 praebitus

119 2280 238 2354 sit,
271 2296 460 2340 unum
487 2278 850 2355 perfugium,
885 2279 1151 2352 iudices,
1178 2296 1301 2339 una
1327 2295 1473 2355 spes
1500 2278 1737 2353 reliqua
1766 2288 1861 2339 est
1884 2278 2025 2340 Sex.
2056 2281 2178 2339 Ro·

121 2361 292 2434 scio,
325 2362 539 2423 eadem
573 2378 732 2437 quae
758 2361 848 2421 rei
875 2362 1174 2437 publicae,
1207 2372 1409 2423 vestra
1434 2361 1689 2436 pristina
1717 2360 1961 2422 bonitas
1984 2368 2044 2420 et
2070 2360 2173 2419 mi-

119 2444 494 2519 sericordia,
525 2461 683 2519 quae
713 2443 767 2505 si
800 2452 1018 2518 manet,
1054 2444 1208 2505 salvi
1244 2444 1422 2505 etiam
1452 2460 1615 2505 nunc
1644 2460 1787 2505 esse
1817 2458 2177 2518 possumus=

119 2526 223 2589 sin
261 2543 335 2587 ea
373 2526 734 2600 crudelitaS,
775 2542 934 2602 quae
974 2528 1090 2588 hoc
1131 2536 1405 2603 tempore
1445 2526 1503 2586 in
1544 2544 1612 2587 re
1652 2525 1897 2602 publica
1938 2533 2177 2585 versata

119 2618 253 2684 est,
298 2617 536 2670 vestros
571 2625 820 2685 quoque
861 2608 1097 2671 animos
1123 2643 1210 2657 -
1241 2609 1306 2670 id
1347 2610 1511 2685 quod
1558 2608 1690 2669 fieri
1729 2610 2005 2684 profecto
2053 2626 2173 2669 non

119 2691 720 2768 potest—duriores
744 2695 1212 2767 acerbioresque
1237 2690 1515 2763 reddidit,
1548 2700 1745 2752 aetum
1770 2699 1878 2763 est,
1909 2690 2175 2751 iudices=

120 2775 286 2836 inter
321 2776 482 2835 feras
506 2776 698 2835 satius
728 2783 824 2836 est
852 2783 1106 2836 aetatem
1141 2776 1365 2851 degere
1396 2791 1579 2849 quam
1619 2772 1676 2834 in
1714 2773 1828 2833 hac
1860 2783 2022 2834 tanta
2063 2772 2172 2832 im-

121 2855 414 2918 manitate
439 2858 693 2919 versari.
768 2855 907 2919 151.
947 2858 1046 2917 Ad
1075 2873 1289 2917 eamne
1330 2873 1456 2917 rem
1497 2872 1613 2917 vos
1652 2855 1949 2917 reservati
1983 2854 2176 2916 estis?

121 2940 204 3001 ad
241 2956 458 3000 eamne
483 2956 612 3001 rem
647 2939 885 3013 delecti,
917 2948 983 3000 ut
1015 2957 1124 3000 eos
1155 2939 1671 3013 condemnaretis,
1705 2954 1863 3015 quos
1896 2945 2171 2999 sectores

123 3039 195 3083 ae
223 3022 430 3082 sicarii
461 3022 734 3097 iugulare
763 3039 883 3083 non
913 3023 1301 3098 potuissent?
1343 3022 1553 3083 Solent
1590 3022 1709 3083 hoc
1737 3022 1883 3083 boni
1916 3020 2169 3096 impera-

123 3112 293 3165 tores
330 3105 550 3176 racere,
584 3122 769 3180 quum
797 3104 1092 3180 proelium
1123 3104 1527 3178 committunt,
1570 3104 1721 3165 utin
1754 3120 1828 3165 eo
1858 3106 2016 3177 1000,
2048 3118 2171 3177 quo

122 3187 330 3262 fugam
365 3186 628 3247 hostium
669 3188 800 3249 fore
841 3186 1228 3262 arbitrentur,
1268 3186 1487 3248 milites
1519 3188 1846 3258 collocent,
1890 3185 1949 3244 in
1993 3198 2169 3259 quos,

123 3268 173 3329 si
205 3268 315 3345 qui
347 3284 425 3328 ex
456 3268 588 3329 acie
617 3270 910 3344 fugerint,
941 3269 1063 3329 de
1045 3269 1381 3346 improviso
1411 3268 1697 3331 incidant.
1768 3232 2061 3327 Nimirum
2090 3262 2167 3323 si-

124 3352 339 3414 militer
369 3350 732 3413 arbitrantur
764 3351 864 3413 isti
897 3353 1196 3414 bonorum
1224 3360 1532 3427 emptores
1576 3368 1693 3413 vos
1721 3350 1851 3425 hie,
1893 3348 2043 3407 tales
2072 3342 2161 3404 vi-
