2459 3817
189 109 315 173 214
694 110 771 168 IN
815 109 880 168 L.
928 106 1350 167 CATILINAM
1395 104 1680 167 ORATIO
1725 107 1770 165 Ι.

198 290 345 337 esse
371 282 591 346 tecum,
626 273 733 348 qui
753 288 975 347 magno
1002 270 1061 329 in
1086 271 1364 346 periculo
1392 287 1626 343 essem,
1659 270 1826 344 quod
1847 268 2066 331 iisdem
2083 287 2250 333 moe·

196 360 377 419 nibus
410 357 893 426 contineremur,
935 354 1017 413 ad
1053 355 1121 428 Q.
1162 356 1472 414 Metellum
1517 361 1866 431 praetorem
1908 353 2166 415 venisti:
2211 371 2252 413 a

196 457 323 517 quo
352 439 711 513 repudiatus
742 439 821 498 ad
851 438 1129 499 sodalem
1164 444 1368 508 tuum,
1407 437 1608 498 virum
1638 436 1958 512 optimum,
1987 438 2067 497 M.
2091 439 2248 498 Mar-

196 526 417 583 cellum
446 521 829 596 demigrasti:
863 536 1043 594 quem
1082 528 1146 579 tu
1172 520 1461 581 videlicet
1491 530 1552 581 et
1583 520 1662 580 ad
1693 521 2168 582 custodiendum
2188 527 2253 580 te

196 604 721 679 diligentissimum
748 611 809 664 et
838 605 919 663 ad
948 603 1390 678 suspicandum
1419 602 1887 679 sagacissimum
1922 612 1988 664 et
2013 605 2094 663 ad
2117 602 2245 665 vin-

194 688 520 747 dicandum
552 687 951 748 fortissimum
980 688 1115 748 sore
1143 687 1396 761 putasti.
1443 686 1568 748 Sed
1593 703 1774 763 quam
1798 690 1986 762 longe
2007 686 2252 747 videtur

194 788 231 829 a
263 785 513 830 carcere
546 777 732 845 atque
770 787 806 830 a
834 769 1097 829 vinculis
1132 770 1360 831 abesse
1389 771 1648 841 debere,
1702 769 1808 845 qui
1849 786 1921 829 se
1962 770 2100 845 ipse
2130 763 2248 831 iam

194 852 441 927 dignum
472 852 757 915 custodia
776 852 1096 914 iudicarit?
1140 852 1242 912 20.
1279 854 1448 927 Quae
1471 870 1659 927 quum
1689 851 1776 913 ita
1798 851 1939 925 sint,
1977 851 2247 921 Catilina,

195 936 467 1008 dubitaS,
514 938 569 997 si
602 937 795 999 emori
822 952 1023 1011 aequo
1055 934 1260 997 animo
1296 953 1420 997 non
1452 944 1662 1011 poteS,
1709 934 1880 995 abire
1918 934 1980 995 in
2009 936 2248 1015 aliquas

194 1027 389 1080 terras
445 1027 506 1081 et
555 1020 739 1081 vitam
795 1020 1003 1088 istam,
1054 1022 1260 1080 multis
1317 1019 1636 1095 suppliciis
1675 1017 1852 1079 iustis
1903 1018 2250 1092 debitisque

196 1110 499 1178 ereptam,
544 1104 731 1199 fugae
750 1101 1197 1201 solitudinique
1225 1104 1559 1163 mandare?

358 1186 566 1258 Refer,
598 1186 831 1261 inquis,
865 1186 945 1247 ad
974 1192 1286 1247 senatum:
1329 1186 1394 1246 id
1425 1185 1583 1247 enim
1615 1186 1898 1260 postulas
1930 1191 2018 1255 et,
2060 1183 2113 1251 si
2151 1173 2248 1243 hic

196 1270 350 1328 ordo
388 1268 506 1329 sibi
534 1271 782 1344 placere
808 1268 1153 1329 decreverit
1186 1277 1252 1329 te
1280 1267 1371 1329 ire
1398 1268 1460 1328 in
1495 1267 1760 1339 exilium,
1795 1270 2249 1341 obtemperatu-
2249 1272 2260 1291 ‘

196 1368 328 1410 rum
351 1358 414 1409 te
438 1368 583 1411 esse
605 1352 780 1412 dicis.
835 1353 968 1411 Non
988 1352 1270 1421 referam,
1302 1351 1365 1411 id
1389 1352 1558 1424 quod
1580 1351 1870 1413 abhorret
1887 1367 1924 1408 a
1947 1348 2098 1409 meis
2121 1365 2246 1409 mo-

88 1479 95 1483 .
194 1434 396 1502 ribus,
437 1439 499 1491 et
530 1440 735 1494 tamen
778 1433 996 1493 faciam
1032 1439 1101 1492 ut
1143 1433 1449 1509 intelligas
1487 1433 1635 1508 quid
1666 1434 1728 1494 hi
1757 1436 1837 1495 de
1869 1440 1930 1493 te
1963 1432 2249 1505 sentiant.

194 1515 508 1593 Egredere
531 1530 609 1578 ex
631 1517 805 1599 urbe,
832 1515 1103 1590 Catilina,
1124 1515 1454 1580 liberarem
1479 1517 1782 1595 publicam
1799 1523 1980 1589 metu,
2005 1514 2069 1577 in
2091 1515 2250 1577 exsi-

196 1602 361 1675 lium,
396 1600 451 1662 si
472 1601 629 1663 hanc
655 1618 869 1664 vocem
900 1610 1249 1678 exspectas,
1284 1603 1703 1677 proficiscere.
1771 1602 1924 1675 Quid
1950 1608 2062 1699 est,
2095 1602 2250 1662 Cati-

196 1685 357 1747 lina?
391 1686 611 1760 ecquid
634 1686 939 1748 attendis?
970 1686 1192 1761 ecquid
1209 1685 1646 1749 animadvertis
1663 1686 1880 1747 horum
1902 1672 2251 1745 silentium⁹

195 1768 532 1841 Patiuntur,
568 1777 788 1832 tacent.
848 1769 1001 1842 Quid
1033 1777 1364 1845 exspectas
1395 1770 1816 1831 auctoritatem
1851 1766 2250 1843 loquentium,

199 1870 459 1925 quorum
483 1854 862 1915 voluntatem
884 1853 1206 1915 tacitorum
1230 1853 1575 1929 perspicis?
1635 1852 1735 1913 21.
1764 1851 1922 1913 Atsi
1948 1851 2067 1911 hoc
2087 1850 2249 1911 idem

199 1934 341 1994 huic
372 1936 755 1997 adolescenti
786 1936 1018 2012 optimo
1045 1938 1112 1997 P.
1138 1937 1364 2011 Sestio,
1393 1938 1448 1998 si
1477 1935 1808 1997 fortissimo
1833 1933 1967 1995 viro
1991 1934 2070 1997 Μ.
2093 1935 2250 1995 Mar·

199 2020 355 2077 cello
399 2016 720 2091 dixissem,
768 2019 885 2079 iam
931 2019 1075 2081 mihi
1119 2019 1358 2081 consuli
1402 2022 1524 2081 hoc
1558 2019 1695 2094 ipso
1745 2018 1804 2078 in
1848 2019 2071 2093 templo
2116 2016 2249 2076 iure

200 2098 428 2174 optimo
459 2110 713 2161 senatus
738 2100 859 2161 vim
898 2109 959 2161 et
981 2119 1197 2163 manus
1221 2103 1547 2165 intulisset.
1623 2104 1799 2163 Dete
1819 2108 2020 2162 autem
2037 2146 2054 2172 ,
2097 2100 2243 2161 Cati-

198 2182 338 2255 lina,
374 2200 559 2258 quum
594 2184 947 2257 quiescunt,
979 2186 1272 2260 probant:
1312 2204 1500 2259 quum
1521 2186 1846 2262 patiuntur,
1879 2186 2247 2244 decernunt:

200 2284 384 2340 quum
409 2274 631 2337 tacent,
664 2270 954 2329 clamant:
988 2283 1193 2343 neque
1219 2269 1283 2327 hi
1307 2272 1526 2342 solum,
1561 2274 1820 2343 quorum
1851 2266 1960 2329 tibi
1985 2266 2249 2328 auctori-

198 2356 293 2408 tas
329 2357 426 2410 est
455 2350 744 2410 videlicet
780 2366 957 2429 cara,
999 2349 1128 2411 vita
1159 2351 1485 2425 vilissima,
1529 2353 1642 2413 sed
1673 2351 1852 2411 etiam
1891 2350 1977 2411 illi
2007 2350 2248 2425 equites

196 2432 487 2502 Romani,
517 2432 935 2493 honestissimi
964 2441 1149 2508 atque
1180 2434 1390 2509 optimi
1411 2433 1554 2508 viri,
1593 2434 1904 2510 ceterique
1935 2432 2248 2495 fortissimi

201 2514 401 2587 cives,
438 2514 542 2588 qui
574 2521 738 2576 stant
770 2515 996 2577 circum
1026 2524 1336 2589 senatum,
1369 2534 1628 2593 quorum
1658 2511 1725 2579 tu
1757 2525 1817 2577 et
1846 2517 2248 2592 frequentiam

202 2595 411 2674 videre
439 2603 500 2656 et
522 2597 724 2659 studia
741 2599 1098 2673 perspicere
1124 2607 1186 2661 et
1210 2616 1399 2661 voces
1421 2604 1629 2677 paullo
1653 2607 1796 2661 ante
1824 2601 2116 2661 exaudire
2139 2614 2249 2675 po-

198 2678 387 2740 tuisti.
462 2680 729 2753 Quorum
768 2697 883 2757 ego
916 2680 1019 2741 vix
1048 2683 1159 2743 abs
1188 2691 1252 2744 te
1281 2682 1397 2745 iam
1429 2683 1534 2757 diu
1566 2701 1783 2745 manus
1812 2700 1886 2744 ac
1917 2680 2036 2745 tela
2063 2682 2250 2743 conti-

204 2776 353 2832 ne0,
401 2764 655 2823 eosdem
686 2765 863 2825 facile
892 2766 1193 2827 adducam
1212 2813 1227 2839 ,
1271 2775 1340 2827 ut
1368 2774 1428 2827 te
1456 2768 1636 2841 haec,
1674 2782 1834 2841 quae
1865 2766 1981 2829 iam
2011 2766 2248 2842 pridem

199 2850 451 2904 vastare
476 2847 713 2920 studes,
742 2847 1187 2923 relinquentem
1209 2867 1413 2925 usque
1435 2852 1514 2912 ad
1537 2857 1750 2926 portas
1774 2855 2232 2925 prosequantur

364 2926 466 2987 IX.
498 2926 598 2987 22.
633 2930 1009 3006 Quamquam
1034 2931 1179 3008 quid
1202 2935 1462 3009 loquor?
1497 2934 1582 2993 Te
1604 2940 1672 2993 ut
1696 2935 1822 2994 ulla
1843 2949 1946 2993 res
1971 2934 2240 3003 frangam

200 3020 267 3070 tu
297 3016 363 3071 ut
390 3028 677 3087 umquam
714 3022 778 3074 te
808 3013 1123 3091 corrigas?
1158 3023 1225 3076 tu
1254 3024 1322 3075 ut
1349 3019 1532 3078 ullam
1569 3018 1772 3091 fugam
1803 3014 2136 3076 meditere?
2179 3019 2246 3075 tu

199 3100 269 3153 ut
310 3093 587 3155 exsilium
637 3095 911 3172 cogites?
962 3098 1201 3159 Utinam
1239 3098 1346 3160 tibi
1381 3098 1558 3160 istam
1599 3106 1860 3159 mentem
1908 3098 1970 3161 di
2009 3096 2247 3159 immor-

202 3179 355 3238 tales
397 3177 598 3239 duint!
645 3178 762 3241 etsi
801 3180 1017 3254 vide0,
1062 3182 1114 3242 si
1148 3198 1288 3241 mea
1318 3198 1480 3243 voce
1516 3182 1879 3257 perterritus
1910 3182 2000 3242 ire
2041 3180 2101 3241 in
2146 3196 2248 3239 ex-

202 3259 401 3321 silium
430 3260 692 3323 animum
734 3262 1081 3334 induxeriS,
1125 3271 1354 3337 quanta
1381 3272 1716 3338 tempestas
1748 3264 2016 3325 invidiae
2047 3261 2244 3332 nobiS,

203 3340 259 3399 si
298 3342 500 3405 minus
546 3343 605 3405 in
648 3361 947 3420 praesens
997 3356 1236 3421 tempus
1329 3348 1560 3406 recenti
1606 3347 1902 3407 memoria
1945 3348 2248 3407 scelerum
