2459 3817
0 0 2459 55 ἡ

562 215 727 274 CAP.
770 223 966 276 2—5.
1006 219 1059 280 S.
1104 222 1335 275 5-11,
1867 212 1987 280 123

2 361 83 423 im
114 379 301 439 quum
330 361 477 424 nihil
499 371 621 424 tam
650 365 1035 425 coniunctum
1066 363 1143 424 sit
1185 379 1368 438 quam
1408 362 1822 436 negotiatores
1877 383 1986 426 no-

0 446 31 506 ·i
66 462 201 506 cum
226 445 447 506 Siculis
478 461 616 521 usu,
646 463 731 520 re,
770 446 1026 518 ratione,
1059 445 1408 518 concordia,
1440 453 1502 506 et
1531 462 1718 520 quum
1746 445 1867 520 ipsi
1891 447 1985 508 Si-

3 529 43 588 li
72 545 174 589 res
215 545 364 589 suas
406 529 487 588 ita
527 530 887 591 constitutas
918 529 1209 603 habeant,
1251 538 1317 590 ut
1341 527 1419 588 iis
1449 545 1666 603 pacem
1695 529 1986 604 expediat

0 629 95 685 se,
134 611 453 686 imperium
486 621 686 674 autem
725 612 937 688 populi
964 613 1220 673 Romani
1251 611 1342 672 sic
1371 611 1652 686 diligant,
1684 619 1752 672 ut
1784 612 1848 672 id
1875 611 1983 694 im-

0 695 106 754 nui
137 703 240 755 aut
262 695 617 756 commutari
647 695 891 755 minime
915 693 1133 768 velint,
1176 711 1489 770 quumque
1516 695 1670 754 haec
1699 711 1738 754 a
1771 711 1981 755 servo·

0 794 49 836 m
82 778 241 838 bello
272 777 547 853 pericula
575 784 636 839 et
660 786 1011 854 praetorum
1038 775 1330 839 institutis
1355 786 1419 837 et
1446 777 1831 837 dominorum
1891 778 1983 840 di·

0 855 153 935 plina
171 860 420 936 provisa
450 861 600 934 sint,
641 863 869 921 nullum
898 869 995 921 est
1020 862 1244 920 malum
1273 859 1675 921 domesticum
1705 861 1873 934 quod
1901 877 1982 921 ex

0 961 53 1003 {a
81 943 397 1018 provincia
429 943 602 1004 nasci
632 943 849 1018 possit.

78 1026 142 1088 9.
186 1026 341 1100 Quid
372 1025 593 1101 igitur?
633 1026 859 1086 nulline
884 1032 1085 1086 motus
1112 1023 1173 1084 in
1206 1023 1413 1085 Sicilia
1443 1040 1761 1086 servorum
1785 1027 1980 1084 Verre

0 1117 219 1180 aetore‚
250 1109 531 1168 nullaene
564 1106 1007 1169 consensiones
1042 1109 1238 1167 factae
1265 1123 1411 1167 esse
1441 1105 1766 1168 dicuntur?
1825 1106 1980 1166 Nihil

0 1207 69 1250 ne
100 1191 267 1264 quod
312 1191 393 1249 ad
441 1197 719 1251 senatum
758 1193 1177 1265 populumque
1226 1191 1568 1250 Romanum
1615 1187 1979 1264 pervenerit,

0 1273 67 1330 1il
97 1273 265 1346 quod
293 1271 410 1332 iste
437 1272 682 1347 publice
702 1274 957 1332 Romam
988 1271 1331 1345 scripserite
1375 1281 1437 1332 et
1461 1280 1662 1332 tamen
1694 1279 1978 1348 coeptum

0 1371 57 1414 se
100 1353 160 1412 in
202 1353 409 1414 Sicilia
450 1355 681 1414 moveri
718 1354 949 1428 aliquot
992 1353 1145 1414 locis
1188 1353 1502 1414 servitium
1542 1353 1843 1429 suspicor.
1908 1355 1978 1412 ld

0 1453 67 1496 eo
112 1453 235 1498 non
276 1444 397 1496 tam
438 1453 515 1496 ex
554 1453 623 1496 re
674 1453 855 1512 quam
894 1453 974 1497 ex
1011 1435 1188 1497 istius
1235 1435 1411 1497 factis
1459 1437 1845 1511 decretisque
1873 1452 1980 1496 co-

0 1535 165 1580 osco.
240 1521 335 1578 Ac
378 1518 583 1580 videte
614 1537 794 1594 quam
834 1536 958 1582 non
1004 1517 1250 1579 inimico
1290 1519 1494 1582 animo
1539 1522 1652 1580 sim
1693 1529 1973 1582 actui-usa

0 1619 25 1662 o
54 1601 194 1678 ipse
228 1602 411 1677 haec,
456 1619 615 1678 quae
643 1602 746 1662 ille
780 1603 1046 1678 quaerit,
1088 1617 1250 1676 quae
1278 1603 1477 1663 adhuc
1507 1621 1837 1678 numquam
1867 1619 1973 1662 au·

0 1684 105 1760 nis,
136 1686 623 1746 commemorabo
656 1693 717 1746 et
744 1689 1071 1761 proferam.
1147 1683 1248 1745 10.
1289 1687 1358 1745 In
1381 1684 1754 1758 Triocalino,
1791 1699 1973 1759 quem

0 1783 109 1827 =um
138 1767 373 1842 fugitivi
398 1769 517 1827 iam
544 1775 685 1828 ante
716 1776 1068 1839 tenuerunt,
1104 1766 1415 1827 Leonidae
1438 1769 1755 1828 cuiusdam
1783 1765 1972 1826 Siculi

0 1849 134 1910 uilia
161 1849 223 1909 in
252 1849 671 1924 suspicionem
698 1859 797 1912 est
822 1859 1045 1910 vocata
1078 1848 1535 1910 coniurationis,
1605 1851 1731 1910 Res
1771 1850 1971 1908 delata

15 1933 217 1993 istum.
286 1931 528 2005 Statim,
564 1942 629 1993 ut
669 1949 781 2008 par
808 1931 949 2008 fuit„
980 1933 1157 1992 iussu
1190 1931 1326 1992 eius
1355 1931 1666 2004 homines,
1701 1929 1806 2005 qui
1831 1933 1970 1991 fue·

0 2023 43 2076 ιι
67 2014 387 2088 nominati,
417 2013 845 2090 comprehensi
874 2022 1015 2076 sunt
1046 2012 1418 2089 adductique
1445 2014 1830 2092 Lilybaeumz
1861 2015 1970 2074 do·

0 2113 73 2157 no
107 2097 518 2160 denuntiatum
564 2106 689 2159 est=
731 2113 920 2160 causa
948 2097 1139 2158 dictae
1183 2098 1466 2159 damnati.
1540 2099 1618 2161 V.
1677 2096 1833 2172 Quid
1863 2099 1969 2157 de·

0 2181 95 2239 le?
138 2177 284 2256 quid
312 2182 625 2241 censetis?
685 2181 933 2242 Furtum
977 2181 1242 2241 fortasse
1281 2189 1387 2242 aut
1417 2181 1710 2256 praedam
1745 2195 1966 2255 exspe-

0 2261 85 2323 .tis
114 2261 396 2338 aliquam.
438 2261 635 2325 Nolite
663 2280 865 2338 usque
894 2277 1141 2346 quaque
1168 2264 1330 2324 idem
1351 2278 1672 2338 quaerere.
1715 2264 1780 2321 ln
1805 2271 1968 2322 metu

0 2344 49 2404 lli
78 2345 320 2406 furandi
346 2347 522 2407 locus
555 2348 658 2422 qui
680 2354 885 2422 potest
912 2351 1099 2406 esse?
1144 2345 1326 2407 etiam
1353 2347 1407 2406 si
1437 2362 1561 2420 qua
1592 2345 1704 2406 fuit
1747 2345 1808 2403 in
1851 2343 1968 2403 hac

3 2427 278 2500 occasio,
312 2428 745 2504 praetermissa
786 2435 898 2489 est.
954 2429 1102 2490 Tum
1144 2429 1342 2505 potuit
1379 2445 1418 2490 a
1443 2426 1718 2489 Leonida
1755 2443 1966 2488 numo-

0 2525 37 2569 n
82 2510 313 2584 aliquid
360 2511 601 2572 auferre
619 2557 634 2584 ,
686 2527 873 2587 quum
922 2512 1334 2586 denuntiavit,
1386 2520 1454 2573 ut
1500 2511 1768 2572 adesset.
1831 2507 1968 2569 Fuit

0 2592 259 2653 ndinatio
288 2593 494 2668 aliqua
514 2601 576 2654 et
594 2593 695 2656 isti
728 2609 851 2655 non
879 2611 1071 2668 nova,
1102 2611 1180 2655 ne
1208 2611 1460 2656 causam
1493 2593 1752 2655 diceret=
1785 2593 1962 2654 etiam

0 2692 57 2735 er
83 2677 290 2752 locuS,
316 2683 386 2737 ut
412 2674 895 2737 absolverentur.
954 2679 1268 2739 Damnatis
1297 2676 1544 2752 quidem
1576 2675 1774 2737 servis
1806 2691 1965 2750 quae

0 2757 242 2818 tedandi
263 2766 482 2834 posset
509 2774 653 2820 esse
680 2760 881 2822 ratio?
908 2758 1167 2834 produci
1193 2761 1276 2820 ad
1307 2759 1676 2836 supplicium
1704 2771 1965 2821 necesse

1 2886 17 2902 .
80 2839 297 2902 Testes
325 2841 485 2902 enim
512 2849 671 2916 sunt,
704 2841 809 2918 qui
835 2841 897 2902 in
926 2842 1183 2904 consilio
1226 2845 1500 2916 fuerunt,
1545 2850 1737 2903 testes
1766 2841 1964 2917 publi-

0 2939 14 2981 ι
45 2923 319 2998 tabulae,
360 2925 533 2985 testis
564 2924 1060 3001 splendidissima
1090 2925 1304 2987 civitas
1332 2925 1761 3003 Lilybaetana,
1787 2924 1962 2986 testis

0 3005 373 3068 aestissimus
414 3006 840 3084 maximusque
886 3015 1223 3070 conventus
1269 3007 1492 3070 civium
1527 3009 1961 3070 Romanorum.

0 3089 60 3150 =ri
88 3088 238 3150 nihil
264 3098 495 3165 potest:
547 3092 927 3166 producendi
974 3099 1133 3153 sunt.
1194 3092 1411 3167 Itaque
1445 3091 1864 3167 producuntur
1903 3097 1962 3148 et

12 3173 219 3247 palum
248 3171 607 3248 affligantur.
672 3172 773 3235 ll.
812 3173 1007 3234 Etiam
1032 3189 1195 3236 nunc
1222 3173 1369 3234 mihi
1398 3183 1761 3250 exspectare
1791 3171 1961 3232 vide-

0 3252 77 3329 ii,
118 3254 384 3328 iudiceS,
430 3255 577 3332 quid
610 3257 833 3316 deinde
875 3259 1101 3319 factum
1144 3256 1252 3331 sit,
1297 3258 1466 3332 quod
1512 3256 1628 3316 iste
1657 3255 1802 3314 nihil
1830 3270 1960 3314 um-

0 3353 85 3398 tm
124 3337 268 3399 fecit
295 3337 431 3398 sine
464 3339 669 3415 aliquo
703 3347 963 3416 quaestu
1003 3350 1187 3416 atque
1216 3341 1494 3416 praeda.-
1529 3337 1686 3411 Quid
1723 3335 1785 3396 in
1825 3335 1960 3398 eius

1 3417 67 3480 di
94 3436 163 3481 re
193 3419 327 3481 fieri
359 3421 600 3497 potuit?
643 3425 810 3498 quod
842 3425 1228 3484 commodum
1277 3431 1374 3483 est
1414 3426 1770 3495 exspectate
1814 3417 1962 3480 faci·
