2459 3817
243 81 330 147 74
687 86 760 145 m
797 88 858 145 c.
891 86 1225 175 *VERREM
1270 87 1843 145 ACT.11.L1B.1v.

251 233 458 295 iudicii
491 250 562 293 ac
592 234 742 308 legis
773 235 957 295 domo
993 232 1358 309 profugisse.
1428 234 1600 307 Quod
1630 236 1881 295 Verrem
1926 234 2164 295 artificii
2192 236 2289 297 sui

253 318 541 391 cupidum
573 326 984 389 cognoverant
1011 325 1166 387 tum,
1215 334 1399 391 quum
1430 317 1573 388 iste,
1614 315 1677 375 id
1710 318 1876 392 quod
1917 333 1995 377 ex
2030 318 2287 379 testibus

255 398 581 471 didicistis,
619 398 896 472 Cibyram
928 415 1064 458 cum
1097 398 1374 458 inanibus
1410 398 1778 474 syngraphis
1812 408 2074 470 venerat,
2105 400 2287 461 domo

255 480 554 555 fugientes
586 482 662 539 ad
695 480 830 540 eum
863 498 932 540 se
967 482 1243 553 exsuleS,
1274 498 1456 555 quum
1491 481 1605 541 iste
1640 490 1805 541 esset
1831 480 1889 539 in
1917 480 2096 550 Asia,
2147 498 2288 542 con-

255 566 532 625 tulerunt.
614 562 836 623 Habuit
875 579 984 622 eos
1045 578 1253 621 secum
1298 562 1400 623 illo
1449 571 1719 637 tempore
1762 571 1821 623 et
1864 564 1924 622 in
1970 564 2290 636 legationis

255 644 498 721 praedis
527 654 710 718 atque
741 644 914 705 furtis
945 647 1190 704 multum
1218 643 1455 704 illorum
1498 644 2093 719 operaconsilioque
2139 662 2290 705 usus

255 737 366 789 est.
421 727 522 789 31.
585 727 696 787 Hic
725 735 867 787 sunt
886 726 997 799 illi,
1030 727 1251 802 quibus
1278 727 1337 785 in
1369 727 1585 787 tabulis
1611 728 1795 787 refert
1820 744 1963 787 sese
1979 726 2046 799 Q.
2069 726 2290 787 'radius

256 811 503 871 dedisse
530 809 702 869 iussu
732 807 905 870 istius
929 808 1174 869 Graecis
1205 808 1555 883 pictoribus.
1608 809 1735 869 Eos
1762 808 1879 868 iam
1909 809 2065 868 bene
2087 809 2291 883 cogni·

257 908 352 956 tos
401 900 462 952 et
515 909 580 951 re
631 892 920 967 probatos
965 908 1171 951 secum
1221 891 1282 949 in
1315 890 1579 951 Siciliam
1626 892 1810 951 duxit.
1904 892 2034 965 Quo
2074 901 2293 967 postea

256 992 438 1051 quam
474 982 792 1046 venerunt,
817 974 1151 1034 mirandum
1183 974 1241 1031 in
1272 974 1516 1034 modum
1538 1006 1623 1018 —
1649 990 1831 1034 canes
1860 972 2171 1033 venaticos
2204 974 2291 1033 di-

257 1074 430 1117 ceres
456 1056 648 1116 —ita
689 1056 1096 1116 odorabantur
1150 1056 1351 1115 omnia
1399 1063 1458 1114 et
1506 1057 2023 1130 pervestigabant,
2076 1064 2142 1116 ut
2188 1056 2291 1116 ubi

259 1140 530 1215 quidque
579 1148 744 1199 esset
795 1137 998 1213 aliqua
1048 1137 1283 1198 ratione
1336 1138 1687 1199 invenirent.
1765 1138 1946 1199 Aliud
1988 1140 2290 1211 minand0,

257 1222 417 1281 aliud
446 1220 825 1295 pollicend0‚
881 1220 1042 1279 aliud
1075 1238 1186 1295 per
1228 1236 1473 1293 servoS,
1512 1220 1676 1280 aliud
1726 1238 1837 1295 per
1884 1222 2139 1292 liberos,
2184 1238 2291 1295 per

259 1305 517 1363 amicum
545 1304 725 1375 aliud,
758 1302 921 1363 aliud
943 1319 1054 1377 per
1082 1302 1389 1363 inimicum
1411 1302 1822 1364 inveniebantz
1854 1302 2151 1379 quidquid
2174 1302 2291 1361 illis

260 1388 568 1459 placuerat
600 1385 975 1459 perdendum
998 1394 1143 1444 erat.
1195 1385 1352 1443 Nihil
1381 1384 1545 1445 aliud
1577 1386 1867 1459 optabant
1900 1402 2154 1461 quorum
2182 1401 2289 1459 po-

259 1469 538 1529 scebatur
565 1475 878 1539 argentum
909 1466 1028 1529 nisi
1068 1475 1130 1525 ut
1174 1465 1237 1526 id
1270 1466 1518 1526 Hieroni
1548 1477 1609 1526 et
1634 1468 1979 1541 Tlepolemo
2010 1466 2290 1542 displice·

257 1557 366 1609 ret.
427 1548 584 1609 XIV.
639 1548 740 1610 32.
798 1549 1023 1609 Verum
1053 1548 1395 1608 mehercule
1422 1549 1571 1623 hoc,
1608 1547 1872 1623 iudices,
1912 1551 2124 1610 dicam.
2166 1549 2290 1609 Me-

257 1630 401 1693 mini
429 1631 797 1704 Pamphilum
829 1631 1316 1709 Lilybaetanum‚
1356 1633 1614 1691 amicum
1644 1640 1703 1691 et
1742 1632 2043 1706 hospitem
2075 1648 2291 1703 meum,

259 1713 521 1777 nobilem
549 1714 878 1787 hominem,
906 1712 1050 1773 mihi
1085 1730 1349 1786 narrare,
1382 1730 1563 1789 quum
1594 1712 1710 1774 iste
1744 1716 1818 1773 ab
1850 1732 1989 1773 sese
2018 1714 2288 1791 hydriam

255 1798 470 1859 Boethi
501 1814 680 1857 manu
712 1798 947 1871 factam,
971 1798 1283 1872 praeclaro
1317 1814 1504 1872 opere
1536 1805 1595 1856 et
1624 1797 1835 1870 grandi
1869 1798 2155 1870 pondere,
2183 1812 2291 1870 per

257 1889 620 1956 potestatem
643 1882 1021 1952 abstulisset,
1065 1896 1134 1939 se
1165 1897 1315 1939 sane
1354 1880 1583 1941 tristem
1624 1888 1684 1939 et
1723 1880 2137 1938 conturbatum
2185 1878 2289 1937 do-

257 1962 802 2035 mum'revertisse,
845 1962 1013 2037 quod
1041 1978 1153 2022 vas
1183 1962 1316 2023 eius
1345 1962 1536 2032 modi,
1592 1962 1756 2037 quod
1792 1960 1907 2021 sibi
1946 1978 1985 2019 a
2023 1971 2193 2036 patre
2236 1968 2293 2019 et

255 2044 639 2103 amaioribus
672 2053 841 2108 esset
868 2046 1172 2116 relictum,
1207 2062 1329 2119 quo
1388 2045 1600 2105 solitus
1646 2052 1811 2103 esset
1856 2043 1943 2103 uti
1994 2045 2070 2102 ad
2103 2044 2292 2103 festos

261 2128 420 2197 dieS,
449 2126 532 2185 ad
559 2124 864 2199 hospitum
893 2127 1209 2199 adventus,
1253 2144 1289 2185 a
1318 2143 1385 2197 se
1414 2135 1580 2185 esset
1628 2127 1906 2187 ablatum.
1964 2126 2155 2199 Quum
2198 2141 2287 2185 se-

259 2210 494 2277 derem,
549 2205 776 2281 inquit,
825 2208 988 2267 domi
1023 2207 1237 2281 tristis,
1286 2208 1543 2268 accurrit
1591 2208 1923 2269 Venerius:
1984 2208 2151 2268 iubet
2199 2224 2293 2267 me

259 2290 532 2366 scyphos
563 2288 856 2363 sigillatos
899 2291 977 2349 ad
1026 2298 1363 2363 praetorem
1412 2288 1607 2349 statim
1648 2291 1903 2349 adferre.
1982 2291 2292 2350 Permotus

259 2377 422 2443 sum,
455 2371 673 2445 inquit=
703 2372 887 2432 binos‘
914 2372 1242 2433 habebam=
1270 2372 1451 2433 iubeo
1482 2373 1677 2446 promi
1706 2383 2015 2448 utrosque,
2049 2389 2125 2432 ne
2149 2372 2295 2446 quid

258 2456 395 2529 plus
419 2454 558 2513 mali
589 2462 968 2527 nasceretur,
1013 2464 1073 2513 et
1105 2472 1339 2515 mecum
1379 2456 1457 2515 ad
1500 2454 1797 2528 praetoris
1844 2457 2087 2515 domum
2137 2454 2292 2514 ferri.

257 2537 344 2595 Eo
391 2553 573 2609 quum
628 2536 823 2609 venio,
875 2544 1117 2611 praetor
1159 2538 1539 2612 quiescebat=
1600 2540 1813 2599 fratres
1855 2538 1938 2597 illi
1979 2538 2294 2614 Cibyratae

257 2618 723 2679 inambulabam.
807 2618 918 2691 Qui
960 2635 1054 2679 me
1091 2620 1196 2679 ubi
1236 2620 1544 2679 viderunt=
1600 2620 1716 2681 Ubi
1756 2629 1921 2691 sunt,
1967 2618 2293 2693 Pamphile,

257 2700 559 2775 inquiunt,
595 2700 856 2777 scyphi?
923 2700 1188 2762 Ostendo
1223 2701 1428 2762 tristis.
1498 2702 1790 2762 Laudant.
1859 2702 2089 2776 Incipio
2128 2700 2296 2775 queri

257 2798 352 2841 me
409 2782 556 2841 nihil
614 2781 949 2844 habiturum
1003 2786 1167 2857 quod
1217 2784 1470 2863 alicuius
1520 2793 1687 2845 esset
1730 2785 1930 2859 pretii,
2012 2783 2064 2843 si
2120 2783 2295 2843 etiam
2397 2788 2401 2791 ’

259 2864 480 2941 scyphi
509 2873 720 2925 essent
747 2866 948 2925 ablati.
1013 2867 1160 2926 Tum
1201 2866 1328 2936 illi,‘
1360 2866 1461 2926 ubi
1492 2882 1587 2925 me
1616 2868 2031 2927 conturbatum
2064 2866 2296 2924 videntz

259 2946 412 3021 Quid
448 2948 540 3006 vis
570 2947 746 3007 nobis
777 2948 938 3021 dare,
975 2956 1040 3009 ut
1071 2946 1170 3009 isti
1194 2949 1303 3009 abs
1338 2958 1397 3008 te
1420 2966 1497 3007 ne
1525 2950 1914 3009 auferantur?
1975 2949 2062 3008 Ne
2096 2951 2297 3018 multa,

259 3030 573 3090 sestertios
621 3031 714 3091 clo
757 3046 883 3104 me,
933 3030 1153 3105 inquit,
1199 3038 1641 3105 poposcerunt=
1692 3030 1815 3090 dixi
1861 3048 1957 3091 me
2001 3031 2295 3090 daturum.

207 3164 222 3177 .
256 3113 454 3172 Vocat
491 3110 719 3172 interea
752 3121 1020 3187 praetor=
1065 3112 1265 3187 poscit
1294 3113 1586 3189 scyphos.
1660 3114 1807 3173 Tum
1842 3114 1980 3173 illos
2013 3111 2297 3185 coepisse

255 3193 520 3268 praetori
551 3192 787 3266 dicere,
823 3202 1075 3268 putasse
1111 3211 1208 3266 se,
1239 3194 1301 3253 id
1333 3196 1498 3269 quod
1521 3194 1853 3267 audissent,
1884 3194 2139 3255 alicuius
2161 3209 2295 3269 pre-

255 3282 319 3341 tii
361 3276 634 3350 scyphos
679 3292 820 3337 esse
847 3276 1170 3351 Pamphili=
1213 3278 1434 3336 luteum
1470 3280 1767 3351 negotium
1828 3293 2005 3357 esse,
2047 3294 2167 3338 non
2210 3274 2303 3335 di·-
