2459 3817
718 195 884 258 cAP.
916 201 1181 257 21-23·
1224 197 1574 261 §.oo—66.
2095 200 2176 263 21

117 343 390 421 arbitror,
420 354 489 409 ut
513 343 855 422 quisquam,
886 347 1030 408 dum
1074 342 1253 406 saluti
1289 360 1534 405 suorum
1578 345 1875 420 consulat,
1911 361 2176 406 commu-

114 445 253 490 nem
285 427 604 504 relinquat.
644 431 725 490 At
752 428 898 491 nihil
922 431 1004 490 de
1029 428 1257 490 iudicio
1292 429 1546 500 ferebat,
1583 428 1696 488 sed
1743 444 2002 502 poenam
2048 445 2180 488 am-

117 511 279 574 bitus
308 528 443 572 eam
469 511 789 583 referebat,
822 527 982 587 quae
1015 512 1211 572 ruerat
1237 525 1451 584 nuper,
1482 509 1906 585 superioribus
1935 510 2176 586 legibus

7 643 15 653 .
119 592 463 655 constituta.
548 595 762 668 Itaque
802 594 917 654 hac
968 593 1287 668 rogatione
1348 609 1485 667 non
1523 591 1789 653 iudicum
1851 593 2170 668 sententia,

115 677 228 739 sed
257 676 410 752 legis
441 675 647 738 vitium
677 676 1110 753 corrigebatur.
1192 675 1384 737 Nemo
1427 674 1714 736 iudicium
1758 677 2172 752 reprehendit,

115 775 299 838 quum
328 760 405 819 de
438 775 641 837 poena
669 759 969 834 queritur,
1002 758 1114 820 sed
1144 759 1362 832 Iegem.
1422 758 1738 820 Damnatio
1769 767 1866 820 est
1893 760 2051 820 enim
2081 760 2174 822 iu-

110 843 333 916 dicum,
364 859 524 918 quae
552 843 863 904 manebat=
898 857 1103 918 poena
1130 841 1303 916 Iegis,
1336 857 1496 916 quae
1517 843 1847 902 levabatur.
1909 843 2010 904 64.
2034 843 2169 904 Noli

110 924 291 1002 igitur
319 924 559 986 animos
587 941 798 986 eorum
840 926 1151 995 ordinum,
1199 920 1304 998 qui
1338 931 1631 999 praesunt
1661 922 1904 985 iudiciis
1932 941 2172 986 summa

112 1024 248 1070 cum
287 1007 579 1084 gravitate
619 1015 681 1068 et
718 1007 1035 1082 dignitate,
1076 1005 1344 1066 alienare
1375 1024 1414 1067 a
1442 1022 1651 1068 causa.
1712 1007 1902 1068 Nemo
1944 1008 2168 1068 labefa-

110 1099 275 1152 ctare
302 1090 591 1152 iudicium
618 1098 715 1150 est
734 1101 1009 1162 conatus,
1040 1089 1185 1149 nihil
1214 1097 1310 1149 est
1331 1090 1464 1150 eius
1494 1089 1658 1149 modi
1690 1092 2168 1165 promulgatum=

110 1189 354 1248 semper
376 1171 672 1233 Caecilius
700 1171 763 1231 in
794 1172 1131 1232 calamitate
1159 1170 1362 1232 fratris
1392 1171 1490 1233 sui
1511 1171 1777 1233 iudicum
1805 1181 2169 1248 potestatem

12 1319 21 1326 ,
107 1255 617 1331 perpetuandam,
650 1253 803 1330 legis
831 1253 1219 1316 acerbitatem
1248 1254 1634 1329 mitigandam
1666 1255 1916 1332 putavit.

272 1337 479 1398 XXIII.
524 1335 648 1396 Sed
682 1337 829 1412 quid
868 1354 985 1412 ego
1013 1337 1091 1396 de
1122 1337 1243 1396 hoc
1281 1339 1458 1412 plura
1485 1337 1836 1414 disputem?
1887 1339 2168 1400 Dicerem

106 1420 371 1481 tortasse
398 1427 461 1481 et
486 1418 665 1480 facile
694 1428 755 1481 et
782 1418 1036 1480 libenter
1061 1420 1342 1492 dicerem,
1377 1420 1430 1482 si
1458 1423 1665 1496 paullo
1695 1421 1873 1483 etiam
1903 1421 2167 1498 longius,

108 1519 291 1584 quam
324 1501 463 1564 finis
504 1501 789 1563 cotidiani
830 1501 1018 1563 officii
1059 1504 1355 1578 postulat,
1397 1503 1465 1568 L.
1497 1504 1819 1565 Caecilium
1862 1505 2060 1581 pietas
2104 1514 2168 1567 et

102 1587 405 1647 fraternus
462 1602 633 1646 amor
688 1585 1093 1662 propulisset=
1156 1585 1543 1661 implorarem
1603 1604 1828 1650 sensus
1890 1597 2162 1651 vestros=

100 1667 283 1734 unius
325 1669 624 1745 cuiusque
654 1668 1084 1745 indulgentiam
1124 1667 1185 1728 in
1229 1686 1381 1730 suos
1424 1677 1706 1742 testarer,
1761 1679 2030 1745 peterem
2064 1687 2168 1733 ve-

101 1751 268 1813 niam
300 1759 505 1812 errato
532 1752 599 1811 L'.
630 1751 874 1812 caecilii
913 1767 992 1811 ex
1031 1751 1258 1812 intimis
1302 1751 1522 1813 vestris
1565 1753 2034 1827 cogitationibus
2075 1762 2160 1814 at-

102 1850 229 1912 que
269 1849 349 1893 ex
387 1833 755 1894 humanitate
795 1834 1118 1894 communi.
1200 1832 1304 1896 65.
1348 1833 1479 1894 Lex
1519 1833 1653 1894 dies
1692 1834 1804 1896 fuit
1845 1835 2174 1910 proposita

96 1932 368 1994 paucosae
405 1915 546 1976 ferri
577 1925 799 1990 coepta
828 1932 1189 1991 numquam,
1220 1917 1505 1990 deposita
1538 1924 1632 1976 est
1657 1915 1719 1977 in
1753 1924 1986 1978 senatu.
2038 1919 2162 1978 Ka·-

96 1998 298 2062 lendis
328 1997 623 2059 Ianuariis
657 2015 842 2074 quum
881 1997 942 2058 in
967 1997 1324 2073 Capitolium
1364 2015 1482 2059 nos
1513 2008 1790 2060 senatum
1821 2015 2159 2061 convocas·

97 2097 328 2154 semus,
360 2081 507 2142 nihil
541 2090 638 2143 est
665 2090 864 2142 actum
896 2080 1085 2156 prius,
1118 2089 1179 2142 et
1206 2081 1272 2142 id
1299 2082 1585 2142 mandatu
1617 2082 1821 2144 Sullae
1851 2083 1918 2157 Q.
1950 2083 2159 2145 Metel·

95 2167 195 2227 lus
237 2171 483 2240 praetor
522 2179 595 2225 se
642 2163 810 2240 loqui
854 2163 1035 2238 dixit,
1087 2163 1316 2225 Sullam
1355 2164 1516 2224 illam
1554 2167 1930 2242 rogationem
1968 2168 2047 2228 de
2088 2184 2160 2229 se

95 2249 264 2309 nolle
304 2245 467 2319 ferri.
534 2246 629 2307 Ex
655 2246 759 2308 illo
803 2255 1077 2324 tempore
1104 2247 1172 2308 L.
1206 2247 1502 2309 Caecilius
1525 2263 1562 2307 e
1593 2263 1662 2306 re
1693 2247 1942 2323 publica
1973 2250 2160 2309 multa

95 2330 253 2407 egit=
285 2329 558 2406 agrariae
584 2329 722 2406 legi,
756 2347 914 2406 quae
943 2338 1069 2391 tota
1095 2347 1133 2390 a
1160 2347 1258 2390 me
1284 2331 1662 2406 reprehensa
1689 2342 1750 2394 et
1778 2333 2016 2395 abiecta
2042 2343 2154 2406 est,

98 2431 173 2475 se
213 2411 683 2475 intercessorem
713 2414 845 2474 rore
886 2415 1205 2488 professus
1247 2421 1370 2488 est,
1410 2415 1704 2490 improbis
1735 2415 2156 2491 largitionibus

90 2494 341 2569 restitit,
363 2505 613 2559 senatus
639 2496 1058 2559 auctoritatem
1086 2513 1417 2572 numquam
1445 2497 1775 2574 impedivit,
1806 2499 1888 2559 ita
1917 2515 1987 2558 se
2017 2514 2154 2573 ges·

93 2577 179 2641 sit
204 2579 265 2639 in
290 2578 610 2652 tribunatu,
647 2588 713 2641 ut
734 2596 919 2642 onere
942 2579 1228 2655 deposito
1253 2581 1573 2642 domestici
1601 2581 1788 2642 officii
1811 2580 1956 2640 nihil
1989 2589 2155 2656 post-

89 2678 171 2724 ea
194 2661 315 2723 nisi
336 2663 413 2722 de
439 2663 528 2724 rei
551 2663 829 2740 publicae
858 2663 1194 2725 commodis
1218 2663 1513 2740 cogitarit.
1569 2663 1672 2725 66.
1701 2666 1901 2737 Atque
1926 2663 1988 2723 in
2017 2664 2156 2736 ipsa

87 2745 413 2819 rogatione
442 2763 518 2806 ne
549 2763 660 2822 per
686 2745 807 2806 vim
837 2746 983 2822 quid
1013 2755 1327 2822 ageretur,
1375 2747 1514 2823 quis
1556 2755 1680 2807 tum
1713 2755 1986 2807 nostrum
2019 2745 2155 2806 Sul·

90 2829 217 2888 Iam
244 2837 350 2890 aut
380 2828 703 2890 Caecilium
730 2829 1094 2889 verebatur?
1123 2845 1328 2890 nonne
1357 2829 1554 2889 omnis
1581 2828 1682 2888 ille
1712 2836 1922 2898 terror,
1955 2827 2154 2890 omnis

91 2911 413 2972 seditionis
458 2910 639 2972 timor
675 2923 860 2986 atque
900 2910 1109 2985 opinio
1144 2927 1227 2970 ex
1255 2910 1536 2971 Autronii
1577 2909 1958 2986 improbitate
2003 2928 2152 2986 pen-

90 2994 322 3055 debat?
375 2993 524 3056 Eius
562 3008 785 3065 voceS,
830 2992 965 3054 eius
998 2995 1197 3054 minae
1233 2993 1612 3054 ferebantur=
1664 2993 1798 3054 eius
1840 3002 2150 3070 aspectus,

90 3078 510 3150 concursatio,
564 3075 839 3150 stipatio,
887 3091 1108 3152 greges
1157 3075 1470 3136 bominum
1520 3075 1888 3152 perditorum
1929 3085 2154 3137 metum

88 3158 275 3220 nobis
316 3159 774 3233 seditionesque
814 3157 1188 3220 adferebant.
1243 3160 1456 3234 Itaque
1481 3159 1545 3218 P.
1576 3159 1744 3220 Sulla
1775 3160 1894 3221 hoc
1927 3159 2153 3233 impor-

87 3240 413 3304 tunissimo
460 3259 647 3317 quum
687 3242 938 3302 honoris
976 3249 1102 3302 tum
1141 3240 1322 3302 etiam
1362 3241 1716 3303 calamitatis
1757 3243 1928 3303 socio
1966 3249 2153 3314 atque

90 3325 317 3386 comite
354 3333 417 3386 et
455 3325 763 3386 secundas
804 3327 1079 3387 fortunas
1114 3324 1387 3385 amittere
1432 3335 1684 3386 coactus
1724 3333 1820 3384 est
1846 3331 1908 3383 et
1944 3322 2006 3383 in
2042 3322 2151 3382 ad·

88 3405 294 3468 versis
324 3405 457 3468 sine
486 3406 613 3467 ullo
646 3407 916 3468 remedio
949 3416 1133 3480 atque
1160 3408 1582 3468 adlevamento
1612 3420 1990 3481 permanere.
