2459 3817
246 162 375 231 226
540 162 619 227 m
650 165 733 227 M.
763 164 1173 229 ANTONIUM
1201 161 1491 227 ORATIO
1521 162 1940 227 PHILIPPICA
1973 163 2050 224 Π.

252 346 379 394 non
405 334 605 394 solum
626 336 945 409 eloquens,
970 333 1139 410 apud
1164 348 1295 404 eos,
1322 346 1585 409 quorum
1612 331 1872 395 consilio
1895 328 2345 409 sapientiaque

253 423 433 492 gesta
461 426 625 490 aunt,
655 433 845 481 ausus
870 434 941 479 es
966 418 1362 494 vituperare?
1404 416 1555 492 Quis
1575 423 1782 478 autem
1810 432 2011 478 meum
2041 420 2346 479 consula·

252 508 381 563 tum
412 509 661 577 praeter
692 508 753 561 te
782 509 845 563 et
883 503 948 562 P.
981 502 1258 563 Clodium
1297 500 1402 575 qui
1441 500 1824 577 vituperaret
1859 499 2156 563 inventus
2193 503 2344 562 est?

252 588 431 647 cuius
461 584 707 660 quidem
747 581 853 643 tibi
882 582 1100 654 ratmn,
1136 581 1317 643 sicuti
1352 582 1414 641 C.
1449 580 1730 655 Curioni,
1758 590 1991 644 manete
2035 584 2346 657 quoniam
2423 630 2425 633 Α

252 668 317 728 id
344 664 553 727 domui
579 672 720 725 tuae
748 673 873 737 est,
906 665 1072 739 quod
1107 664 1217 725 fuit
1245 664 1480 725 illorum
1515 663 1762 742 utrique
1790 666 1990 727 fatale.
2049 664 2155 727 12.
2201 668 2346 728 Non

254 750 455 825 placet
481 748 559 807 Μ.
590 746 857 809 Antonio
905 749 1258 810 consulatus
1309 763 1505 808 meus.
1579 750 1663 807 At
1689 748 1919 823 placuit
1945 748 2010 807 P.
2043 747 2344 823 ServilIo,

254 840 320 893 ut
352 849 495 893 eum
540 832 797 906 primum
859 832 1167 893 nominem
1218 846 1296 890 ex
1335 829 1499 890 illius
1538 830 1834 905 temporis
1879 832 2341 907 consularibus,

256 915 362 991 qui
390 914 670 991 proxime
700 922 797 977 eat
820 922 1123 977 mortuum
1157 913 1385 990 placuit
1412 911 1480 987 Q.
1510 913 1757 987 Catulo,
1789 914 1963 975 cuius
1994 930 2255 991 semper
2281 917 2340 975 in

254 1000 370 1060 hac
418 1014 486 1059 re
534 998 781 1073 publica
826 996 994 1059 vivet
1046 995 1408 1058 auctor-itast
1468 995 1697 1071 placuit
1747 997 1990 1059 duobus
2039 998 2335 1071 Lucullis,

224 1083 335 1147 .Μ.
374 1081 615 1155 Crasso,
646 1080 713 1154 Q.
743 1079 1091 1153 Hortensio,
1123 1080 1188 1140 C.
1222 1078 1484 1152 Curioni,
1517 1080 1578 1139 C.
1607 1078 1830 1153 Pisoni,
1867 1079 1968 1139 Μ’.
2003 1080 2336 1153 Glabrioni,

254 1164 353 1237 Μ’.
388 1162 653 1239 Lepido,
695 1164 764 1223 L.
800 1162 1117 1235 Volcati0,
1164 1162 1227 1222 C.
1257 1160 1501 1236 Figulo,
1533 1163 1612 1245 p.
1642 1161 1884 1236 Silano,
1923 1162 1991 1221 L.
2019 1162 2340 1237 Murenae,

258 1247 363 1323 qui
392 1255 516 1309 tum
548 1254 721 1309 erant
758 1247 1049 1307 consules
1077 1245 1406 1319 designati.
1448 1243 1678 1319 placuit
1708 1244 1872 1305 idem
1905 1246 2073 1319 quod
2105 1264 2336 1309 consu·

258 1329 488 1391 laribus
527 1329 608 1387 Μ.
640 1327 883 1390 Catoni=
925 1328 1031 1404 qui
1073 1345 1260 1403 quum
1301 1329 1488 1390 multa
1532 1326 1655 1389 vita
1694 1328 2006 1389 excedens
2039 1331 2338 1403 providit,

260 1422 384 1474 tum
416 1412 582 1486 quod
611 1420 671 1471 te
701 1412 1018 1473 consulem
1060 1426 1181 1471 non
1221 1410 1388 1472 vidit.
1452 1410 1716 1471 Maxime
1759 1427 1905 1471 vero
1947 1415 2338 1475 consulatum

258 1510 457 1555 meum
490 1492 595 1552 Cn.
624 1492 951 1568 Pompeius
982 1491 1298 1569 probavitz
1341 1492 1447 1568 qui
1487 1502 1553 1554 ut
1581 1509 1680 1553 me
1725 1494 1985 1568 primum
2021 1494 2338 1557 decedens

257 1593 339 1638 ex
364 1574 545 1654 Syria
561 1574 727 1650 vidit,
763 1577 1123 1650 complexus
1152 1583 1213 1636 et
1236 1578 1546 1649 gratulans
1575 1592 1712 1638 meo
1742 1576 2042 1637 beneflcio
2072 1579 2336 1653 patriam

260 1676 331 1723 se
362 1658 637 1721 visurum
670 1674 813 1720 esse
841 1658 1009 1720 dixit.
1053 1656 1177 1720 Sed
1207 1657 1358 1733 quid
1384 1658 1660 1735 singulos
1690 1668 2149 1722 commemoro?
2194 1660 2336 1723 Fre·

262 1743 664 1821 quentissimo
694 1741 935 1805 senatui
965 1741 1056 1803 sic
1090 1742 1351 1818 placuit,
1399 1750 1467 1803 ιιι
1494 1749 1662 1803 esset
1689 1757 1869 1803 nemo
1900 1742 2007 1817 qui
2033 1742 2185 1805 mihi
2213 1760 2335 1805 non

263 1836 327 1888 ut
346 1825 581 1903 parenti
612 1826 839 1901 gratias
871 1832 1095 1901 ageret,
1127 1824 1231 1902 qui
1262 1823 1408 1885 mihi
1441 1842 1562 1886 non
1595 1826 1776 1887 vitam
1806 1840 2001 1899 suam,
2033 1826 2334 1901 fortunas,

262 1910 489 1971 liberos
514 1955 531 1984 ,
559 1924 688 1969 rem
718 1909 1025 1984 publicam
1052 1910 1310 1970 referret
1335 1916 1671 1984 acceptam.

384 1994 489 2053 vl.
537 1990 634 2052 13.
665 1991 791 2053 Sed
820 1991 1107 2070 quoniam
1134 1991 1286 2065 illie,
1321 2007 1480 2067 quos
1509 1989 1848 2065 nominavi,
1888 1999 1978 2055 tot
2015 1998 2078 2053 et
2110 1992 2341 2056 talibus

260 2075 409 2137 viris
438 2091 540 2137 res
569 2073 815 2152 publica
844 2077 1057 2137 orbata
1084 2082 1207 2146 est,
1240 2074 1558 2136 veniamus
1591 2076 1671 2135 ad
1704 2076 1910 2148 vivos,
1955 2074 2063 2151 qui
2094 2077 2226 2138 duo
2263 2079 2340 2139 de

264 2157 671 2220 consularium
710 2174 962 2220 numero
1004 2156 1224 2233 reliqui
1254 2166 1410 2219 sunt.
1473 2158 1540 2217 L.
1575 2157 1777 2229 Cotta,
1822 2158 1918 2217 vir
1959 2174 2202 2219 summo
2249 2161 2340 2221 in-

262 2243 443 2317 genio
476 2256 833 2316 summaque
863 2240 1210 2318 prudentia,
1260 2240 1448 2302 rebus
1476 2239 1554 2301 iis
1583 2240 1807 2317 gestis,
1847 2257 2003 2317 quas
2029 2250 2097 2302 tu
2123 2257 2342 2318 repre·

263 2321 515 2396 hendis,
568 2325 1079 2400 supplicationem
1118 2321 1392 2385 decrevit
1432 2324 1636 2385 verbis
1677 2322 2104 2399 amplissimis,
2150 2323 2342 2402 eique

264 2405 351 2467 illi
374 2405 528 2482 ipsi,
574 2423 731 2481 quos
762 2408 945 2469 modo
979 2406 1317 2480 nominavi,
1361 2408 1720 2468 consulares
1764 2415 2144 2481 senatusque
2187 2424 2338 2469 cun·

264 2498 400 2551 ctus
432 2489 737 2550 adsensus
770 2497 893 2551 est=
924 2488 1030 2566 qui
1061 2490 1262 2551 honos
1294 2498 1436 2565 post
1464 2488 1770 2551 conditam
1795 2489 1954 2551 hanc
1983 2490 2199 2551 urbem
2231 2491 2338 2551 ha-

264 2574 431 2635 bitus
460 2579 559 2633 est
586 2579 793 2649 togato
824 2580 966 2634 ante
993 2589 1093 2634 me
1120 2572 1363 2633 nemini.
1451 2569 1551 2635 14.
1592 2572 1658 2631 L.
1690 2573 1946 2646 Caesar,
1988 2576 2335 2635 avunculus

264 2665 439 2733 tuna,
470 2674 593 2733 qua
622 2656 914 2728 oratione,
953 2671 1075 2731 qua
1104 2654 1464 2729 constantia,
1495 2672 1617 2732 qua
1645 2655 1942 2731 gravitate
1970 2656 2330 2718 sententiam

266 2740 420 2802 dixit
453 2739 515 2801 in
545 2738 779 2803 sororis
808 2754 959 2801 suae
984 2738 1211 2813 virum,
1259 2737 1534 2800 vitricum
1562 2746 1759 2800 tuum!
1816 2738 1994 2799 Hunc
2037 2746 2102 2799 tu
2144 2755 2329 2814 quum

267 2830 579 2883 auctorem
618 2832 682 2886 et
739 2831 1202 2900 praeceptorem
1261 2821 1526 2884 omnium
1574 2820 1968 2883 consiliorum
2019 2819 2334 2897 totiusque

267 2903 430 2967 vitae
461 2904 786 2968 debuisses
814 2906 1059 2981 habere,
1084 2903 1285 2968 vitrici
1313 2912 1372 2965 te
1395 2906 1649 2965 similem
1679 2920 1859 2981 quam
1892 2904 2178 2965 avunculi
2206 2921 2330 2964 ma-

268 2984 449 3049 luisti.
509 2989 703 3050 Huius
734 3004 849 3065 ego
878 2989 1113 3050 alienus
1141 2987 1414 3051 consiliis
1455 2986 1671 3049 consul
1699 3005 1853 3049 usus
1879 3003 2044 3049 sum=
2089 2995 2183 3057 tu,
2229 3004 2327 3048 so-

251 3070 425 3137 xoris
448 3069 643 3144 filius,
684 3070 908 3146 ecquid
938 3072 1017 3132 ad
1046 3088 1185 3133 eum
1210 3086 1500 3147 umquam
1532 3072 1610 3131 de
1641 3086 1708 3131 re
1738 3070 1984 3146 publica
2008 3068 2336 3131 rettulisti?

252 3156 349 3221 At
376 3153 457 3214 ad
484 3169 642 3229 quos
676 3154 904 3215 refert?
946 3153 1006 3214 di
1037 3153 1437 3215 immortales!
1486 3153 1566 3213 ad
1606 3170 1717 3215 eos
1758 3153 2022 3223 scilicet,
2069 3167 2332 3225 quorum

260 3239 448 3301 nobis
484 3230 827 3301 etiam‘dies
857 3238 1092 3298 natales
1131 3237 1420 3299 audiendi
1462 3244 1622 3297 sunt.
1712 3232 1810 3297 15.
1841 3235 2040 3296 Hodie
2067 3250 2189 3295 non
2222 3234 2326 3295 de-

268 3320 507 3382 scendit
534 3320 853 3382 Antonius.
915 3320 1074 3379 Cur?
1121 3320 1238 3379 Dat
1271 3316 1609 3379 nataliciam
1649 3316 1709 3377 in
1738 3318 1951 3380 hortis.
2011 3316 2159 3377 Cui?
2209 3314 2325 3376 Ne·

267 3401 489 3464 minem
510 3404 853 3464 nominabo.
886 3402 1093 3463 Putate
1119 3412 1241 3461 tum
1263 3399 1608 3461 Phormioni
1633 3402 1828 3471 alicui,
1857 3412 1981 3462 turn
2007 3396 2322 3463 Gnathoni.
