2459 3817
238 158 360 225 146
688 160 840 222 PRO
874 162 939 220 T.
970 159 1201 220 ANNIO
1229 158 1517 219 MILONE
1552 159 1865 223 ORATIO.

239 325 606 387 necessaria.
667 325 792 386 Nisi
821 341 972 386 vero
1004 331 1109 386 aut
1137 323 1237 385 ille
1268 325 1431 392 dies,
1473 323 1533 383 in
1571 339 1693 399 quo
1725 323 1813 384 Ti.
1845 326 2157 388 Gracchus
2183 335 2297 388 est

239 423 475 480 caesus,
514 416 618 468 aut
646 407 764 478 ille,
794 423 916 482 quo
943 409 1146 480 Gaius,
1177 415 1283 467 aut
1312 423 1435 481 quo
1460 421 1627 466 arma
1656 405 1981 480 Saturnini,
2015 410 2197 469 etiam
2226 409 2287 470 si

238 506 273 550 e
295 507 362 551 re
382 491 644 568 publica,
672 505 975 566 oppressa
988 499 1146 562 sunt,
1172 505 1299 557 rem
1318 489 1617 564 publicam
1640 495 1839 549 tamen
1854 507 1978 550 non
1999 494 2291 552 vulnera-

237 581 393 634 runt.
438 575 538 634 VI.
565 575 774 648 ltaque
799 585 912 648 ego
938 573 1074 650 ipse
1097 573 1362 644 decrevi,
1392 587 1578 647 quum
1600 574 1852 632 caedem
1876 572 1935 632 in
1959 575 2163 650 Appia
2192 575 2284 634 fa·

237 663 395 715 etam
420 671 562 716 esse
586 664 911 726 constaret,
935 672 1059 717 non
1084 666 1241 726 eum,
1268 655 1371 729 qui
1393 671 1463 715 se
1489 654 1883 728 defendisset,
1907 665 2123 717 contra
2145 673 2282 717 rem

237 737 537 812 publicam
555 739 791 808 secisse,
817 739 945 810 sed,
975 754 1160 814 quum
1185 739 1458 798 inessent
1478 737 1539 797 in
1562 754 1630 796 re
1654 737 1748 797 vis
1776 744 1837 798 et
1862 738 2137 805 insidiae.
2168 739 2285 800 cri·

237 837 373 880 men
422 819 646 881 iudicio
685 822 1026 898 reservavi,
1073 839 1198 883 rem
1245 822 1469 882 notavi.
1555 821 1731 896 Quod
1761 821 1815 883 si
1845 839 1957 898 per
1988 821 2287 884 furiosum

236 903 402 963 illum
429 901 727 964 tribunum
757 904 993 984 senatui
1017 905 1184 980 quod
1212 904 1512 965 sentiebat
1532 905 1826 978 perficere
1854 901 2145 977 licuisset,
2173 923 2287 967 no-

237 1001 376 1046 vam
405 986 823 1060 quaestionem
854 987 1075 1047 nullam
1120 985 1500 1047 haberemus.
1584 987 1964 1047 Decernebat
1990 984 2179 1061 enim,
2222 995 2288 1049 ut

236 1065 541 1129 veteribus
581 1068 816 1142 legibus
859 1076 1081 1130 tantum
1123 1069 1306 1128 modo
1350 1077 1520 1130 extra
1564 1069 1834 1131 ordinem
1871 1077 2286 1144 quaereretur.

234 1149 445 1210 Divisa
467 1149 763 1210 sententia
784 1159 877 1212 est
899 1153 1243 1226 postulante
1266 1152 1477 1211 nescio
1503 1167 1624 1225 quo
1643 1173 1658 1206 ε
1682 1149 1828 1211 nihil
1851 1151 2010 1212 enirn
2024 1167 2283 1212 necesse

237 1240 332 1292 est
359 1230 621 1293 omnium
661 1249 757 1292 me
795 1232 1023 1308 flagitia
1055 1232 1348 1309 proferre.
1436 1229 1537 1292 Sic
1564 1232 1799 1308 reliqua
1826 1233 2153 1294 auctoritas
2182 1249 2273 1294 se-

236 1322 412 1374 natus
441 1322 638 1388 empta
666 1313 1102 1376 intercessione
1132 1316 1369 1376 sublata
1398 1323 1511 1376 est.

362 1393 463 1454 15.
503 1397 583 1454 At
622 1395 780 1454 enim
810 1396 914 1455 Cn.
943 1397 1269 1472 Pompeius
1310 1397 1619 1472 rogatione
1666 1413 1777 1456 sua
1815 1405 1875 1458 et
1917 1397 1994 1456 de
2022 1413 2088 1456 re
2117 1405 2177 1457 et
2204 1396 2284 1456 de

237 1491 423 1537 causa
452 1475 766 1538 iudicavit=
812 1477 944 1538 tulit
983 1478 1141 1546 enim
1176 1479 1254 1537 de
1283 1480 1503 1552 caede,
1556 1496 1713 1554 quae
1744 1478 1803 1537 in
1824 1477 2040 1554 Appia
2069 1477 2169 1538 via
2198 1480 2284 1538 fa-

235 1567 330 1620 cta
361 1566 544 1632 esset,
573 1557 632 1618 in
670 1576 792 1634 qua
815 1558 876 1618 Ρ.
916 1559 1162 1621 Clodius
1193 1560 1438 1621 occisus
1474 1568 1657 1622 esset.
1746 1559 1899 1634 Quid
1930 1576 2077 1634 ergo
2111 1560 2287 1620 tulit?

237 1655 453 1716 nempe
473 1648 538 1702 ut
559 1650 966 1717 quaereretur.
991 1641 1142 1715 Quid
1171 1659 1354 1717 porro
1382 1643 1792 1718 quaerendum
1816 1649 1950 1702 est?
1980 1643 2285 1702 factumne

233 1722 352 1785 sit?
392 1731 454 1784 at
481 1732 734 1787 constat.
795 1725 850 1784 A
883 1733 1050 1801 quo?
1090 1735 1152 1787 at
1183 1734 1372 1800 paret.
1437 1725 1605 1786 Vidit
1632 1724 1811 1800 igitur
1838 1724 2015 1785 etiam
2044 1723 2105 1784 in
2141 1739 2282 1785 con-

234 1806 502 1867 fessione
532 1806 672 1868 facti
701 1807 847 1868 iuris
878 1815 1076 1869 tamen
1103 1807 1524 1869 defensionem
1553 1806 1785 1882 suscipi
1817 1823 2026 1883 posse.
2110 1805 2286 1879 Quod

233 1887 348 1949 nisi
383 1887 638 1952 vidisset
662 1906 850 1964 posse
881 1892 1118 1951 absolvi
1152 1907 1322 1964 eum,
1366 1891 1466 1966 qui
1497 1891 1807 1964 fateretur,
1839 1905 2025 1965 quum
2054 1889 2288 1948 videret

232 1987 346 2032 nos
378 1971 576 2044 fateri,
633 1988 832 2047 neque
890 1972 1099 2048 quaeri
1140 1990 1425 2048 umquam
1465 1973 1749 2033 iussisset
1800 1986 1913 2032 nec
1952 1970 2130 2030 vobis
2162 1979 2282 2030 tam

231 2053 387 2112 hanc
419 2055 742 2115 salutarem
770 2055 829 2112 in
859 2053 1183 2116 iudicando
1217 2055 1472 2117 litteram
1514 2070 1692 2129 quam
1732 2053 1892 2113 illam
1920 2051 2151 2114 tristem
2182 2053 2285 2113 de-

231 2134 440 2194 disset.
482 2135 627 2194 Mihi
654 2147 800 2194 vero
834 2135 936 2195 Cn.
966 2137 1293 2212 Pompeius
1322 2154 1443 2197 non
1473 2137 1655 2196 modo
1685 2135 1831 2195 nihil
1861 2134 2109 2211 gravius
2140 2151 2283 2197 con-

231 2224 322 2276 tra
350 2215 634 2276 Milonem
664 2215 1005 2292 iudicasse,
1046 2221 1159 2280 sed
1199 2221 1377 2281 etiam
1408 2217 1693 2280 statuisse
1725 2218 1960 2280 videtur
1991 2214 2137 2291 quid
2170 2232 2283 2277 vos

230 2296 291 2357 in
321 2296 644 2358 iudicando
675 2308 952 2374 spectare
980 2310 1307 2377 oporteret.
1384 2302 1533 2360 Nam
1567 2300 1670 2376 qui
1697 2318 1821 2361 non
1849 2315 2109 2376 poenam
2138 2315 2283 2361 con-

232 2379 504 2452 fessioni,
537 2382 648 2442 sed
673 2382 1086 2444 defensionem
1113 2383 1298 2456 dedit,
1332 2381 1385 2444 is
1421 2400 1666 2443 causam
1688 2382 1961 2443 interitus
1986 2397 2281 2456 quaeren-

231 2461 400 2536 dam,
437 2479 557 2522 non
588 2463 888 2525 interitum
920 2467 1166 2541 putavit.
1258 2465 1353 2528 16.
1388 2467 1511 2525 Iam
1544 2465 1690 2526 illud
1724 2465 1859 2539 ipse
1895 2463 2055 2523 dicet
2082 2465 2282 2538 profe-

183 2605 199 2612 ,
232 2554 346 2618 cto,
380 2546 546 2620 quod
583 2562 696 2606 sua
724 2556 941 2623 sponte
979 2549 1149 2621 fecit,
1178 2547 1468 2609 Publione
1502 2547 1710 2608 Clodio
1754 2546 2135 2608 tribuendum
2172 2562 2280 2620 pu·

230 2627 365 2689 tarit
394 2645 470 2687 an
503 2629 774 2704 tempori.
862 2629 988 2688 VII.
1019 2631 1236 2691 Domui
1267 2647 1414 2692 suae
1446 2629 1859 2706 nobilissimus
1891 2627 2001 2701 vir,
2030 2635 2281 2687 senatus

231 2720 645 2786 propugnator
684 2720 866 2788 atque
905 2712 1022 2772 illis
1064 2712 1306 2787 quidem
1338 2711 1712 2789 temporibus
1749 2725 1942 2786 paene
1969 2718 2281 2786 patronus,

231 2794 570 2854 avunculus
615 2793 794 2854 huius
837 2793 1054 2855 iudicis
1097 2795 1314 2868 nostri,
1355 2794 1666 2855 fortissimi
1713 2793 1854 2864 viri,
1888 2793 1966 2850 M.
2018 2789 2280 2863 CatoniS,

233 2873 506 2936 tribunus
537 2877 734 2951 plebis
760 2877 840 2937 Μ.
877 2878 1112 2937 Drusus
1153 2877 1396 2939 occisus
1436 2884 1548 2938 est.
1632 2875 1789 2935 Nihil
1813 2875 1892 2934 de
1922 2874 2053 2934 eius
2089 2879 2283 2933 morte

230 2959 494 3032 populus
520 2961 851 3032 consultuS,
881 2961 1044 3020 nulla
1067 2959 1343 3034 quaestio
1369 2960 1613 3019 decreta
1637 2975 1673 3016 a
1708 2963 1923 3018 senatu
1935 2964 2047 3016 est.
2081 2954 2276 3028 Quan-

231 3048 353 3100 tum
382 3042 605 3101 luctum
634 3041 696 3101 in
725 3041 840 3102 hac
865 3043 1014 3102 urbe
1045 3041 1237 3102 fuisse
1280 3059 1313 3100 a
1355 3039 1580 3102 nostris
1617 3039 1886 3114 patribus
1913 3038 2284 3112 accepimuS,

233 3140 416 3198 quum
445 3123 505 3182 P.
533 3123 818 3184 Africano
865 3122 1071 3185 domui
1125 3139 1275 3184 suae
1324 3121 1662 3198 quiescenti
1706 3120 1808 3180 illa
1850 3127 2145 3180 nocturna
2186 3119 2281 3178 vis

233 3214 397 3266 esset
425 3207 670 3266 adlata?
712 3205 848 3279 quis
891 3213 1014 3267 tum
1055 3223 1177 3266 non
1219 3206 1488 3280 gemuit?
1528 3204 1663 3280 quis
1690 3218 1812 3264 non
1842 3200 1989 3262 arsit
2029 3203 2285 3264 dolore?

235 3301 412 3358 quem
441 3286 852 3358 immortalem,
888 3287 941 3347 si
970 3287 1101 3348 fleri
1129 3296 1361 3362 posset,
1392 3303 1605 3348 omnes
1640 3301 1781 3347 esse
1811 3292 2117 3359 cuperent,
2148 3282 2282 3343 eius

235 3381 310 3424 ne
339 3367 747 3428 necessariam
778 3368 1021 3442 quidem
1053 3377 1463 3445 exspectatam
1495 3385 1636 3429 esse
1664 3375 1944 3428 mortem!
1987 3366 2140 3426 Num
2172 3365 2276 3438 igi-
