2459 3817
215 145 340 212 140
649 142 800 205 PRO
828 144 894 203 Τ.
921 144 1158 205 ANNIO
1187 145 1478 205 MILONE
1521 141 1822 205 ORATIO.

211 304 346 347 rust.
411 292 628 347 Sedebut
653 309 714 345 eo
747 302 970 360 tempore
1003 294 1092 347 Cn.
1127 295 1397 365 Pompeius
1434 296 1501 347 ad
1536 294 1779 345 aerarium
1800 329 1815 354 ,
1851 295 2279 361 perturbatusque

213 372 320 417 eret
343 366 522 415 eodem
567 358 656 413 illo
692 360 938 413 clamore:
971 364 1140 427 itaque
1165 362 1381 415 Domitio
1420 362 1650 428 promisit
1684 376 1743 413 se
1786 372 1987 427 postero
2024 362 2108 414 die
2154 379 2279 415 eum

213 430 460 496 praesidio
511 428 896 491 descensurum,
941 431 1095 494 idque
1141 432 1279 486 fecit.
1362 430 1471 491 Qus
1508 446 1563 481 rs
1600 428 1763 481 territi
1801 429 2026 481 Clodiani
2064 430 2277 483 silentio

213 500 366 549 rerba
401 498 601 547 testium
707 512 733 547 r
766 496 976 547 biduum
1023 499 1188 549 audiri
1236 500 1377 565 passi
1404 506 1535 549 sunt.
1606 498 2042 565 interrogaverunt
2076 514 2168 549 eos
2198 500 2273 551 Μ.

213 562 383 617 Cicero
435 573 486 615 et
515 563 586 613 Μ.
667 563 883 615 arcellus
919 576 969 617 et
1007 564 1128 617 Milo
1173 567 1302 633 ipse.
1366 566 1509 617 Multi
1540 580 1606 615 ex
1641 566 1734 625 iis,
1772 566 1862 629 qui
1890 564 2092 616 Bovillis
2122 566 2275 615 hubi-

211 634 412 693 tabaut,
457 630 798 683 testimouium
837 634 1070 683 dixerunt
1115 634 1178 685 de
1217 636 1314 698 iis,
1348 649 1477 697 quse
1522 633 1592 682 ibi
1621 632 1752 683 facts
1785 642 1950 684 erantt
1986 648 2274 699 cauponem

212 700 458 757 Meum,
493 696 749 749 tabernam
771 710 1138 767 expugnatam,
1182 716 1364 767 corpus
1400 700 1561 751 Clodii
1606 702 1660 751 iu
1696 701 1956 767 publicum
1989 708 2271 753 extructum

211 780 340 817 esse.
383 764 475 815 Vir
515 768 621 816 ines
656 782 854 831 quoque
888 768 1112 819 Albanae
1147 768 1381 819 dixerunt
1416 769 1672 819 mulierem
1715 769 1938 833 ignotam
1968 770 2171 821 venisse
2202 770 2273 821 ad

211 849 283 892 se,
317 848 446 897 quae
477 781 682 883 {iiionis
719 836 954 886 mandatu
981 846 1152 887 votum
1183 834 1434 901 solveret,
1468 834 1605 900 quod
1640 831 1845 885 Clodius
1881 836 2079 886 occisus
2112 846 2269 887 esset.

212 900 424 953 Ultimae
459 903 798 953 testimonium
833 906 1069 955 dixerunt
1095 904 1407 971 Sempronia,
1440 903 1676 955 Tuditani
1703 902 1825 963 fllia,
1857 918 2029 953 socrus
2062 904 2121 955 P.
2151 903 2267 953 Clo-

213 968 367 1031 dii,et
409 984 536 1019 uxor
570 969 770 1031 E'uivis,
815 980 865 1022 et
894 972 1012 1021 tietu
1047 986 1139 1023 suo
1173 986 1359 1038 magno
1390 986 1538 1037 opere
1564 986 1683 1030 eos,
1710 970 1795 1034 qui
1823 972 2101 1033 adstabant,
2129 986 2266 1021 com-

213 1048 489 1087 moverunt.
575 1036 797 1089 Dimisso
829 1040 966 1089 circs
991 1038 1166 1089 horem
1186 1039 1431 1090 decimam
1458 1038 1645 1089 iudicio
1667 1038 1728 1093 Τ.
1749 1039 2000 1089 Munatius
2029 1052 2125 1102 pro
2143 1054 2266 1089 cou-

211 1106 345 1155 tione
381 1104 622 1170 populum
658 1105 950 1157 adhortatus
986 1115 1079 1167 est,
1113 1114 1170 1157 ut
1202 1116 1405 1172 postero
1434 1106 1517 1157 dis
1550 1106 1785 1169 frequens
1819 1108 2021 1157 adesset
2054 1114 2103 1157 et
2132 1106 2266 1156 elabi

211 1172 448 1223 Milonem
476 1186 577 1221 non
611 1183 884 1237 pateretur,
921 1175 1264 1237 iudiciumque
1300 1183 1349 1226 et
1385 1174 1607 1225 dolorem
1642 1188 1791 1225 suum
1823 1172 2108 1225 ostenderet
2142 1188 2269 1223 eun·

213 1241 346 1291 tibus
385 1242 452 1290 sd
495 1240 730 1291 tabellam
772 1240 1046 1293 terendum.
1110 1242 1317 1293 Postero
1347 1242 1457 1304 dis,
1505 1244 1591 1305 qui
1624 1240 1718 1291 ruit
1748 1242 1921 1293 iudicii
1956 1255 2181 1291 summus
2210 1257 2263 1295 a.

213 1308 264 1361 d.
297 1308 380 1359 m.
407 1309 484 1357 Id.
505 1308 722 1372 Apriles,
758 1308 962 1358 clausae
993 1310 1192 1359 ruerunt
1226 1317 1331 1359 tots
1362 1312 1486 1361 urbe
1513 1310 1765 1367 tabernae,
1802 1309 2054 1375 praesidia
2076 1310 2126 1357 in
2153 1308 2267 1359 foro

211 1382 260 1425 et
305 1376 440 1422 circa
485 1388 658 1423 ornnes
703 1374 800 1425 fori
845 1376 1016 1425 editus
1043 1376 1313 1441 Pompeius
1360 1377 1635 1443 disposuit,
1683 1378 1792 1443 ipse
1828 1392 1920 1443 pro
1956 1376 2177 1437 aerario,
2208 1382 2269 1425 ut

209 1441 401 1505 pridie,
437 1441 664 1489 consedit
723 1448 929 1505 saeptus
965 1442 1158 1493 deiectu
1189 1459 1345 1495 manu
1378 1444 1607 1497 militum.
1674 1442 1881 1495 Sortitio
1916 1443 2096 1494 deinde
2132 1444 2265 1493 iudi-

210 1522 322 1557 cum
347 1521 380 1557 a
405 1508 567 1570 primo
599 1507 682 1557 dis
713 1508 846 1575 recta
877 1514 984 1558 esta
1019 1517 1136 1575 post
1164 1518 1357 1561 tantum
1392 1512 1645 1563 silentium
1671 1520 1774 1563 toto
1813 1511 1921 1562 foro
1954 1510 2065 1571 ruit,
2101 1526 2267 1574 quan-

209 1583 314 1625 tum
338 1587 452 1623 esse
485 1574 535 1623 in
559 1573 728 1636 aliquo
766 1574 874 1625 foro
908 1584 1097 1640 posset.
1161 1578 1289 1627 Tum
1327 1580 1458 1630 intra
1488 1579 1664 1630 horam
1695 1580 1969 1629 secundam
2002 1586 2262 1629 accusato-

210 1656 289 1693 res
325 1650 593 1707 coeperunt
627 1642 808 1701 dicere,
843 1644 1041 1709 Appius
1075 1646 1235 1694 maior
1270 1653 1319 1695 et
1351 1644 1421 1701 M.
1454 1648 1699 1697 Antonius
1744 1656 1794 1698 et
1820 1642 1875 1699 P.
1904 1646 2134 1697 Valerius
2165 1646 2267 1696 Ne·

211 1724 324 1775 pos.
392 1708 480 1763 Usi
508 1716 623 1759 sunt
656 1726 720 1761 ex
750 1710 862 1776 iege
900 1711 1034 1761 horis
1072 1712 1284 1768 duabus.

347 1778 625 1843 Respondit
659 1780 726 1829 iis
777 1794 910 1829 uuus
937 1779 1005 1833 Μ.
1043 1778 1243 1832 Cicero:
1279 1790 1329 1831 ct
1363 1798 1515 1846 quum
1548 1782 1849 1847 quibusdam
1876 1782 2150 1849 placuisset
2189 1782 2263 1831 ita

211 1846 412 1899 defendi
450 1848 656 1907 crimen,
689 1847 898 1897 interfici
931 1845 1162 1899 Clodium
1198 1864 1289 1915 pro
1316 1866 1371 1902 re
1398 1851 1605 1915 publica
1634 1851 1823 1910 fuisse,
1861 1865 2009 1915 quam
2048 1849 2265 1899 formam

210 1914 276 1965 M.
314 1914 498 1965 Brutus
534 1922 734 1966 secutus
771 1924 845 1965 est
893 1916 946 1965 in
977 1930 1040 1965 ea
1075 1919 1325 1978 oratione,
1366 1933 1516 1983 quam
1560 1933 1653 1983 pro
1682 1918 1865 1968 Milone
1898 1916 2185 1981 composuit
2210 1923 2264 1967 et

210 1981 396 2042 edidit,
427 1984 576 2046 qussi
621 1981 1094 2047 egisset,'cieeroni
1140 1985 1193 2036 id
1229 2000 1331 2035 non
1390 1988 1603 2052 placuit,
1639 1986 1777 2049 quod
1819 2000 1951 2048 non,
1996 1986 2081 2047 qui
2126 1985 2262 2034 bono

209 2050 412 2112 publico
443 2050 667 2099 dsmnsri
685 2085 701 2108 ,
738 2051 872 2099 idem
909 2051 1060 2101 etiam
1097 2054 1257 2103 occidi
1291 2054 1606 2105 indemnatus
1638 2061 1826 2119 posset.
1896 2054 2070 2115 Itaque
2105 2067 2263 2115 quum

208 2119 419 2167 insidias
444 2118 677 2166 Milonem
709 2116 882 2167 Clodio
917 2119 1100 2169 fecisse
1136 2124 1424 2184 posuissent
1457 2128 1795 2186 accusatores,
1831 2122 1951 2184 quia
1986 2118 2175 2171 falsum
2206 2122 2261 2169 id

208 2194 313 2233 erat
345 2209 414 2221 —
449 2198 562 2233 nam
596 2183 722 2234 torte
754 2184 844 2234 illa
881 2187 994 2237 rixa
1027 2190 1301 2239 commissa
1329 2189 1489 2239 suerat
1520 2215 1608 2249 —·,
1648 2187 1818 2239 Cicero
1846 2188 2180 2255 apprehendit
2212 2195 2262 2237 et

207 2259 378 2303 contra
396 2248 624 2303 Clodium
647 2250 820 2303 Miloni
845 2252 1034 2305 ‚fecisse
1076 2255 1287 2305 insidias
1322 2257 1611 2321 disputavit,
1646 2272 1805 2319 eoque
1839 2263 1945 2306 tots
1969 2257 2127 2306 oratio
2147 2257 2261 2317 eius

207 2320 466 2383 spectavit.
537 2319 639 2369 Sed
682 2318 752 2368 ita
781 2321 1032 2384 constitit,
1078 2331 1133 2370 ut
1171 2324 1423 2385 diximus,
1476 2325 1699 2375 neutrius
1734 2323 1943 2375 consilio
1979 2331 2261 2389 pugnatum

205 2400 318 2437 esse
349 2402 412 2436 eo
443 2386 544 2445 dle,
579 2400 750 2435 verum
775 2388 824 2437 ei
854 2387 981 2438 forte
1012 2392 1323 2441 occurrisse:
1359 2397 1410 2439 et
1440 2406 1503 2441 ex
1538 2393 1649 2443 rixa
1674 2406 1929 2444 servorum
1958 2392 2024 2442 ad
2054 2391 2259 2441 caedem

206 2461 516 2517 perventum.
586 2452 769 2503 Notum
803 2462 974 2504 tamen
1009 2465 1116 2506 erut
1171 2464 1443 2521 utrumque
1494 2469 1705 2511 mortem
1736 2460 1883 2511 alteri
1917 2472 2068 2523 saepe
2098 2460 2258 2507 mina-

205 2533 310 2571 tum
345 2536 486 2579 esse,
533 2528 583 2571 et
611 2521 748 2570 sicut·
775 2530 1064 2586 suspectum
1099 2522 1334 2575 Milonem
1371 2528 1533 2577 unior
1570 2542 1721 2590 quam
1750 2527 1909 2579 Clodii
1958 2525 2149 2576 familia
2186 2526 2258 2577 ta-

207 2589 384 2647 ciebat,
413 2589 484 2639 its
513 2588 797 2652 expeditior
829 2596 882 2639 et
915 2592 1141 2654 paratior
1181 2593 1248 2641 ed
1283 2608 1504 2659 pugnam
1540 2592 1895 2646 Clodianorum
1930 2609 2081 2658 quam
2112 2591 2257 2643 Milo·

206 2658 284 2704 nis
331 2655 512 2706 ruent.
584 2653 756 2705 Cicero
793 2671 947 2719 quum
977 2657 1216 2722 inciperet
1245 2658 1440 2721 dicere,
1498 2670 1736 2727 exceptus
1780 2673 1858 2713 est
1902 2660 2257 2713 acclamatione

205 2721 593 2786 Clodianorum,
635 2724 720 2786 qui
767 2737 823 2773 se
857 2725 1110 2775 continere
1145 2741 1209 2776 ne
1248 2736 1385 2780 metu
1420 2730 1626 2793 quidem
1660 2730 2091 2782 circumstantium
2126 2727 2256 2778 miii-

204 2798 312 2839 tum
345 2797 635 2855 potuerunt.
683 2791 856 2855 Itaque
889 2806 991 2841 non
1027 2808 1106 2853 ea,
1139 2810 1239 2857 qua
1272 2796 1452 2847 solitus
1488 2805 1611 2857 erat,
1642 2800 1920 2849 constantin
1954 2796 2102 2847 dixit.
2150 2796 2256 2845 Ma-

205 2865 288 2906 net
323 2866 488 2907 autem
521 2857 612 2907 ilia
645 2873 844 2921 quoque
879 2867 1090 2925 excepta
1125 2864 1232 2917 eius
1270 2866 1445 2917 oratio.
1520 2864 1733 2930 Scripsit
1770 2881 1889 2917 vero
1920 2864 2082 2929 hanc,
2108 2877 2258 2926 quum

203 2923 436 2988 legimus,
475 2927 544 2975 ita
576 2925 816 2989 perfecte,
850 2936 905 2978 ut
939 2928 1046 2979 iure
1076 2932 1240 2995 prima
1273 2930 1447 2983 haberi
1480 2934 1659 2997 possit.

426 3056 770 3122 EIUSDEM
802 3059 871 3134 Q.
901 3060 1212 3124 ASCONII
1244 3064 1555 3127 PEDIANI
1582 3064 1792 3129 HAEC
1821 3064 2040 3129 SUNT.

335 3192 542 3243 Peracta
573 3191 822 3259 utrimque
851 3208 1006 3244 causa
1053 3194 1240 3260 singuli
1276 3198 1456 3258 quinos
1503 3204 1761 3247 accusator
1807 3205 1857 3246 et
1895 3211 2013 3248 reus
2058 3206 2257 3247 senato·

195 3273 313 3318 res,
359 3261 568 3311 totidem
603 3260 796 3321 equites
825 3267 874 3308 et
919 3260 1146 3311 tribunos
1179 3264 1400 3313 aerarios
1427 3264 1731 3326 reiecerunt,
1769 3263 1842 3313 itu
1886 3272 1943 3313 ut
1975 3278 2108 3317 unns
2137 3274 2189 3314 et
2216 3263 2258 3313 1.

195 3328 472 3377 sententies
518 3326 734 3376 tulerim.
799 3325 1068 3377 Senatores
1119 3328 1568 3381 condemnaverunt
1614 3328 1723 3386 ΧΠ,
1776 3329 2099 3383 absolverunt
2153 3332 2248 3381 Ἧι
