2459 3817
208 168 289 232 ‘18
687 165 763 223 IN
793 164 854 222 C.
884 156 1210 220 VERREM
1241 156 1407 215 ACT.
1434 156 1505 212 11.
1536 152 1678 211 ΠΒ.
1713 154 1813 209 lv.

216 317 540 394 cupiditasz
581 316 700 375 hoc
730 312 908 373 etiam
933 309 1132 371 acrior
1165 318 1351 383 atque
1382 302 1685 375 insanior,
1730 301 1896 377 quod
1932 300 2033 367 illa
2062 295 2263 372 cupie-

215 404 312 463 bat
339 400 431 472 id,
467 399 634 475 quod
665 396 928 468 viderat,
966 393 1146 453 huius
1178 390 1459 450 libidines
1504 402 1626 447 non
1656 385 1853 446 solum
1882 381 2107 452 oculis,
2156 380 2267 440 sed

216 485 390 546 etiam
432 480 682 542 auribus
723 478 1163 539 excitabantur.
1248 474 1401 533 XIX.
1458 468 1559 531 40.
1605 466 1892 541 conquiri
1932 464 2266 526 Diodorum

216 576 336 628 tota
366 563 681 640 provincia
708 562 892 622 iubet.
962 561 1067 619 Ille
1103 574 1181 617 ex
1214 554 1422 615 Sicilia
1449 555 1565 612 iam
1614 558 1815 611 castra
1857 554 2266 608 commoverat

218 658 274 711 et
314 665 466 707 vasa
513 647 858 719 collegerat.
940 644 1170 713 Homo,
1212 646 1278 698 ut
1320 636 1527 711 aliquo
1572 634 1755 695 modo
1798 633 1857 691 in
1891 628 2266 705 provinciam

216 734 378 792 illum
419 735 765 801 revocaret,
809 727 968 785 hanc
997 721 1304 797 excogitat
1332 720 1655 779 rationem:
1708 716 1761 775 si
1789 715 1943 773 haec
1972 712 2125 773 ratio
2161 728 2267 784 po-

218 814 334 875 tius
365 829 546 888 quam
575 809 837 871 amentia
869 806 1239 869 nominanda
1264 811 1376 865 est.
1440 798 1715 876 Apponit
1741 799 1819 857 de
1852 797 1999 883 suis·
2015 794 2267 855 canibus

221 896 570 973 quemdam,
625 893 730 969 qui
775 892 936 952 dicat
977 907 1048 950 se
1091 887 1425 949 Diodorum
1466 883 1843 943 Melitensem
1870 878 1960 939 rei
1996 877 2269 952 capitalis

221 996 384 1041 reum
413 980 572 1038 velle
599 978 823 1036 facere.
883 975 1083 1033 Primo
1113 970 1329 1031 mirum
1362 966 1641 1027 omnibus
1672 962 1895 1033 videri,
1938 960 2271 1021 Diodorum

223 1079 414 1133 reum,
455 1059 760 1121 hominem
790 1051 1265 1131 quietissimum,
1296 1052 1372 1111 ab
1405 1050 1566 1111 omni
1594 1063 1713 1108 non
1744 1046 1929 1105 modo
1964 1041 2270 1114 facinoriS,

225 1162 426 1205 verum
477 1142 655 1203 etiam
702 1138 929 1200 minimi
979 1136 1159 1197 errati
1203 1132 1559 1209 suspicione
1605 1125 2109 1189 remotissimum:
2169 1123 2269 1182 de-

227 1226 366 1287 inde
389 1242 533 1285 esse
556 1223 972 1299 perspicuum,
995 1220 1129 1281 fieri
1150 1218 1354 1281 omnia
1376 1218 1477 1276 illa
1502 1221 1759 1291 propter
1779 1220 2120 1289 argentum.
2164 1213 2286 1271 Iste

229 1326 346 1369 non
378 1309 614 1367 dubitat
643 1307 854 1367 iubere
884 1318 1109 1365 nomen
1141 1302 1397 1370 deferri,
1440 1308 1503 1359 et
1541 1305 1669 1359 tum
1702 1296 1959 1371 primum
2004 1300 2115 1366 [ut]
2160 1294 2281 1367 opi-

233 1396 342 1440 nor
383 1379 565 1440 istum
606 1381 878 1441 absentis
923 1397 1146 1442 nomen
1194 1378 1529 1455 recepisse.
1586 1378 1686 1439 41.
1728 1380 1853 1439 Res
1886 1381 2049 1439 clara
2081 1379 2277 1439 Sicilia

234 1470 390 1533 tota,
451 1470 702 1536 propter
739 1463 954 1523 caelati
1001 1462 1237 1537 argenti
1285 1462 1673 1536 cupiditatem
1714 1479 1858 1521 reos
1902 1461 2034 1521 fieri
2083 1476 2283 1521 rerum

237 1543 578 1618 capitalium
607 1561 809 1619 neque
839 1546 1037 1606 solum
1067 1561 1210 1605 reos
1241 1544 1403 1618 fieri,
1442 1546 1555 1604 sed
1574 1544 1754 1606 etiam
1777 1545 2087 1605 absentes.
2143 1543 2279 1603 Dio-

239 1628 419 1688 dorus
465 1628 696 1687 Romae
756 1628 1104 1689 sordidatus
1158 1628 1385 1687 circum
1434 1636 1723 1700 patronos
1773 1635 1957 1702 atque
2006 1627 2282 1700 hospites

237 1726 508 1772 cursaret
565 1726 693 1770 rem
738 1710 1020 1771 omnibus
1075 1724 1341 1771 narrare.
1434 1710 1695 1771 Litterae
1742 1708 2054 1770 mittuntur
2100 1707 2200 1768 isti
2245 1724 2281 1765 a

237 1802 402 1869 patre
446 1793 868 1867 vehementes,
923 1795 1000 1854 ab
1045 1792 1261 1854 amicis
1304 1791 1474 1863 item,
1526 1793 1761 1854 videret
1790 1792 1937 1867 quid
1971 1799 2179 1867 ageret
2206 1790 2284 1849 de

231 1877 495 1971 piodoro
512 1922 528 1949 ,
555 1894 678 1951 quo
701 1878 1198 1952 progrederetur:
1244 1892 1372 1936 rem
1396 1878 1618 1936 claram
1642 1891 1785 1935 esse
1807 1882 1867 1936 et
1889 1872 2281 1934 invidiosarm

229 1958 497 2019 insanire
526 1958 850 2031 hominem,
884 1960 1214 2035 periturum
1245 1959 1363 2021 hoc
1393 1974 1515 2018 uno
1546 1958 1815 2033 erimine,
1846 1956 1964 2017 nisi
1994 1954 2279 2016 cavisset.

238 2042 350 2099 {ste
396 2040 576 2100 etiam
620 2049 744 2101 tum
789 2051 1049 2116 patrem,
1107 2042 1160 2103 si
1194 2058 1316 2102 non
1351 2040 1411 2100 in
1445 2040 1744 2116 parentis,
1786 2049 1849 2102 at
1877 2038 1936 2099 in
1974 2037 2281 2099 hominum

236 2138 484 2219 numero
529 2124 810 2208 putabate
863 2124 944 2183 ad
973 2123 1260 2183 iudicium
1301 2124 1571 2183 nondum
1602 2140 1673 2184 se
1701 2122 1851 2185 satis
1887 2121 2283 2182 instruxerat=

234 2221 462 2281 primus
501 2222 702 2267 annus
744 2214 876 2266 erat
915 2204 1297 2280 provinciaee
1356 2221 1480 2265 non
1518 2215 1585 2267 ut
1618 2206 1679 2265 in
1710 2205 1992 2275 Sthenio,
2042 2203 2158 2265 iam
2188 2218 2255 2261 re

232 2289 420 2348 fertus
463 2290 740 2363 pecunia.
813 2290 1024 2362 ltaque
1065 2289 1232 2348 furor
1278 2286 1411 2347 eius
1459 2290 1817 2363 paullulum,
1862 2305 1981 2347 non
2026 2286 2280 2361 pudore,

231 2371 342 2431 sed
384 2378 546 2431 metu
587 2387 660 2431 ac
697 2370 907 2431 timore
949 2386 1274 2445 repressus
1311 2379 1422 2430 est.
1502 2371 1920 2431 condemnare
1951 2368 2283 2429 Diodorum

231 2470 351 2513 non
383 2455 570 2547 audet
594 2455 939 2515 absentem:
984 2454 1062 2513 de
1089 2451 1210 2513 reis
1241 2451 1465 2513 eximit.
1530 2454 1837 2514 Diodorus
1860 2453 2091 2512 interea
2110 2465 2281 2526 prae·

228 2544 360 2629 tore
389 2543 505 2595 isto
535 2552 730 2612 prope
753 2534 1072 2597 triennium
1095 2534 1412 2611 provincia
1434 2536 1743 2611 domoque
1767 2536 1976 2597 caruit.
2005 2532 2106 2594 42.
2137 2534 2283 2593 Cae-

233 2625 341 2677 teri
389 2634 510 2677 non
551 2621 748 2679 solum
789 2618 1007 2692 Siculi,
1051 2620 1160 2679 sed
1195 2618 1376 2679 etiam
1412 2619 1579 2681 cives
1608 2618 1865 2680 Romani
1898 2619 2016 2679 hoc
2058 2624 2277 2678 statue-

229 2709 391 2761 rant:
449 2703 736 2774 quoniam
780 2700 896 2762 iste
940 2709 1168 2763 tantum
1217 2699 1546 2776 cupiditate
1599 2704 2093 2778 progrederetur,
2137 2698 2283 2758 nihil

229 2799 372 2844 esse
401 2783 568 2857 quod
605 2784 928 2859 quisquam
962 2792 1201 2859 putaret
1229 2800 1330 2857 se,
1379 2786 1545 2858 quod
1572 2785 1670 2846 isti
1704 2787 1909 2859 paullo
1939 2784 2131 2858 magis
2156 2782 2284 2855 pla·

231 2873 423 2938 ceret,
469 2882 838 2927 conservare
869 2875 972 2927 aut
997 2866 1162 2927 domi
1192 2866 1453 2927 retinere
1485 2884 1691 2942 posse.
1762 2868 1887 2927 XX.
1932 2868 2153 2927 Postea
2180 2880 2283 2923 ve-

232 2964 298 3043 ro
348 2965 529 3044 quam
565 2948 989 3011 intellexerunt
1027 2949 1123 3009 isti
1161 2949 1355 3009 virum
1392 2951 1633 3023 sortem,
1676 2968 1858 3025 quem
1882 2964 2116 3010 summe
2139 2963 2283 3021 pro-

230 3048 430 3127 vincia
471 3033 899 3107 exspectabat,
951 3033 1018 3106 Q.
1051 3032 1325 3106 Arrium,
1371 3050 1488 3094 non
1538 3035 1900 3106 succedere,
1946 3036 2283 3093 statuerunt

233 3115 372 3173 mhll
415 3130 486 3175 se
533 3124 650 3175 tam
692 3117 964 3176 clausum
1008 3131 1208 3189 neque
1248 3124 1366 3175 tam
1409 3116 1785 3177 reconditum
1818 3132 2008 3190 posse
2036 3112 2282 3182 habere,

231 3197 399 3271 quod
440 3215 559 3260 non
603 3197 778 3260 istius
811 3197 1124 3273 cupiditati
1156 3196 1605 3272 apertissimum
1638 3196 2281 3273 promptissimumque

231 3290 417 3340 esset.
2253 3296 2259 3300 ·

397 3363 544 3422 Tum
579 3363 693 3423 iste
733 3364 812 3424 ab
841 3364 1045 3440 equite
1076 3366 1348 3424 Romano
1382 3363 1701 3439 splendido
1734 3373 1791 3422 et
1823 3361 2124 3437 gratioso,
2173 3360 2277 3419 Cn.
