2459 3817
724 159 893 223 cAP.
923 165 1188 224 ,τι-39.
1231 166 1286 227 s.
1321 167 1622 225 96-103.
2097 168 2220 239 163

154 308 409 389 gloriam
423 354 439 382 ,
476 307 691 385 populi
722 311 981 372 Romani
1008 327 1229 373 nomen
1245 357 1264 388 ,
1303 310 1614 373 hominum
1643 319 2009 374 conventum
2036 318 2220 388 atque

154 392 597 459 multitudinem
637 392 897 469 piratico
934 394 1334 471 myoparonia
1399 394 1462 456 in
1503 404 1685 471 portu
1711 394 2106 473 Syracusano
2141 396 2222 456 de

154 480 357 539 classe
392 474 607 553 populi
628 474 887 538 Romani
912 476 1280 554 triumphum
1307 494 1494 555 agere
1524 478 1799 555 piratam,
1829 496 2014 555 quum
2043 494 2216 554 prae·

154 561 305 625 toris
338 558 689 623 inertissimi
722 558 1207 639 nequissimique
1249 563 1464 625 oculos
1506 564 1886 638 praedonum
1929 561 2082 623 remi
2121 577 2224 623 re-

155 652 543 723 spargerent!

326 728 547 789 Postea
594 744 774 803 quam
814 744 853 789 e
880 736 1061 804 portu
1089 737 1328 806 piratae
1355 746 1478 790 non
1507 736 1674 790 metu
1713 727 1922 805 aliquo
1971 725 2216 803 adlecti,

156 812 271 873 sed
299 810 575 873 satietate
596 812 902 884 exierunt,
931 820 1058 873 tum
1085 821 1428 887 coeperunt
1453 828 1753 888 quaerere
1771 810 2052 874 homines
2073 828 2216 874 cau-

160 912 291 957 sam
323 894 487 957 illius
516 895 733 957 tantae*
758 894 1135 958 calamitatis.
1198 896 1422 957 Dicere
1451 910 1664 957 omnes
1691 902 1754 956 et
1785 896 1987 970 palam
2005 895 2212 971 dispu-

154 988 311 1053 tare,
345 978 590 1039 minime
618 994 762 1039 esse
790 976 1160 1054 mirandum,
1196 978 1286 1051 si,
1327 978 1662 1053 remigibus
1689 977 2099 1052 militibusque
2127 978 2226 1039 di-

153 1058 395 1135 missis,
421 1059 677 1136 reliquis
708 1068 980 1135 egestate
1018 1070 1083 1125 et
1120 1064 1281 1123 fame
1314 1061 1566 1139 perditis
1581 1108 1600 1137 ,
1633 1068 1917 1137 praetore
1955 1068 2046 1122 tot
2083 1060 2218 1121 dies

154 1161 297 1207 cum
324 1142 697 1205 mulierculis
727 1152 1118 1219 perpotante,
1141 1154 1310 1207 tanta
1339 1143 1668 1220 ignominia
1697 1152 1757 1207 et
1777 1142 2090 1205 calamitas
2118 1159 2224 1204 es·

154 1236 259 1289 set
285 1234 559 1301 accepta.
625 1225 767 1287 101.
828 1228 996 1287 Haec
1024 1234 1229 1288 autem
1267 1228 1450 1289 istius
1480 1226 1848 1305 vituperatio
1889 1236 2074 1302 atque
2127 1226 2216 1287 in·-

149 1308 345 1371 famia
372 1308 845 1371 confirmabatur
874 1324 1089 1371 eorum
1116 1328 1430 1383 sermone,
1475 1312 1580 1386 qui
1621 1328 1659 1371 a
1701 1310 1832 1372 suis
1871 1309 2218 1372 civitatibus

149 1393 276 1456 illis
304 1390 565 1453 navibus
598 1392 938 1467 praepositi
967 1395 1223 1456 fuerant.
1287 1395 1400 1469 Qui
1443 1410 1525 1455 ex
1553 1394 1658 1457 illo
1705 1410 1960 1455 numero
1997 1392 2214 1469 reliqui

156 1477 537 1556 Syracusas,
582 1476 789 1537 classe
838 1476 1095 1553 amissa,
1141 1480 1521 1553 refugerant,
1572 1476 1888 1554 dicebant,
1941 1484 2094 1554 quot
2137 1493 2216 1537 ex

156 1576 271 1622 sua
298 1559 565 1637 quisque
592 1575 753 1619 nave
778 1557 1003 1621 missos
1034 1564 1219 1624 sciret
1251 1579 1417 1625 esse.
1471 1563 1597 1623 Res
1629 1569 1762 1623 erat
1789 1562 1976 1631 elata,
2015 1575 2218 1635 neque

156 1645 356 1705 solum
399 1644 802 1720 argumentis,
841 1644 958 1706 sed
996 1644 1171 1707 etiam
1218 1645 1402 1707 certis
1439 1645 1698 1707 testibus
1741 1644 1920 1705 istius
1959 1641 2220 1703 audacia

154 1728 489 1789 tenebatur.
550 1726 812 1787 XXXIX.
863 1727 1061 1789 Homo
1094 1727 1318 1790 certior
1335 1730 1406 1789 fit
1434 1730 1530 1803 agi
1552 1728 1700 1788 nihil
1728 1725 1790 1786 in
1821 1728 1954 1787 foro
1984 1733 2045 1785 et
2073 1739 2222 1785 con-

156 1818 345 1873 ventu
369 1817 498 1871 toto
518 1807 638 1883 die,
664 1808 787 1870 nisi
812 1810 933 1870 hoc
954 1810 1168 1887 quaeri
1189 1829 1268 1872 ex
1290 1810 1636 1883 nauarchiS,
1665 1825 1848 1883 quem
1869 1808 1950 1868 ad
1971 1807 2220 1867 modum

157 1892 377 1956 classis
406 1891 487 1953 sit
512 1892 776 1954 amissae
818 1892 959 1953 illos
985 1894 1366 1968 respondere
1413 1900 1475 1953 et
1513 1892 1742 1953 docere
1782 1908 1970 1952 unum
2009 1905 2220 1965 quem·

158 1992 311 2053 que,
340 1974 636 2038 missione
664 1974 995 2051 remigum,
1020 1977 1183 2037 fame
1210 1975 1604 2053 reliquorum,
1637 1972 1977 2035 Cleomenis
2003 1973 2220 2035 timore

157 2068 218 2121 et
250 2061 414 2134 ruga.
480 2058 657 2133 Quod
698 2066 919 2133 postea
960 2073 1143 2134 quarn
1185 2058 1306 2121 iste
1347 2058 1664 2134 cognovit,
1713 2058 1871 2119 hanc
1921 2056 2217 2118 rationem

156 2142 387 2203 habere
434 2141 657 2217 coepit.
726 2142 983 2203 Causam
1030 2141 1149 2204 sibi
1204 2140 1528 2203 dicendam
1575 2154 1718 2204 esse
1767 2150 2060 2203 statuerat
2098 2138 2218 2201 iam

156 2233 318 2299 ante,
354 2240 535 2300 quam
562 2226 679 2284 hoc
708 2242 830 2287 usu
865 2224 1047 2300 venit,
1081 2224 1164 2287 ita
1195 2234 1264 2287 ut
1293 2227 1492 2302 ipsum
1518 2224 1721 2301 priore
1748 2227 1987 2287 actione
2015 2224 2220 2283 dicere

154 2306 433 2369 audistis.
499 2306 766 2368 Videbat
790 2307 910 2369 illis
936 2310 1263 2371 nauarchis
1294 2310 1552 2371 testibus
1582 2316 1812 2370 tantum
1840 2308 1962 2368 hoc
1990 2306 2218 2367 crimen

154 2390 459 2453 sustinere
493 2407 564 2451 se
598 2392 763 2451 nullo
792 2392 977 2453 modo
1007 2409 1220 2468 posse.
1281 2394 1611 2455 Consilium
1647 2391 1814 2467 capit
1844 2388 2038 2466 primo
2073 2387 2219 2450 stul·

150 2485 313 2548 tum,
348 2490 560 2535 verum
590 2480 791 2535 tamen
826 2477 1115 2537 clemens.
1176 2474 1318 2537 102.
1376 2476 1731 2539 Nauarchos
1763 2476 1846 2537 ad
1887 2490 1958 2535 se
2011 2469 2221 2533 vocari

150 2551 338 2615 iubet.
367 2556 656 2617 Veniunt.
686 2556 963 2614 Accusat
984 2566 1117 2623 eos,
1136 2552 1304 2625 quod
1337 2550 1472 2611 eius
1507 2549 1673 2612 modi
1704 2550 1784 2609 de
1802 2566 1874 2611 se
1895 2564 2217 2610 sermones

150 2635 503 2700 habuerint=
558 2642 739 2712 rogat
775 2644 843 2697 ut
880 2635 965 2709 [id
1004 2636 1211 2695 facere
1238 2632 1542 2693 desistant
1570 2638 1650 2704 et]
1693 2632 1756 2691 in
1795 2648 1914 2693 sua
1953 2632 2218 2708 quisquo

152 2718 319 2783 dicat
346 2720 492 2782 navi
519 2738 592 2783 so
617 2726 850 2781 tantum
881 2716 1177 2779 habuisse
1204 2723 1558 2790 nautarum,
1603 2721 1898 2790 quantum
1927 2723 2218 2791 oportue

148 2802 256 2876 rit,
302 2820 510 2880 neque
560 2818 931 2880 quemquam
988 2816 1134 2861 esse
1186 2797 1522 2859 dimissum.
1607 2797 1700 2858 Illi
1743 2797 1898 2859 enim
1947 2815 2101 2860 vero
2147 2814 2220 2861 se

152 2888 523 2961 ostendunt,
568 2886 739 2963 quod
765 2888 987 2957 vellet,
1028 2898 1175 2945 esse
1203 2883 1502 2943 facturos.
1578 2881 1704 2941 Iste
1733 2898 1856 2943 non
1887 2882 2218 2959 procrasti-

148 2977 277 3032 nat.
316 2972 611 3034 Advocat
634 2967 869 3033 amicos
894 2968 1118 3029 statim.
1162 2964 1412 3039 Quaerit
1439 2980 1520 3025 ex
1546 2963 1666 3025 illis
1697 2964 2042 3041 singillatim
2067 2973 2220 3042 quot

152 3052 421 3129 quisque
448 3061 669 3116 nautas
706 3052 1006 3113 habuerit.
1079 3048 1446 3124 Respondet
1471 3064 1634 3111 unus
1665 3048 1959 3126 quisque,
1988 3057 2058 3109 ut
2085 3055 2220 3111 erat

145 3142 562 3211 praeceptum.
623 3137 749 3197 Iste
782 3134 845 3197 in
877 3136 1117 3198 tabulas
1156 3138 1373 3197 referte
1425 3136 1710 3212 obsignat
1749 3132 1944 3209 signis
1987 3127 2214 3191 amico-

146 3234 277 3279 rum
304 3216 639 3293 providens
666 3217 883 3295 homo,
911 3226 1217 3282 utcontra
1252 3219 1371 3281 hoc
1400 3219 1658 3292 crimen,
1689 3216 1743 3279 si
1774 3215 2020 3291 quando
2053 3226 2214 3283 opus

146 3306 343 3373 esset,
398 3300 515 3361 hac
557 3300 842 3363 videlicet
892 3300 1319 3365 testificatione
1371 3309 1658 3363 uteretur.
1725 3298 1866 3359 103.
1927 3291 2212 3356 Derisum

149 3396 289 3445 esse
318 3383 505 3447 eredo
532 3381 839 3445 hominem
868 3392 1167 3474 mgentem
1195 3402 1232 3447 a
1263 3383 1396 3446 suis
1433 3379 1798 3445 consiliariis
1839 3387 1899 3441 et
1939 3372 2216 3437 admoui·-
