2459 3817
748 157 915 218 cAP.
946 165 1207 220 24-26.
1249 161 1302 224 S.
1329 161 1594 222 67—73.
1789 218 1800 222 -
2115 156 2201 224 23
2279 215 2285 219 .

156 306 391 372 Lentuli
426 305 750 370 societates
794 323 931 368 cum
968 305 1301 379 indicibus,
1354 306 1492 382 quis
1532 303 1832 368 insaniam
1873 304 2204 384 libidinum,

156 391 297 466 quis
343 407 694 467 perversam
736 397 921 465 atque
960 389 1205 465 impiam
1257 387 1612 464 religionem
1655 389 2042 464 recordatur,
2099 391 2206 464 qui

153 472 318 535 illum
348 481 453 534 aut
476 471 707 534 nefarie
734 472 1043 548 cogitasse
1068 480 1182 534 aut
1200 473 1381 532 stulte
1411 488 1700 547 sperasse
1728 471 2017 533 miretur?
2057 471 2204 546 Quis

154 555 233 617 de
274 555 337 615 (Β.
380 555 641 630 Cethego
686 562 868 630 atque
906 556 1043 616 eius
1087 555 1147 616 in
1186 554 1542 630 Hispaniam
1585 554 1963 630 profectione
2008 571 2082 616 ac
2126 556 2206 616 de

154 637 495 710 vulneret).
517 637 740 698 Metelli
766 637 855 698 Pii
884 638 1111 714 cogitat
1134 639 1233 699 cui
1261 653 1383 698 non
1411 638 1492 698 ad
1519 636 1682 700 illius
1708 655 1970 713 poenam
1995 654 2206 700 carcer

152 719 510 782 aedificatus
541 736 683 781 esse
718 719 1039 782 videatur?
1079 719 1298 782 Omitto
1365 728 1634 794 ceteros,
1664 736 1743 783 ne
1773 720 1852 782 sit
1877 721 2201 783 infinitum

153 799 252 866 71.
293 811 519 865 tantum
548 819 587 863 a
618 803 795 864 vobis
825 812 1002 880 peto,
1043 811 1111 863 ut
1135 801 1301 864 taciti
1329 803 1407 863 de
1443 802 1754 872 omnibus,
1801 820 1959 879 quos
1993 803 2202 866 coniu-

151 902 327 948 rasse
376 885 681 962 cognitum
726 895 849 959 est,
900 885 1209 962 cogitetis:
1269 885 1614 961 intelligetis
1663 903 1850 947 unum
1901 903 2204 961 quemque

150 984 361 1030 eorum
384 967 553 1045 prius
576 966 654 1026 ab
678 983 793 1028 sua
825 965 951 1026 vita
976 979 1159 1038 quam
1183 971 1394 1024 vestra
1422 966 1766 1042 suspitione
1793 984 1935 1028 esse
1959 969 2203 1028 damna·

149 1062 295 1116 tum.
350 1052 557 1127 Ipsum
580 1049 745 1110 illum
770 1050 1145 1123 Autronium,
1181 1048 1470 1126 quoniam
1490 1051 1623 1112 eius
1647 1065 1867 1112 nomen
1891 1049 2206 1112 finitimum

147 1135 413 1196 maxime
440 1141 535 1194 est
566 1131 747 1192 huius
777 1132 1045 1207 periculo
1076 1140 1137 1193 et
1164 1131 1414 1208 crimini,
1447 1150 1570 1196 non
1601 1150 1715 1194 sua
1737 1134 1860 1194 vita
1891 1150 1965 1194 ac
1994 1143 2205 1194 nature

154 1214 467 1276 convicit?
561 1212 817 1289 Semper
846 1215 1085 1289 audax,
1126 1217 1435 1290 petulans,
1477 1215 1873 1277 libidinosum
1931 1233 2112 1291 quem
2142 1216 2204 1276 in

154 1302 499 1368 stuprorum
522 1294 981 1358 defensionibus
1010 1314 1132 1359 non
1162 1299 1363 1360 solum
1388 1298 1592 1360 verbis
1625 1297 1712 1360 uti
1734 1297 2206 1374 improbissimis

152 1375 395 1439 solitum
425 1393 566 1438 esse
596 1377 823 1440 scimus
883 1395 1095 1440 verum
1122 1380 1302 1442 etiam
1339 1379 1562 1456 pugnis
1587 1390 1650 1445 et
1675 1381 1974 1442 calcibus:
2023 1397 2206 1456 quem

151 1457 472 1525 exturbare
499 1457 783 1523 homines
815 1476 895 1523 ex
920 1462 1455 1538 possessionibus,
1507 1465 1758 1526 caedem
1808 1465 2012 1525 facere
2059 1463 2202 1526 vici·

148 1545 381 1614 norum,
418 1541 685 1617 spoliare
714 1546 856 1604 sana
882 1545 1204 1620 sociorum,
1243 1545 1305 1607 vi
1327 1547 1658 1626 [conatum]
1680 1555 1742 1608 et
1769 1547 1958 1608 armis
1982 1547 2203 1608 distur-

148 1623 296 1686 bare
324 1624 563 1698 iudicia,
598 1625 661 1687 in
687 1625 867 1688 bonis
894 1630 1079 1691 rebus
1111 1646 1324 1690 omnes
1356 1639 1759 1701 contemnere,
1793 1629 1852 1690 in
1888 1629 2062 1690 malis
2093 1646 2202 1704 pu-

147 1722 335 1781 gnare
363 1717 576 1769 contra
602 1709 834 1784 bonos,
874 1728 996 1771 non
1032 1711 1122 1772 rei
1164 1711 1446 1788 publicae
1475 1713 1726 1782 cedere,
1769 1728 1895 1772 non
1926 1713 2204 1772 fortunae

144 1788 271 1865 ipsi
296 1791 713 1850 succumbere.
768 1793 964 1852 Huius
992 1795 1047 1853 si
1088 1809 1278 1854 causa
1311 1796 1433 1856 non
1467 1792 1978 1852 manifestissimis
2017 1795 2202 1856 rebus

147 1880 483 1944 teneretur,
516 1880 714 1934 tamen
744 1890 881 1933 eum
914 1890 1117 1935 mores
1144 1874 1340 1944 ipsius
1372 1890 1445 1934 ac
1474 1873 1599 1936 vita
1627 1873 2042 1934 convinceret.

312 1951 641 2014 xxv1.·72.
666 1955 969 2029 Agedum,
997 1958 1277 2018 conferte
1291 1973 1455 2017 nunc
1475 1973 1613 2018 cum
1626 1955 1788 2016 illius
1803 1953 1930 2014 vita
1939 1955 2118 2016 vitam
2136 1956 2201 2015 P.

148 2035 373 2110 Sullae,
402 2035 579 2096 vobis
602 2037 958 2113 populoque
978 2038 1254 2098 Romano
1279 2036 1675 2112 notissimam,
1704 2037 1958 2112 iudiceS,
1989 2047 2049 2099 et
2067 2055 2202 2099 eam

145 2128 287 2180 ante
317 2119 529 2180 oculos
562 2129 801 2181 vestros
830 2119 1173 2202 proponite.
1232 2121 1491 2196 Ecquod
1520 2129 1616 2182 est
1640 2119 1820 2182 huius
1851 2123 2072 2182 factum
2101 2128 2205 2182 aut

148 2200 539 2263 commissum
567 2219 690 2262 non
725 2201 921 2262 dicam
954 2201 1282 2278 audacius,
1329 2204 1441 2264 sed
1471 2203 1640 2278 quod
1680 2202 1960 2278 cuiq-uam
1998 2205 2202 2278 paullo

145 2283 347 2346 minus
402 2284 850 2346 consideratum
877 2285 1231 2350 videretur?
1287 2285 1533 2347 Factum
1593 2293 1863 2362 quaero?
1929 2287 2202 2347 Verbum

145 2367 391 2442 ecquod
419 2385 705 2443 umquam
739 2385 819 2428 ex
842 2384 947 2429 ore
978 2369 1157 2430 huius
1182 2368 1427 2442 excidit,
1455 2370 1518 2428 in
1551 2386 1673 2444 quo
1707 2368 2033 2448 quisquam
2055 2387 2200 2445 pos-

146 2458 245 2511 set
289 2449 558 2511 offendi?
623 2453 706 2512 At
742 2467 887 2511 vero
928 2451 990 2511 in
1034 2450 1138 2512 illa
1176 2449 1346 2526 gravi
1389 2451 1456 2511 L.
1489 2452 1693 2514 Sullae
1739 2454 2202 2528 turbulentaque

142 2532 400 2594 victoria
424 2533 563 2608 quis
581 2533 645 2592 P.
670 2531 838 2594 Sulla
859 2532 1075 2608 mitior,
1108 2533 1246 2609 quis
1275 2533 1728 2598 misericordior
1755 2537 2040 2596 inventus
2069 2541 2204 2595 est?

143 2615 337 2689 Quam
366 2617 689 2677 multorum
714 2613 817 2676 hic
854 2616 1041 2678 vitam
1072 2625 1169 2678 est
1200 2633 1240 2678 a
1265 2617 1332 2677 L.
1367 2617 1536 2678 Sulla
1567 2619 1966 2693 deprecatus!
2018 2633 2202 2692 quam

142 2697 315 2759 multi
355 2707 499 2761 sunt
532 2698 751 2759 summi
784 2698 1061 2761 homines
1094 2709 1155 2762 et
1195 2699 1564 2762 ornatissimi
1603 2707 1664 2760 et
1694 2699 1886 2759 nostri
1919 2706 1982 2760 et
2014 2715 2199 2773 eque—

143 2779 287 2842 stris
314 2779 561 2854 ordinis,
594 2797 851 2856 quorum
874 2799 986 2856 pro
1011 2784 1205 2844 salute
1232 2799 1302 2842 se
1324 2782 1422 2841 hic
1447 2781 1652 2842 Sullae
1674 2779 1992 2856 obligavit!
2035 2781 2205 2854 Quos

141 2879 261 2940 ego
289 2863 695 2924 nominarem=
747 2880 949 2940 neque
987 2865 1147 2926 enim
1174 2864 1296 2939 ipsi
1327 2864 1542 2923 nolunt
1575 2871 1636 2924 et
1665 2861 1806 2924 huic
1835 2862 2039 2924 animo⁴
2065 2879 2201 2938 gra·

142 2943 379 3007 tissimo
415 2947 664 3007 adsunt:
712 2945 825 3005 sed
857 2946 999 3023 quia
1026 2947 1220 3007 maius
1248 2952 1344 3006 est
1368 2944 1761 3019 beneficium,
1800 2963 1980 3022 quam
2010 2960 2204 3022 posse

142 3027 327 3089 debet
370 3027 523 3090 civis
567 3026 687 3090 civi
730 3029 909 3104 dare,
958 3029 1099 3090 ideo
1143 3046 1180 3089 a
1226 3027 1404 3088 vobis
1445 3036 1620 3104 peto,
1673 3038 1742 3090 ut
1791 3031 1956 3105 quod
2009 3024 2204 3106 potuit

144 3109 402 3187 tempori
440 3109 747 3184 tribuatiS,
800 3113 969 3187 quod
997 3111 1141 3172 fecit
1166 3109 1306 3186 ipsi.
1395 3106 1498 3175 73.
1545 3109 1702 3186 Quid
1728 3112 2026 3188 reliquam
2055 3125 2195 3170 con·

145 3191 425 3255 stantiam
450 3192 613 3255 vitae
642 3201 1151 3256 commemorem?
1188 3192 1568 3268 dignitatem,
1596 3193 2041 3267 liberalitatem,
2072 3207 2201 3251 mo-

144 3274 519 3337 derationem
545 3275 608 3337 in
630 3275 892 3354 ¹privatis
921 3277 1134 3350 rebuS,
1174 3276 1564 3351 splendorem
1593 3274 1654 3337 in
1685 3276 1990 3351 publicis?
2042 3289 2202 3349 quae

144 3359 225 3416 ita
270 3358 606 3422 deformata
646 3368 788 3422 sunt
825 3377 864 3420 a
898 3361 1165 3432 fortuna,
1221 3366 1292 3420 ut
1331 3365 1530 3420 tamen
1577 3376 1617 3421 a
1660 3367 1875 3419 natura
1919 3355 2205 3420 inchoata
