2459 3817
256 203 382 271 254
823 206 974 269 PRO
1003 208 1068 267 L.
1102 205 1432 270 MURENA
1465 205 1767 268 ORATIO.

257 369 372 434 est,
405 359 520 421 sed
547 357 608 420 in
638 357 878 420 militari
908 359 1115 420 labore
1147 367 1483 435 peragrata.
1542 359 1653 432 Qui
1678 358 1729 418 si
1760 358 2127 419 adolescens
2158 366 2333 435 patre

259 461 372 504 suo
417 445 780 518 imperatore
815 458 935 502 non
965 442 1317 517 meruisset,
1362 452 1466 504 aut
1496 444 1731 504 hostem
1772 449 1875 503 aut
1906 443 2094 517 patris
2136 441 2329 518 impe-

255 527 412 587 rium
447 523 722 586 timuisse
752 533 856 586 aut
882 541 920 585 a
946 534 1197 600 parente
1226 525 1583 602 repudiatus
1610 523 1938 586 videretur.
2007 527 2106 584 An
2138 543 2327 601 quum

257 611 477 670 sedere
523 609 583 667 in
628 608 807 683 equis
850 607 1345 684 triumphantium
1387 609 1744 686 praetextati
1792 607 2177 683 potissimum
2218 609 2329 670 filii

212 753 216 758 ,
259 693 526 764 soleant,
571 690 714 753 huic
755 691 934 753 donis
979 691 1337 753 militaribus
1387 692 1575 769 patris
1618 691 1986 766 triumphum
2028 692 2327 753 decorare

257 773 614 850 fugiendum
644 773 784 848 suit,
831 791 910 836 ne
938 773 1000 835 in
1029 776 1214 836 rebus
1246 775 1645 838 communiter
1684 774 1874 850 gestis
1916 789 2114 850 paene
2144 774 2329 838 simui

257 873 395 920 cum
444 865 614 934 patre
650 859 1086 934 triumpharet?
1161 857 1260 921 12.
1300 859 1413 922 Hic
1457 875 1633 932 vero,
1690 857 1960 931 iudiceS,
2012 866 2071 919 et
2112 859 2224 921 fuit
2260 859 2327 920 in

253 940 409 1002 Asia
435 949 498 1002 et
529 939 660 1002 viro
689 941 1040 1015 fortissimo,
1074 943 1309 1017 parenti
1341 960 1475 1017 suo,
1510 957 1729 1016 magno
1753 941 2103 1002 adiumento
2127 940 2189 1002 in
2216 959 2324 1018 pe—

254 1023 494 1099 riculis,
536 1023 768 1085 solacio
798 1027 858 1085 in
890 1024 1231 1099 laboribus,
1274 1025 1657 1101 gratulationi
1687 1024 1747 1084 in
1778 1024 2031 1086 victoria
2062 1024 2189 1088 luit.
2249 1026 2325 1088 Et

256 1107 311 1170 si
355 1108 538 1168 habet
564 1107 716 1168 Asia
777 1107 1178 1182 suspitionem
1220 1109 1500 1172 luxuriae
1546 1108 1901 1184 quamdam,
1950 1124 2074 1168 non
2109 1109 2327 1170 Asiam

253 1207 586 1268 numquam
613 1189 865 1263 vidisse,
899 1192 1011 1252 sed
1032 1191 1093 1253 in
1124 1191 1276 1253 Asia
1299 1192 1677 1254 continenter
1698 1191 1929 1252 vixisse
1954 1192 2325 1253 laudandum

255 1285 369 1337 est.
438 1275 628 1348 Quam
660 1276 739 1334 ob
779 1292 908 1335 rem
949 1290 1069 1335 non
1103 1277 1292 1338 Asiae
1330 1291 1550 1337 nomen
1592 1273 2001 1336 obiiciendum
2028 1275 2327 1336 Murenae

253 1359 394 1430 fuit,
439 1373 518 1418 ex
552 1373 673 1434 qua
701 1359 835 1418 laus
868 1356 1157 1431 familiae,
1201 1358 1495 1419 memoria
1525 1357 1765 1435 generi,
1808 1359 2008 1419 honos
2038 1368 2099 1420 et
2126 1358 2323 1434 gloria

251 1439 483 1501 nomini
512 1440 840 1501 constituta
872 1450 983 1514 est,
1014 1442 1126 1501 sed
1155 1441 1406 1518 aliquod
1435 1451 1539 1503 aut
1566 1441 1627 1502 in
1650 1440 1803 1502 Asia
1832 1450 2185 1517 susceptum
2216 1450 2325 1503 aut

256 1537 336 1606 ex
367 1521 517 1583 Asia
545 1523 930 1598 deportatum
959 1522 1251 1598 flagitium
1276 1541 1347 1584 ac
1375 1525 1667 1586 dedecus.
1714 1525 2017 1587 Meruisse
2038 1541 2189 1586 vero
2215 1524 2322 1586 sti·

253 1606 478 1682 pendia
510 1604 571 1666 in
605 1622 680 1667 eo
709 1605 903 1680 bello,
945 1608 1112 1682 quod
1151 1615 1277 1669 tum
1320 1609 1585 1683 populus
1613 1609 1927 1669 Romanus
1968 1625 2091 1670 non
2134 1610 2327 1670 modo

254 1688 599 1764 maximum,
631 1688 743 1750 sed
766 1691 946 1751 etiam
970 1692 1167 1752 solum
1189 1693 1458 1766 gerebat,
1480 1690 1735 1762 virtutiS,
1760 1701 1931 1766 patre
1953 1691 2325 1768 imperatore

255 1772 653 1835 libentissime
702 1772 1005 1836 meruisse
1057 1773 1332 1850 pietatis,
1392 1775 1575 1835 finem
1630 1775 2071 1849 stipendiorum
2126 1776 2325 1855 patris

255 1855 568 1918 victoriam
596 1872 672 1918 ac
705 1857 1072 1934 triumphum
1101 1857 1295 1920 fuisse
1326 1857 1625 1920 felicitatis
1652 1859 1777 1918 fuit.
1832 1859 2153 1920 Maledicto
2186 1859 2316 1934 qui·

255 1941 394 2001 dem
428 1939 658 2002 idcirco
688 1940 834 2001 nihil
867 1942 929 2001 in
965 1941 1138 2003 hisce
1179 1944 1365 2003 rebus
1398 1939 1517 2004 loci
1560 1949 1687 2015 est,
1737 1943 1903 2018 quod
1936 1941 2138 2002 omnia
2182 1943 2318 2005 laus

255 2022 602 2098 occupavit.

419 2107 524 2166 VI.
572 2105 669 2170 13.
717 2107 1075 2169 Saltatorem
1116 2111 1385 2187 appellat
1420 2111 1486 2170 L.
1526 2110 1838 2170 Murenam
1883 2109 2049 2170 Cato.
2132 2109 2315 2168 Male·

255 2187 480 2251 dictum
526 2199 648 2261 est,
696 2189 748 2249 si
789 2208 933 2251 vere
978 2190 1287 2266 obiicitur,
1343 2193 1717 2255 vehementis
1760 2189 2165 2253 accusator-isa
2220 2192 2323 2252 sin

255 2273 442 2348 salso,
482 2271 763 2332 maledici
803 2274 1243 2340 convitiatoris.
1317 2277 1446 2350 Qua
1472 2293 1539 2337 re
1571 2292 1756 2351 quum
1788 2275 1907 2335 ista
1938 2274 2026 2336 sis
2054 2273 2316 2336 auctori·

253 2365 404 2430 tate,
449 2372 572 2416 non
615 2356 834 2426 debes,
879 2357 1114 2431 Marce,
1157 2358 1438 2434 adripere
1471 2357 1855 2420 maledictum
1897 2374 1975 2419 ex
2008 2357 2183 2419 trivio
2212 2365 2319 2418 aut

253 2455 333 2498 ex
375 2455 721 2500 scurrarum
759 2438 966 2514 aliquo
1014 2441 1284 2502 convitio
1338 2458 1539 2518 neque
1579 2451 1805 2504 temere
1848 2443 2165 2503 consulem
2206 2457 2316 2518 po-

253 2521 681 2598 puli·Romani
726 2523 1074 2583 saltatorem
1115 2540 1371 2597 vocare,
1423 2526 1536 2585 sed
1578 2523 2048 2600 circumspicere
2090 2524 2319 2600 quibus

253 2613 572 2680 praeterea
598 2602 762 2666 vitiis
784 2605 1088 2665 adfectum
1112 2623 1256 2666 esse
1285 2623 1543 2668 necesse
1572 2607 1652 2669 sit
1672 2623 1826 2682 eum,
1858 2607 1953 2668 cui
1977 2625 2121 2669 vere
2148 2607 2321 2668 istud

254 2685 436 2748 obiici
477 2686 694 2764 possit.
748 2687 939 2748 Nemo
982 2687 1142 2748 enim
1185 2690 1315 2750 sere
1354 2692 1533 2751 saltat
1570 2689 1846 2763 sobrius,
1888 2689 2007 2751 nisi
2040 2693 2194 2752 forte
2222 2688 2316 2748 in·

254 2770 428 2845 sanit,
458 2785 660 2848 neque
688 2769 749 2831 in
782 2769 1111 2832 solitudine
1140 2787 1342 2847 neque
1376 2773 1436 2832 in
1468 2772 1753 2834 convivio
1784 2773 2097 2834 moderato
2126 2780 2319 2847 atque

251 2852 532 2915 honesto.
588 2852 959 2930 'tempestivi
993 2855 1289 2927 convivii,
1337 2858 1577 2918 amoeni
1608 2856 1759 2931 loci,
1803 2857 2117 2921 multarum
2159 2855 2313 2915 deli-

253 2934 482 2997 ciarum
511 2954 718 2999 comes
746 2948 842 2999 est
868 2944 1138 2999 extrema
1169 2938 1427 3000 saltatio.
1484 2941 1573 3001 Tu
1602 2938 1746 3000 mihi
1768 2938 2000 3016 adripis
2030 2937 2111 3010 id,
2141 2938 2321 3014 quod

251 3035 515 3081 necesse
541 3029 637 3082 est
665 3020 932 3083 omnium
951 3020 1236 3083 vitiorum
1259 3038 1403 3084 esse
1431 3031 1835 3099 postremuma
1865 3021 2160 3099 relinquis
2188 3020 2314 3095 illa,

253 3104 476 3180 quibus
513 3103 758 3164 remotis
791 3103 909 3164 hoc
937 3103 1145 3166 vitium
1175 3106 1423 3167 omnino
1454 3122 1596 3168 esse
1629 3121 1752 3167 non
1795 3111 2016 3184 potest.
2070 3105 2321 3166 Nullum

253 3187 435 3257 turpe
457 3183 825 3256 convivium,
849 3199 974 3245 non
997 3201 1189 3256 amor,
1220 3201 1345 3245 non
1369 3185 1757 3255 comessatio,
1789 3197 1914 3245 non
1940 3181 2147 3256 libido,
2171 3196 2307 3242 non-

254 3272 537 3341 sumptus
569 3269 940 3342 ostenditur,
973 3275 1034 3330 et
1067 3284 1253 3345 quum
1292 3283 1366 3329 ea
1395 3285 1519 3331 non
1549 3268 1957 3345 reperiantur,
2002 3281 2163 3342 quae
2192 3280 2301 3325 vo-

254 3347 504 3422 luptatis
527 3366 751 3412 nomen
774 3352 1019 3428 habent,
1042 3367 1413 3428 quamquam
1434 3352 1657 3414 vitiosa
1676 3359 1840 3424 sunt,
1865 3351 1926 3412 in
1950 3366 2077 3426 quo
2099 3349 2302 3426 ipsam

255 3430 556 3493 luxuriam
585 3434 859 3511 reperire
887 3451 1012 3497 non
1043 3442 1256 3512 potes,
1299 3437 1359 3498 in
1390 3452 1466 3499 eo
1496 3444 1556 3499 te
1587 3436 1861 3498 umbram
1892 3433 2173 3495 luxuriae
2202 3448 2303 3491 re-
