2459 3817
802 136 964 195 CAP.
995 145 1256 199 (ῆι-64.
1300 142 1352 203 s.
1384 145 1482 201 137
1504 170 1574 181 —-
1597 146 1712 198 142.
2121 144 2244 208 115

204 301 325 361 que
354 300 637 346 curasse:
684 286 935 346 eosdem
963 287 1193 346 Romae
1222 284 1412 347 fuisse
1439 288 1706 361 legatos,
1748 286 1906 347 illius
1935 288 2246 350 adiutores

206 366 634 443 improbitatiS,
668 367 875 428 socios
903 369 1192 428 furtorum
1215 412 1232 441 ,
1281 368 1566 429 conscios
1594 368 1986 444 flagitiorum:
2033 387 2110 431 eo
2137 372 2246 431 mi·

204 467 319 511 nus
346 446 547 509 mirari
573 466 671 509 me
704 458 1013 525 oportere,
1059 449 1113 510 si
1138 447 1223 509 illi
1255 449 1557 511 communi
1584 452 1921 526 legatorum
1956 454 2246 515 voluntati

205 542 265 593 et
296 532 475 593 saluti
504 530 746 593 Siciliae
776 531 1131 593 defuissent.
1192 532 1394 592 LXIII.
1458 530 1602 594 140.
1661 533 1778 594 Ubi
1821 550 2031 595 eorum
2073 536 2244 597 dolo·

200 631 328 675 rem
354 630 434 674 ex
460 614 635 675 istius
657 612 887 674 iniuriis
909 631 1029 674 non
1057 614 1236 674 modo
1267 632 1388 676 non
1417 616 1729 689 minorem,
1761 616 1873 675 sed
1895 634 2090 693 prope
2120 634 2243 679 ma-

201 696 389 757 iorem
418 713 599 772 quam
629 695 969 757 Siculorum
997 704 1372 757 caeterorum
1399 713 1542 758 esse
1569 698 1862 772 cognovi,
1891 706 2014 761 tum
2045 717 2248 761 meum

202 778 553 839 animum-in
580 780 749 853 illoS,
782 787 909 839 tum
939 778 1056 839 mei
1091 778 1327 840 consilii
1371 777 1722 855 negotiique
1763 780 1945 841 totius
1973 781 2244 858 suscepti

202 878 447 922 causam
492 860 911 935 rationemque
950 861 1278 937 proposui,
1325 869 1451 922 tum
1495 876 1606 922 eos
1643 862 1918 924 hortatus
1959 881 2122 934 sum,
2177 871 2244 926 ut

202 960 421 1006 causae
445 942 750 1004 communi
767 942 1071 1018 salutique
1096 960 1171 1003 ne
1200 946 1518 1041 deessent.²
1544 951 1612 1003 ut
1635 942 1800 1003 illam
1817 944 2244 1017 laudationem,

204 1042 379 1099 quam
422 1042 492 1087 se
529 1026 587 1083 vi
614 1042 685 1084 ac
718 1034 882 1086 metu
914 1034 1162 1086 coactos
1194 1026 1370 1100 pauci
1389 1046 1408 1085 ς
1439 1026 1556 1085 illis
1588 1024 1804 1085 diebus
1833 1024 2122 1087 decresse
2155 1026 2234 1087 di-

199 1109 447 1179 cebant‚
474 1107 769 1168 tollerent.
824 1109 1064 1181 Itaque,
1099 1106 1333 1167 iudices
1349 1152 1364 1181 ,
1405 1106 1780 1183 Syracusani
1811 1106 1966 1167 haec
1997 1108 2242 1181 faciunt,

195 1188 376 1249 istius
417 1187 669 1247 clientes
707 1197 889 1263 atque
933 1188 1126 1248 amici.
1186 1187 1444 1248 Primum
1487 1188 1633 1248 mihi
1672 1188 1904 1249 litteras
1950 1190 2242 1263 publicas,

199 1287 357 1345 quas
385 1265 449 1327 in
482 1266 715 1329 aerario
746 1268 1048 1329 sanctiore
1089 1270 1363 1330 conditas
1401 1271 1733 1341 habebant,
1781 1269 2124 1345 proferunt=
2180 1272 2242 1333 in

198 1352 423 1427 quibus
454 1350 783 1411 ostendunt
810 1352 1027 1425 omnia,
1058 1368 1214 1427 quae
1243 1351 1368 1411 dixi
1397 1353 1596 1415 ablata
1622 1368 1784 1424 esse,
1812 1352 2154 1429 perscripta
2181 1364 2244 1417 et

194 1436 371 1509 plura
412 1432 591 1493 etiam
634 1449 817 1507 quam
858 1450 973 1508 ego
1022 1432 1191 1509 potui
1231 1436 1464 1495 dicere=
1513 1433 1855 1511 perscripta
1892 1444 2090 1499 autem
2121 1437 2236 1501 hoc

193 1518 407 1577 modo=
452 1518 612 1590 quod
650 1532 731 1576 ex
766 1516 916 1577 aede
938 1516 1248 1577 Minervae
1271 1518 1382 1578 hoc
1404 1525 1464 1579 et
1487 1520 1642 1579 illud
1665 1520 1920 1581 abesset:
1959 1520 2118 1593 quod
2159 1533 2235 1580 ea·

193 1599 342 1660 aede
364 1598 549 1671 Iovia,
588 1598 745 1672 quod
764 1616 844 1659 ex
866 1599 1014 1659 aede
1034 1598 1250 1660 Liberi.
1290 1598 1367 1661 Ut
1396 1600 1658 1677 quisque
1684 1598 1762 1661 iis
1787 1600 1972 1661 rebus
1999 1600 2241 1661 tuendis

193 1678 756 1755 conservandisque
784 1681 1156 1755 praefuerat,
1184 1680 1270 1741 ita
1297 1682 1700 1757 perscriptum
1733 1689 1892 1750 erat,
1936 1696 2121 1753 quum
2143 1697 2238 1739 ra-

193 1761 418 1822 tionem
450 1777 485 1820 e
517 1762 651 1835 lege
701 1763 1023 1823 redderent
1074 1770 1137 1823 et
1176 1778 1333 1837 quae
1370 1769 1733 1837 acceperant
1777 1760 2015 1821 tradere
2056 1761 2240 1821 debe-

190 1852 361 1915 rent,
395 1843 657 1918 petisse,
684 1852 753 1904 ut
778 1843 925 1917 sibi,
970 1844 1134 1917 quod
1166 1859 1277 1903 eae
1306 1860 1406 1903 res
1435 1844 1754 1914 abessent,
1786 1841 2237 1915 ignosceretun

190 1924 398 2001 itaque
428 1940 639 1985 omnes
654 1926 941 1986 liberatos
970 1924 1340 1984 discessisse
1369 1935 1430 1984 et
1456 1939 1598 1985 esse
1625 1924 1899 1999 ignotum
1928 1921 2237 1985 omnibus=

192 2024 349 2082 quas
379 2023 493 2081 ego
529 2006 755 2068 litteras
785 2005 1195 2081 obsignandas
1222 2004 1468 2079 publico
1495 2003 1670 2082 signo
1705 2006 2238 2081 deportandasque

200 2105 428 2149 curavi.

362 2169 503 2235 141.
532 2170 622 2231 De
641 2169 987 2233 laudatione
1008 2179 1207 2231 autem
1228 2168 1378 2231 ratio
1404 2170 1494 2232 sic
1509 2169 1653 2231 milti
1677 2170 1914 2232 reddita
1941 2179 2054 2233 est.
2111 2170 2236 2233 Pri·

190 2269 359 2313 mum
383 2260 567 2329 quut'n
589 2270 626 2313 a
648 2252 708 2313 Ο.
738 2254 930 2314 Verre
953 2252 1183 2314 litterae
1204 2254 1510 2328 aliquanto
1531 2262 1670 2314 ante
1693 2254 2017 2313 adventum
2037 2268 2240 2313 meum

192 2336 277 2396 de
305 2332 648 2396 laudatione
678 2336 1017 2404 venissent,
1045 2334 1191 2395 nihil
1223 2352 1364 2396 esse
1393 2336 1730 2397 decretum:
1775 2333 2017 2406 deinde,
2051 2350 2237 2407 quum

193 2414 443 2491 quidam
471 2430 549 2477 ex
578 2416 739 2478 illius
766 2416 977 2478 amicis
1006 2424 1456 2479 commonerent
1498 2426 1780 2493 oportere
1807 2415 2082 2489 decerni,
2113 2434 2238 2477 ma-

189 2498 359 2559 ximo
407 2501 667 2560 clamore
708 2516 850 2561 esse
904 2507 964 2560 et
1018 2497 1294 2561 convicio
1350 2498 1734 2575 repudiatos=
1763 2507 2005 2575 postea
2056 2514 2238 2574 quam

188 2596 367 2641 meus
407 2582 703 2643 adventus
746 2580 1287 2658 appropinquaret,
1329 2580 1668 2657 imperasse
1707 2597 1875 2656 eum,
1928 2580 2033 2657 qui
2075 2598 2237 2642 sum-

189 2680 356 2723 mam
384 2670 743 2741 potestatem
773 2664 1038 2736 haberet,
1069 2671 1135 2726 ut
1163 2665 1588 2725 decernerent=
1629 2663 1940 2724 decretum
1966 2665 2048 2725 ita
2074 2679 2236 2736 esse,

188 2753 263 2807 ut
298 2748 486 2807 multo
528 2747 665 2821 plus
712 2746 796 2809 illi
846 2746 1109 2807 laudatio
1148 2746 1292 2806 mali
1333 2762 1517 2822 quam
1544 2743 1691 2806 boni
1723 2754 1937 2820 posset
1974 2746 2233 2805 adferre.

184 2826 261 2887 ld
288 2828 478 2900 adeo,
508 2826 772 2903 iudiceS,
802 2835 868 2889 ut
895 2826 1039 2888 mihi
1066 2826 1143 2887 ab
1172 2824 1292 2887 illis
1326 2830 1799 2889 demonstratum
1831 2836 1954 2901 est,
1999 2826 2089 2886 sic
2121 2844 2236 2887 vos

186 2926 271 2969 ex
299 2926 395 2969 me
426 2908 796 2983 cognoscite.

354 2990 561 3051 LXIV.
621 2990 760 3054 142.
822 2990 958 3052 Mos
1001 2999 1098 3052 est
1131 2990 1489 3068 Syracusis,
1539 2999 1634 3063 ut,
1691 2988 1747 3050 si
1791 3004 1913 3065 qua
1953 2990 2031 3050 de
2059 3007 2126 3049 re
2159 2992 2238 3049 ad

185 3076 475 3130 senatum
502 3070 792 3143 retertur,
819 3070 985 3133 dicat
1009 3072 1372 3133 sententiam
1403 3071 1508 3149 qui
1536 3073 1713 3134 velit:
1755 3074 2107 3136 nominatim
2136 3090 2238 3133 ne-

183 3167 291 3212 mo
320 3158 603 3228 rogatur,
636 3158 699 3213 et
724 3158 960 3225 tamen,
999 3160 1071 3215 ut
1096 3154 1366 3231 quisque
1400 3162 1602 3217 aetate
1641 3161 1704 3216 et
1731 3157 1969 3217 honore
1997 3161 2236 3216 antece-

181 3234 310 3307 dit,
338 3233 422 3295 ita
452 3233 686 3310 primus
717 3236 879 3295 solet
903 3250 1021 3295 sua
1051 3244 1278 3313 sponte
1305 3234 1544 3299 dicere:
1584 3237 1794 3312 itaque
1819 3254 1860 3298 a
1889 3236 2150 3297 caeteris
2181 3238 2238 3297 ei

180 3316 579 3380 conceditur:
610 3316 705 3376 sin
734 3315 1063 3391 aliquando
1092 3325 1304 3381 tacent
1331 3332 1576 3384 omnes.
1603 3318 1983 3451 mm3⁸2rffl⁰
2012 3334 2236 3395 cogun-
