2459 3817
290 0 2451 47 j'ffi—————

754 168 916 228 CAP.
949 176 1205 229 18—20.
1252 174 1304 235 s.
1334 174 1596 231 58—65.
2118 164 2201 231 59

137 333 298 381 vero
326 333 449 379 non
484 318 609 377 ulla
639 317 744 378 tibi
784 318 942 379 facta
985 328 1080 379 est
1119 316 1368 393 iniuria,
1410 319 1543 379 sine
1588 318 1822 379 scelere
1850 333 1991 379 eum
2020 334 2199 381 accu-

139 418 288 463 sare
320 408 675 475 nonpotes.
719 400 914 473 Quare
952 418 1138 477 quum
1174 402 1465 464 incertum
1499 402 1577 463 sit
1607 403 1683 461 de
1714 400 1961 474 iniuria,
1993 418 2200 475 quem-

141 501 335 561 quam
363 484 582 544 horum
604 500 746 544 esse
776 491 956 558 putas
994 486 1098 560 qui
1129 502 1251 545 non
1282 485 1447 546 malit
1490 494 1545 546 te
1582 485 1715 545 sine
1757 483 2201 559 vituperatione

141 586 333 643 quam
363 584 497 627 cum
535 568 768 627 scelere
800 568 1163 628 discederetP

315 650 470 710 XIX.
514 648 616 709 61.
657 652 752 709 Ac
789 649 936 710 .vide
978 650 1125 726 quid
1168 649 1409 712 differat
1438 650 1591 712 inter
1620 666 1817 712 meam
1852 649 2200 726 opinionem

140 751 218 794 ac
251 740 434 794 tuam.
491 734 580 792 Tu
611 732 798 807 quum
822 732 1102 795 omnibus
1132 734 1317 795 rebus
1348 734 1596 795 inferior
1616 733 1735 806 siS,
1758 733 1873 793 hac
1903 751 2025 794 una
2052 732 2113 792 in
2134 750 2202 793 re

143 827 202 879 te
231 816 381 876 mihi
413 814 699 876 anteferri
727 824 906 891 putas
942 825 1252 891 oportere,
1288 819 1455 892 quod
1482 824 1768 893 quaestor
1789 816 1949 877 illius
1981 816 2199 877 fueris.

140 916 262 974 ego
300 899 355 959 si
388 897 671 974 superior
700 898 955 959 caeteris
984 899 1168 961 rebus
1197 917 1406 975 esses,
1449 901 1605 960 hanc
1631 914 1813 960 unam
1844 901 1923 959 ob
1954 916 2201 959 causam

139 993 203 1044 te
233 990 656 1043 accusatorem
687 981 1000 1057 repudiari
1028 991 1304 1058 putarem
1340 992 1641 1059 oportere.
1691 983 1793 1043 Sic
1822 981 1982 1040 enim
2012 998 2049 1040 a
2079 998 2203 1041 ma-

138 1064 378 1127 ioribus
408 1063 635 1126 nostris
665 1064 1048 1140 accepimuS,
1077 1074 1418 1140 praetorem
1450 1064 1759 1141 quaestori
1788 1081 1903 1125 suo
1933 1064 2201 1141 parentis

139 1151 287 1208 loco
313 1164 454 1208 esse
484 1155 796 1221 oportere:
829 1149 1052 1208 nullam
1076 1164 1278 1224 neque
1305 1148 1617 1210 iustiorem
1638 1164 1840 1223 neque
1861 1144 2203 1222 graviorem

139 1246 402 1291 causam
446 1230 918 1291 necessitudinis
952 1247 1145 1305 posse
1183 1231 1440 1307 reperiri
1485 1248 1667 1307 quam
1714 1228 2199 1291 coniunctionem

139 1312 365 1382 sortiS‚
399 1329 576 1388 quam
608 1312 995 1387 provinciae,
1045 1330 1226 1388 quam
1256 1313 1472 1385 officii,
1526 1330 1707 1389 quam
1738 1312 1966 1387 publici
1992 1328 2201 1371 mune-

140 1396 232 1456 ris
255 1396 628 1457 societatem.
669 1395 771 1457 62.
811 1395 1210 1468 Quamobrem
1236 1395 1289 1457 si
1310 1395 1441 1457 iure
1465 1412 1689 1472 posses
1718 1412 1857 1456 eum
1886 1410 2199 1467 accusare,

142 1488 377 1552 tamen,
423 1494 610 1553 quum
643 1476 700 1538 is
744 1477 850 1539 tibi
885 1478 1154 1553 parentis
1184 1496 1438 1541 numero
1474 1478 1719 1553 suisset,
1760 1478 1823 1540 id
1865 1476 1966 1553 pie
1998 1479 2199 1538 facere

144 1566 270 1622 non
303 1577 560 1637 posses=
613 1578 799 1636 quum
840 1576 986 1621 vero
1034 1578 1233 1637 neque
1276 1562 1553 1623 iniuriam
1580 1560 1895 1637 acceperis
1932 1571 1993 1622 et
2024 1577 2199 1635 prae-

143 1644 263 1707 tori
293 1654 394 1705 tuo
430 1642 770 1719 periculum
799 1660 1004 1716 creeS‚
1036 1644 1282 1705 fatearis
1310 1661 1570 1707 necesse
1592 1654 1688 1705 est
1716 1654 1773 1704 te
1802 1644 1884 1704 illi
1912 1644 2197 1705 iniustum

140 1726 524 1802 impiumque
550 1727 778 1787 bellum
805 1726 1031 1787 inferre
1065 1728 1295 1788 conari.
1341 1728 1576 1789 Etenim
1613 1727 1731 1788 ista
1759 1736 2089 1801 quaestura
2120 1726 2199 1783 ad

141 1826 284 1871 eam
313 1825 446 1869 rem
483 1812 674 1882 valet,
715 1817 784 1869 ut
817 1809 1252 1871 elaborandum
1288 1810 1392 1871 tibi
1423 1811 1483 1870 in
1510 1810 1747 1871 ratione
1776 1808 2091 1869 reddenda
2123 1807 2202 1867 sit

144 1894 546 1969 quamobrem
587 1890 687 1952 cui
723 1900 1015 1967 quaestor
1059 1893 1246 1953 fueris
1291 1909 1577 1966 accuseS,
1636 1907 1758 1954 non
1817 1900 1885 1952 ut
1934 1891 2014 1951 ob
2065 1906 2198 1971 eam

139 1975 343 2051 ipsam
389 1990 640 2035 causam
671 1975 1102 2049 postulandum
1138 1975 1217 2037 sit
1243 1983 1310 2035 ut
1337 1974 1442 2035 tibi
1472 1974 1857 2051 potissimum
1887 1970 2197 2035 accusatio

145 2060 348 2119 detur.
404 2058 622 2131 Neque
651 2058 776 2117 lere
805 2074 1089 2134 umquam
1117 2057 1285 2118 venit
1311 2056 1373 2118 in
1403 2057 1852 2120 contentionem
1900 2058 1977 2117 de
2020 2072 2197 2117 accu-

145 2140 349 2202 sando
397 2138 502 2213 qui
549 2148 833 2213 quaestor
875 2141 1094 2202 fuisset
1145 2140 1292 2215 quin
1342 2141 1784 2216 repudiaretur.
1850 2137 1954 2201 63.
1988 2140 2199 2213 Itaque

143 2236 352 2297 neque
381 2222 446 2281 L.
480 2221 711 2283 Philoni
741 2221 803 2283 in
836 2224 897 2283 G.
931 2222 1252 2284 Servilium
1286 2223 1547 2287 nominis
1580 2220 1895 2285 deserendi
1922 2229 2197 2298 potestas

145 2313 239 2365 est
279 2306 421 2365 data
450 2321 650 2380 neque
689 2306 769 2365 Μ.
805 2304 1057 2366 Aurelio
1089 2305 1322 2367 Scauro
1360 2307 1419 2367 in
1454 2307 1519 2366 L.
1549 2306 1833 2367 Flaccum
1862 2318 2063 2379 neque
2094 2304 2198 2363 Cn.

143 2387 436 2462 Pompeio
478 2388 539 2447 in
569 2388 632 2446 T.
673 2388 1029 2449 Albucium:
1075 2405 1333 2464 quorum
1378 2406 1558 2451 nemo
1602 2398 1853 2464 propter
1879 2384 2202 2459 indignita-

144 2479 262 2531 tem
294 2469 652 2545 repudiatus
705 2478 832 2544 est,
881 2471 994 2530 sed
1035 2487 1112 2531 ne
1151 2470 1340 2532 libido
1370 2472 1692 2533 violandae
1731 2466 2201 2531 necessitudinis

145 2553 502 2613 auctoritate
540 2552 806 2613 iudicum
831 2554 1348 2627 comprobaretur.
1404 2557 1608 2630 Atque
1630 2554 1732 2615 ille
1755 2550 2199 2625 Cn.Pompeius

145 2634 230 2694 ita
273 2650 410 2693 cum
440 2636 501 2695 C.
530 2634 683 2696 Iulio
719 2634 1052 2707 contendit,
1085 2643 1152 2696 ut
1178 2644 1246 2697 tu
1276 2653 1532 2697 mecum.
1580 2636 1877 2710 Quaestor
1907 2632 2067 2695 enim
2094 2634 2199 2693 Al-

142 2715 309 2777 bucii
353 2717 580 2791 fuerat,
629 2725 695 2778 ut
733 2727 798 2777 tu
845 2717 1075 2778 Verris.
1151 2718 1341 2780 Iulius
1395 2720 1515 2780 hoc
1560 2735 1768 2779 secum
1826 2714 2199 2777 auctoritatis

144 2800 226 2859 ad
253 2800 666 2861 accusandum
701 2800 1042 2873 adferebat,
1076 2803 1273 2875 quod,
1297 2810 1364 2862 ut
1392 2802 1512 2862 hoc
1540 2811 1811 2876 tempore
1841 2816 1957 2861 nos
1992 2799 2069 2858 ab
2106 2797 2199 2859 Si-

146 2882 334 2952 culis,
375 2881 467 2942 sic
502 2890 628 2943 tum
658 2881 759 2941 ille
801 2882 878 2942 ab
911 2880 1122 2943 Sardis
1154 2892 1407 2958 rogatus
1442 2885 1521 2943 ad
1550 2900 1799 2945 causam
1826 2888 2197 2943 accesserat.

146 2964 406 3037 Semper
426 2964 582 3024 haec
616 2980 808 3024 causa
838 2965 1160 3038 plurimum
1195 2966 1411 3038 valuit,
1462 2982 1706 3040 semper
1734 2966 1888 3025 haec
1915 2963 2067 3025 ratio
2098 2978 2197 3023 ac-

146 3045 406 3106 cusandi
437 3046 547 3107 fuit
575 3045 1037 3118 honestissima,
1069 3063 1182 3121 pro
1207 3047 1426 3120 sociiS,
1465 3065 1577 3124 pro
1600 3049 1795 3109 salute
1825 3045 2195 3123 provinciae,

142 3144 257 3204 pro
323 3136 666 3189 exterarum
712 3128 1023 3189 nationum
1073 3130 1410 3192 commodis
1458 3129 1804 3192 inimicitias
1860 3128 2197 3202 suscipere,

143 3211 224 3271 ad
254 3209 592 3286 periculum
633 3211 963 3285 accedere,
1017 3226 1298 3286 operam,
1344 3211 1640 3286 studium,
1699 3214 1969 3275 laborem
2018 3211 2198 3267 inter-

145 3308 398 3369 ponere.

306 3376 435 3435 XX.
477 3371 560 3437 64
617 3374 851 3437 Etenim
889 3374 946 3435 si
973 3375 1307 3451 probabitis
1337 3384 1432 3438 est
1457 3392 1669 3437 eorum
1700 3391 1921 3449 causa,
1962 3371 2068 3448 qui
2109 3373 2197 3433 in-
