<?xml version="1.0" encoding="UTF-8"?>
<!DOCTYPE html PUBLIC "-//W3C//DTD XHTML 1.0 Transitional//EN"
    "http://www.w3.org/TR/xhtml1/DTD/xhtml1-transitional.dtd">
<html xmlns="http://www.w3.org/1999/xhtml" xml:lang="en" lang="en">
 <head>
  <title>
</title>
<meta http-equiv="Content-Type" content="text/html;charset=utf-8" />
  <meta name='ocr-system' content='tesseract 3.04.00' />
  <meta name='ocr-capabilities' content='ocr_page ocr_carea ocr_par ocr_line ocrx_word'/>
</head>
<body>
  <div class='ocr_page' id='page_1' title='image "./mtulliiciceroni00klotgoog_0201.png"; bbox 0 0 2459 3817; ppageno 0'>
   <div class='ocr_carea' id='block_1_1' title="bbox 316 109 2112 179">
    <p class='ocr_par' dir='ltr' id='par_1_1' title="bbox 316 109 2112 179">
     <span class='ocr_line' id='line_1_1' title="bbox 316 109 2112 179; baseline 0 -2"><span class='ocrx_word' id='word_1_1' title='bbox 316 109 437 177; x_wconf 84' lang='grc'><strong>190</strong></span> <span class='ocrx_word' id='word_1_2' title='bbox 723 118 825 179; x_wconf 90' lang='lat' dir='ltr'><strong>DE</strong></span> <span class='ocrx_word' id='word_1_3' title='bbox 854 116 1167 178; x_wconf 87' lang='lat' dir='ltr'>IMPERIO</span> <span class='ocrx_word' id='word_1_4' title='bbox 1199 118 1311 177; x_wconf 90' lang='lat' dir='ltr'><strong>CN.</strong></span> <span class='ocrx_word' id='word_1_5' title='bbox 1342 116 1646 177; x_wconf 86' lang='lat' dir='ltr'><strong>POMPEII</strong></span> <span class='ocrx_word' id='word_1_6' title='bbox 1683 115 1985 179; x_wconf 78' lang='lat' dir='ltr'><strong>ORATIO.</strong></span> <span class='ocrx_word' id='word_1_7' title='bbox 2091 122 2112 139; x_wconf 72' lang='lat'><strong>‘</strong></span> 
     </span>
    </p>
   </div>
   <div class='ocr_carea' id='block_1_2' title="bbox 312 266 2459 2261">
    <p class='ocr_par' dir='ltr' id='par_1_2' title="bbox 314 266 2373 1090">
     <span class='ocr_line' id='line_1_2' title="bbox 316 266 2371 343; baseline 0 -12"><span class='ocrx_word' id='word_1_8' title='bbox 316 281 473 343; x_wconf 86' lang='lat' dir='ltr'><strong>tere,</strong></span> <span class='ocrx_word' id='word_1_9' title='bbox 516 277 585 330; x_wconf 93' lang='lat' dir='ltr'><strong>ut</strong></span> <span class='ocrx_word' id='word_1_10' title='bbox 624 284 747 329; x_wconf 88' lang='lat' dir='ltr'><strong>non</strong></span> <span class='ocrx_word' id='word_1_11' title='bbox 801 268 1007 343; x_wconf 88' lang='lat' dir='ltr'><strong>plures</strong></span> <span class='ocrx_word' id='word_1_12' title='bbox 1041 284 1253 329; x_wconf 89' lang='lat' dir='ltr'><strong>secum</strong></span> <span class='ocrx_word' id='word_1_13' title='bbox 1285 266 1344 328; x_wconf 92' lang='lat' dir='ltr'><strong>in</strong></span> <span class='ocrx_word' id='word_1_14' title='bbox 1381 268 1654 329; x_wconf 87' lang='lat' dir='ltr'><strong>eamdem</strong></span> <span class='ocrx_word' id='word_1_15' title='bbox 1684 268 1924 330; x_wconf 76' lang='lat' dir='ltr'><strong>trahant</strong></span> <span class='ocrx_word' id='word_1_16' title='bbox 1953 267 2371 331; x_wconf 76' lang='lat' dir='ltr'><strong>calamitatem.</strong></span> 
     </span>
     <span class='ocr_line' id='line_1_3' title="bbox 315 348 2371 432; baseline 0 -18"><span class='ocrx_word' id='word_1_17' title='bbox 315 356 371 415; x_wconf 81' lang='lat' dir='ltr'>A</span> <span class='ocrx_word' id='word_1_18' title='bbox 412 368 535 427; x_wconf 86' lang='lat' dir='ltr'><strong>quo</strong></span> <span class='ocrx_word' id='word_1_19' title='bbox 583 350 855 426; x_wconf 86' lang='lat' dir='ltr'><strong>periculo</strong></span> <span class='ocrx_word' id='word_1_20' title='bbox 885 348 1202 426; x_wconf 86' lang='lat' dir='ltr'><strong>prohibete</strong></span> <span class='ocrx_word' id='word_1_21' title='bbox 1235 366 1362 410; x_wconf 88' lang='lat' dir='ltr'><strong>rem</strong></span> <span class='ocrx_word' id='word_1_22' title='bbox 1393 350 1799 426; x_wconf 57' lang='lat' dir='ltr'><strong>publicamret</strong></span> <span class='ocrx_word' id='word_1_23' title='bbox 1834 350 1980 411; x_wconf 86' lang='lat' dir='ltr'><strong>mihi</strong></span> <span class='ocrx_word' id='word_1_24' title='bbox 2021 350 2272 432; x_wconf 88' lang='lat' dir='ltr'><strong>credite,</strong></span> <span class='ocrx_word' id='word_1_25' title='bbox 2309 350 2371 414; x_wconf 88' lang='lat' dir='ltr'><strong>id</strong></span> 
     </span>
     <span class='ocr_line' id='line_1_4' title="bbox 316 432 2373 511; baseline -0 -15"><span class='ocrx_word' id='word_1_26' title='bbox 316 434 485 511; x_wconf 86' lang='lat' dir='ltr'><strong>quod</strong></span> <span class='ocrx_word' id='word_1_27' title='bbox 522 432 643 509; x_wconf 87' lang='lat' dir='ltr'><strong>ipsi</strong></span> <span class='ocrx_word' id='word_1_28' title='bbox 690 432 941 494; x_wconf 83' lang='lat' dir='ltr'><strong>videtis=</strong></span> <span class='ocrx_word' id='word_1_29' title='bbox 982 432 1137 493; x_wconf 87' lang='lat' dir='ltr'><strong>haec</strong></span> <span class='ocrx_word' id='word_1_30' title='bbox 1178 434 1336 494; x_wconf 80' lang='lat' dir='ltr'><strong>fides</strong></span> <span class='ocrx_word' id='word_1_31' title='bbox 1376 442 1562 508; x_wconf 88' lang='lat' dir='ltr'><strong>atque</strong></span> <span class='ocrx_word' id='word_1_32' title='bbox 1591 433 1745 494; x_wconf 83' lang='lat' dir='ltr'><strong>haec</strong></span> <span class='ocrx_word' id='word_1_33' title='bbox 1772 434 1926 496; x_wconf 90' lang='lat' dir='ltr'><strong>ratio</strong></span> <span class='ocrx_word' id='word_1_34' title='bbox 1957 434 2373 511; x_wconf 78' lang='lat' dir='ltr'><strong>pecuniarum,</strong></span> 
     </span>
     <span class='ocr_line' id='line_1_5' title="bbox 318 514 2372 593; baseline -0 -14"><span class='ocrx_word' id='word_1_35' title='bbox 318 532 477 593; x_wconf 89' lang='lat' dir='ltr'><strong>quae</strong></span> <span class='ocrx_word' id='word_1_36' title='bbox 507 516 767 589; x_wconf 89' lang='lat' dir='ltr'><strong>Romae,</strong></span> <span class='ocrx_word' id='word_1_37' title='bbox 810 532 971 591; x_wconf 86' lang='lat' dir='ltr'><strong>quae</strong></span> <span class='ocrx_word' id='word_1_38' title='bbox 1010 514 1068 576; x_wconf 88' lang='lat' dir='ltr'><strong>in</strong></span> <span class='ocrx_word' id='word_1_39' title='bbox 1112 517 1248 577; x_wconf 76' lang='lat' dir='ltr'><strong>roro</strong></span> <span class='ocrx_word' id='word_1_40' title='bbox 1277 526 1586 592; x_wconf 85' lang='lat' dir='ltr'><strong>versatur,</strong></span> <span class='ocrx_word' id='word_1_41' title='bbox 1628 514 1932 591; x_wconf 85' lang='lat' dir='ltr'><strong>implicata</strong></span> <span class='ocrx_word' id='word_1_42' title='bbox 1960 524 2057 577; x_wconf 85' lang='lat' dir='ltr'><strong>est</strong></span> <span class='ocrx_word' id='word_1_43' title='bbox 2086 530 2224 578; x_wconf 87' lang='lat' dir='ltr'><strong>cum</strong></span> <span class='ocrx_word' id='word_1_44' title='bbox 2254 516 2372 579; x_wconf 88' lang='lat' dir='ltr'><strong>illis</strong></span> 
     </span>
     <span class='ocr_line' id='line_1_6' title="bbox 318 597 2372 675; baseline 0 -16"><span class='ocrx_word' id='word_1_45' title='bbox 318 597 595 675; x_wconf 88' lang='lat' dir='ltr'><strong>pecuniis</strong></span> <span class='ocrx_word' id='word_1_46' title='bbox 627 597 915 660; x_wconf 71' lang='lat' dir='ltr'><strong>Asiaticis</strong></span> <span class='ocrx_word' id='word_1_47' title='bbox 963 607 1025 660; x_wconf 93' lang='lat' dir='ltr'><strong>et</strong></span> <span class='ocrx_word' id='word_1_48' title='bbox 1068 598 1390 660; x_wconf 74' lang='lat' dir='ltr'><strong>cohaeretz</strong></span> <span class='ocrx_word' id='word_1_49' title='bbox 1469 615 1650 659; x_wconf 82' lang='lat' dir='ltr'><strong>ruere</strong></span> <span class='ocrx_word' id='word_1_50' title='bbox 1681 598 1786 659; x_wconf 89' lang='lat' dir='ltr'><strong>illa</strong></span> <span class='ocrx_word' id='word_1_51' title='bbox 1824 614 1947 660; x_wconf 87' lang='lat' dir='ltr'><strong>non</strong></span> <span class='ocrx_word' id='word_1_52' title='bbox 1977 607 2268 674; x_wconf 78' lang='lat' dir='ltr'><strong>possunt,</strong></span> <span class='ocrx_word' id='word_1_53' title='bbox 2309 610 2372 661; x_wconf 90' lang='lat' dir='ltr'><strong>ut</strong></span> 
     </span>
     <span class='ocr_line' id='line_1_7' title="bbox 316 680 2370 756; baseline 0.001 -15"><span class='ocrx_word' id='word_1_54' title='bbox 316 680 470 742; x_wconf 87' lang='lat' dir='ltr'><strong>haec</strong></span> <span class='ocrx_word' id='word_1_55' title='bbox 516 696 637 740; x_wconf 86' lang='lat' dir='ltr'><strong>non</strong></span> <span class='ocrx_word' id='word_1_56' title='bbox 680 683 898 743; x_wconf 88' lang='lat' dir='ltr'><strong>eodem</strong></span> <span class='ocrx_word' id='word_1_57' title='bbox 938 682 1238 742; x_wconf 81' lang='lat' dir='ltr'><strong>labefacta</strong></span> <span class='ocrx_word' id='word_1_58' title='bbox 1277 688 1446 742; x_wconf 90' lang='lat' dir='ltr'><strong>motu</strong></span> <span class='ocrx_word' id='word_1_59' title='bbox 1487 680 1826 743; x_wconf 78' lang='lat' dir='ltr'><strong>concidant.</strong></span> <span class='ocrx_word' id='word_1_60' title='bbox 1908 681 2038 756; x_wconf 78' lang='lat' dir='ltr'><strong>Qua</strong></span> <span class='ocrx_word' id='word_1_61' title='bbox 2067 698 2135 742; x_wconf 89' lang='lat' dir='ltr'><strong>re</strong></span> <span class='ocrx_word' id='word_1_62' title='bbox 2163 683 2370 743; x_wconf 83' lang='lat' dir='ltr'><strong>videte</strong></span> 
     </span>
     <span class='ocr_line' id='line_1_8' title="bbox 316 762 2370 826; baseline -0 -1"><span class='ocrx_word' id='word_1_63' title='bbox 316 780 459 825; x_wconf 89' lang='lat' dir='ltr'><strong>num</strong></span> <span class='ocrx_word' id='word_1_64' title='bbox 499 762 892 825; x_wconf 86' lang='lat' dir='ltr'><strong>dubitandum</strong></span> <span class='ocrx_word' id='word_1_65' title='bbox 934 762 1116 825; x_wconf 85' lang='lat' dir='ltr'><strong>vobis</strong></span> <span class='ocrx_word' id='word_1_66' title='bbox 1151 764 1233 825; x_wconf 90' lang='lat' dir='ltr'><strong>sit</strong></span> <span class='ocrx_word' id='word_1_67' title='bbox 1259 763 1423 826; x_wconf 88' lang='lat' dir='ltr'><strong>omni</strong></span> <span class='ocrx_word' id='word_1_68' title='bbox 1451 763 1652 826; x_wconf 88' lang='lat' dir='ltr'><strong>studio</strong></span> <span class='ocrx_word' id='word_1_69' title='bbox 1682 765 1762 825; x_wconf 88' lang='lat' dir='ltr'><strong>ad</strong></span> <span class='ocrx_word' id='word_1_70' title='bbox 1795 763 1858 824; x_wconf 90' lang='lat' dir='ltr'><strong>id</strong></span> <span class='ocrx_word' id='word_1_71' title='bbox 1885 764 2108 825; x_wconf 89' lang='lat' dir='ltr'><strong>bellum</strong></span> <span class='ocrx_word' id='word_1_72' title='bbox 2139 763 2370 825; x_wconf 88' lang='lat' dir='ltr'><strong>incum-</strong></span> 
     </span>
     <span class='ocr_line' id='line_1_9' title="bbox 316 844 2368 922; baseline -0 -14"><span class='ocrx_word' id='word_1_73' title='bbox 316 848 493 919; x_wconf 86' lang='lat' dir='ltr'><strong>bere,</strong></span> <span class='ocrx_word' id='word_1_74' title='bbox 524 845 583 906; x_wconf 91' lang='lat' dir='ltr'><strong>in</strong></span> <span class='ocrx_word' id='word_1_75' title='bbox 616 864 737 922; x_wconf 90' lang='lat' dir='ltr'><strong>quo</strong></span> <span class='ocrx_word' id='word_1_76' title='bbox 767 845 962 921; x_wconf 83' lang='lat' dir='ltr'><strong>gloria</strong></span> <span class='ocrx_word' id='word_1_77' title='bbox 989 844 1254 907; x_wconf 88' lang='lat' dir='ltr'><strong>nominis</strong></span> <span class='ocrx_word' id='word_1_78' title='bbox 1287 846 1508 921; x_wconf 85' lang='lat' dir='ltr'><strong>vestri,</strong></span> <span class='ocrx_word' id='word_1_79' title='bbox 1545 849 1718 907; x_wconf 88' lang='lat' dir='ltr'><strong>salus</strong></span> <span class='ocrx_word' id='word_1_80' title='bbox 1747 844 2074 919; x_wconf 86' lang='lat' dir='ltr'><strong>sociorum,</strong></span> <span class='ocrx_word' id='word_1_81' title='bbox 2106 848 2368 922; x_wconf 71' lang='lat' dir='ltr'><strong>vectiga-</strong></span> 
     </span>
     <span class='ocr_line' id='line_1_10' title="bbox 315 927 2372 1004; baseline 0 -15"><span class='ocrx_word' id='word_1_82' title='bbox 315 930 394 991; x_wconf 88' lang='lat' dir='ltr'><strong>lia</strong></span> <span class='ocrx_word' id='word_1_83' title='bbox 422 928 711 1004; x_wconf 85' lang='lat' dir='ltr'><strong>maxima,</strong></span> <span class='ocrx_word' id='word_1_84' title='bbox 752 931 1029 991; x_wconf 76' lang='lat' dir='ltr'><strong>fortunae</strong></span> <span class='ocrx_word' id='word_1_85' title='bbox 1073 928 1466 1004; x_wconf 87' lang='lat' dir='ltr'><strong>plurimorum</strong></span> <span class='ocrx_word' id='word_1_86' title='bbox 1496 928 1716 990; x_wconf 89' lang='lat' dir='ltr'><strong>civium</strong></span> <span class='ocrx_word' id='word_1_87' title='bbox 1750 927 2112 991; x_wconf 87' lang='lat' dir='ltr'><strong>coniunctae</strong></span> <span class='ocrx_word' id='word_1_88' title='bbox 2141 945 2277 990; x_wconf 89' lang='lat' dir='ltr'><strong>cum</strong></span> <span class='ocrx_word' id='word_1_89' title='bbox 2304 944 2372 989; x_wconf 89' lang='lat' dir='ltr'><strong>re</strong></span> 
     </span>
     <span class='ocr_line' id='line_1_11' title="bbox 314 1012 1008 1090; baseline -0.009 -15"><span class='ocrx_word' id='word_1_90' title='bbox 314 1012 559 1090; x_wconf 88' lang='lat' dir='ltr'><strong>publica</strong></span> <span class='ocrx_word' id='word_1_91' title='bbox 587 1012 1008 1074; x_wconf 72' lang='lat' dir='ltr'><strong>defendantur.</strong></span> 
     </span>
    </p>

    <p class='ocr_par' dir='ltr' id='par_1_3' title="bbox 312 1093 2459 2261">
     <span class='ocr_line' id='line_1_12' title="bbox 478 1093 2367 1170; baseline 0.001 -15"><span class='ocrx_word' id='word_1_92' title='bbox 478 1096 639 1155; x_wconf 86' lang='lat' dir='ltr'><strong>vm.</strong></span> <span class='ocrx_word' id='word_1_93' title='bbox 697 1095 795 1157; x_wconf 76' lang='lat'><strong>20.</strong></span> <span class='ocrx_word' id='word_1_94' title='bbox 860 1094 1157 1170; x_wconf 80' lang='lat' dir='ltr'><strong>Quoniam</strong></span> <span class='ocrx_word' id='word_1_95' title='bbox 1200 1096 1278 1155; x_wconf 91' lang='lat' dir='ltr'><strong>de</strong></span> <span class='ocrx_word' id='word_1_96' title='bbox 1317 1110 1542 1170; x_wconf 85' lang='lat' dir='ltr'><strong>genere</strong></span> <span class='ocrx_word' id='word_1_97' title='bbox 1571 1094 1714 1155; x_wconf 89' lang='lat' dir='ltr'><strong>belli</strong></span> <span class='ocrx_word' id='word_1_98' title='bbox 1748 1093 1904 1169; x_wconf 83' lang='lat' dir='ltr'><strong>dixi,</strong></span> <span class='ocrx_word' id='word_1_99' title='bbox 1942 1110 2102 1157; x_wconf 88' lang='lat' dir='ltr'><strong>nunc</strong></span> <span class='ocrx_word' id='word_1_100' title='bbox 2133 1096 2212 1155; x_wconf 90' lang='lat' dir='ltr'><strong>de</strong></span> <span class='ocrx_word' id='word_1_101' title='bbox 2240 1112 2367 1157; x_wconf 88' lang='lat' dir='ltr'><strong>ma-</strong></span> 
     </span>
     <span class='ocr_line' id='line_1_13' title="bbox 314 1176 2367 1254; baseline 0 -15"><span class='ocrx_word' id='word_1_102' title='bbox 314 1178 628 1254; x_wconf 85' lang='lat' dir='ltr'><strong>gnitudine</strong></span> <span class='ocrx_word' id='word_1_103' title='bbox 669 1195 866 1254; x_wconf 86' lang='lat' dir='ltr'><strong>pauca</strong></span> <span class='ocrx_word' id='word_1_104' title='bbox 910 1176 1129 1240; x_wconf 84' lang='lat' dir='ltr'><strong>dicam.</strong></span> <span class='ocrx_word' id='word_1_105' title='bbox 1190 1178 1398 1239; x_wconf 84' lang='lat' dir='ltr'><strong>Potest</strong></span> <span class='ocrx_word' id='word_1_106' title='bbox 1437 1176 1598 1239; x_wconf 88' lang='lat' dir='ltr'><strong>enim</strong></span> <span class='ocrx_word' id='word_1_107' title='bbox 1639 1178 1762 1240; x_wconf 89' lang='lat' dir='ltr'><strong>hoc</strong></span> <span class='ocrx_word' id='word_1_108' title='bbox 1805 1177 1956 1253; x_wconf 86' lang='lat' dir='ltr'><strong>dici,</strong></span> <span class='ocrx_word' id='word_1_109' title='bbox 1999 1177 2143 1238; x_wconf 87' lang='lat' dir='ltr'><strong>belli</strong></span> <span class='ocrx_word' id='word_1_110' title='bbox 2170 1193 2367 1253; x_wconf 85' lang='lat' dir='ltr'><strong>genus</strong></span> 
     </span>
     <span class='ocr_line' id='line_1_14' title="bbox 316 1258 2369 1337; baseline -0.001 -14"><span class='ocrx_word' id='word_1_111' title='bbox 316 1277 458 1323; x_wconf 86' lang='lat' dir='ltr'><strong>esse</strong></span> <span class='ocrx_word' id='word_1_112' title='bbox 483 1258 567 1322; x_wconf 89' lang='lat' dir='ltr'><strong>ita</strong></span> <span class='ocrx_word' id='word_1_113' title='bbox 594 1261 1027 1337; x_wconf 84' lang='lat' dir='ltr'><strong>necessarium,</strong></span> <span class='ocrx_word' id='word_1_114' title='bbox 1053 1269 1122 1323; x_wconf 90' lang='lat' dir='ltr'><strong>ut</strong></span> <span class='ocrx_word' id='word_1_115' title='bbox 1150 1262 1231 1323; x_wconf 87' lang='lat' dir='ltr'><strong>sit</strong></span> <span class='ocrx_word' id='word_1_116' title='bbox 1262 1262 1614 1337; x_wconf 83' lang='lat' dir='ltr'><strong>gerendum,</strong></span> <span class='ocrx_word' id='word_1_117' title='bbox 1645 1276 1769 1323; x_wconf 87' lang='lat' dir='ltr'><strong>non</strong></span> <span class='ocrx_word' id='word_1_118' title='bbox 1799 1276 1942 1323; x_wconf 81' lang='lat' dir='ltr'><strong>esse</strong></span> <span class='ocrx_word' id='word_1_119' title='bbox 1964 1258 2046 1323; x_wconf 87' lang='lat' dir='ltr'><strong>ita</strong></span> <span class='ocrx_word' id='word_1_120' title='bbox 2068 1276 2369 1337; x_wconf 87' lang='lat' dir='ltr'><strong>magnum,</strong></span> 
     </span>
     <span class='ocr_line' id='line_1_15' title="bbox 319 1342 2370 1419; baseline 0 -14"><span class='ocrx_word' id='word_1_121' title='bbox 319 1354 380 1405; x_wconf 89' lang='lat' dir='ltr'><strong>ut</strong></span> <span class='ocrx_word' id='word_1_122' title='bbox 418 1344 499 1405; x_wconf 80' lang='lat' dir='ltr'><strong>sit</strong></span> <span class='ocrx_word' id='word_1_123' title='bbox 542 1344 1113 1419; x_wconf 85' lang='lat' dir='ltr'><strong>pertimescendum.</strong></span> <span class='ocrx_word' id='word_1_124' title='bbox 1191 1346 1257 1405; x_wconf 84' lang='lat' dir='ltr'><strong>In</strong></span> <span class='ocrx_word' id='word_1_125' title='bbox 1297 1360 1420 1419; x_wconf 89' lang='lat' dir='ltr'><strong>quo</strong></span> <span class='ocrx_word' id='word_1_126' title='bbox 1450 1342 1712 1406; x_wconf 85' lang='lat' dir='ltr'><strong>maxime</strong></span> <span class='ocrx_word' id='word_1_127' title='bbox 1741 1343 2138 1405; x_wconf 86' lang='lat' dir='ltr'><strong>laborandum</strong></span> <span class='ocrx_word' id='word_1_128' title='bbox 2168 1352 2265 1405; x_wconf 88' lang='lat' dir='ltr'><strong>est</strong></span> <span class='ocrx_word' id='word_1_129' title='bbox 2293 1361 2370 1406; x_wconf 89' lang='lat' dir='ltr'><strong>ne</strong></span> 
     </span>
     <span class='ocr_line' id='line_1_16' title="bbox 315 1424 2369 1503; baseline 0 -18"><span class='ocrx_word' id='word_1_130' title='bbox 315 1427 470 1487; x_wconf 86' lang='lat' dir='ltr'><strong>forte</strong></span> <span class='ocrx_word' id='word_1_131' title='bbox 498 1444 537 1486; x_wconf 88' lang='lat' dir='ltr'><strong>a</strong></span> <span class='ocrx_word' id='word_1_132' title='bbox 569 1425 747 1486; x_wconf 88' lang='lat' dir='ltr'><strong>vobis</strong></span> <span class='ocrx_word' id='word_1_133' title='bbox 784 1443 945 1502; x_wconf 86' lang='lat' dir='ltr'><strong>quae</strong></span> <span class='ocrx_word' id='word_1_134' title='bbox 972 1425 1436 1503; x_wconf 72' lang='lat' dir='ltr'><strong>diligentissime</strong></span> <span class='ocrx_word' id='word_1_135' title='bbox 1461 1424 1849 1502; x_wconf 83' lang='lat' dir='ltr'><strong>providenda</strong></span> <span class='ocrx_word' id='word_1_136' title='bbox 1881 1435 2024 1489; x_wconf 90' lang='lat' dir='ltr'><strong>sunt</strong></span> <span class='ocrx_word' id='word_1_137' title='bbox 2101 1434 2369 1487; x_wconf 88' lang='lat' dir='ltr'><strong>contem·</strong></span> 
     </span>
     <span class='ocr_line' id='line_1_17' title="bbox 315 1507 2368 1587; baseline 0.001 -18"><span class='ocrx_word' id='word_1_138' title='bbox 315 1510 515 1570; x_wconf 89' lang='lat' dir='ltr'><strong>nenda</strong></span> <span class='ocrx_word' id='word_1_139' title='bbox 563 1522 707 1569; x_wconf 89' lang='lat' dir='ltr'><strong>esse</strong></span> <span class='ocrx_word' id='word_1_140' title='bbox 746 1508 1087 1571; x_wconf 87' lang='lat' dir='ltr'><strong>videantur.</strong></span> <span class='ocrx_word' id='word_1_141' title='bbox 1170 1511 1374 1585; x_wconf 81' lang='lat' dir='ltr'>Atque</span> <span class='ocrx_word' id='word_1_142' title='bbox 1414 1518 1482 1571; x_wconf 90' lang='lat' dir='ltr'><strong>ut</strong></span> <span class='ocrx_word' id='word_1_143' title='bbox 1522 1525 1734 1570; x_wconf 87' lang='lat' dir='ltr'><strong>omnes</strong></span> <span class='ocrx_word' id='word_1_144' title='bbox 1776 1507 2112 1587; x_wconf 85' lang='lat' dir='ltr'><strong>intelligant</strong></span> <span class='ocrx_word' id='word_1_145' title='bbox 2151 1525 2250 1570; x_wconf 91' lang='lat' dir='ltr'><strong>me</strong></span> <span class='ocrx_word' id='word_1_146' title='bbox 2297 1510 2368 1571; x_wconf 94' lang='lat' dir='ltr'><strong>L.</strong></span> 
     </span>
     <span class='ocr_line' id='line_1_18' title="bbox 314 1589 2367 1669; baseline 0 -16"><span class='ocrx_word' id='word_1_147' title='bbox 314 1592 564 1655; x_wconf 90' lang='lat' dir='ltr'><strong>Lucullo</strong></span> <span class='ocrx_word' id='word_1_148' title='bbox 605 1600 833 1654; x_wconf 86' lang='lat' dir='ltr'><strong>tantum</strong></span> <span class='ocrx_word' id='word_1_149' title='bbox 878 1589 1184 1668; x_wconf 88' lang='lat' dir='ltr'><strong>impertire</strong></span> <span class='ocrx_word' id='word_1_150' title='bbox 1224 1591 1456 1666; x_wconf 85' lang='lat' dir='ltr'><strong>laudis,</strong></span> <span class='ocrx_word' id='word_1_151' title='bbox 1502 1600 1792 1669; x_wconf 87' lang='lat' dir='ltr'><strong>quantum</strong></span> <span class='ocrx_word' id='word_1_152' title='bbox 1837 1593 1976 1655; x_wconf 86' lang='lat' dir='ltr'><strong>l&#39;orti</strong></span> <span class='ocrx_word' id='word_1_153' title='bbox 2017 1592 2152 1654; x_wconf 87' lang='lat' dir='ltr'><strong>viro</strong></span> <span class='ocrx_word' id='word_1_154' title='bbox 2182 1600 2246 1653; x_wconf 90' lang='lat' dir='ltr'><strong>et</strong></span> <span class='ocrx_word' id='word_1_155' title='bbox 2273 1609 2367 1655; x_wconf 89' lang='lat' dir='ltr'><strong>sa·</strong></span> 
     </span>
     <span class='ocr_line' id='line_1_19' title="bbox 317 1673 2367 1753; baseline -0.001 -16"><span class='ocrx_word' id='word_1_156' title='bbox 317 1674 502 1752; x_wconf 87' lang='lat' dir='ltr'><strong>pienti</strong></span> <span class='ocrx_word' id='word_1_157' title='bbox 532 1674 761 1738; x_wconf 83' lang='lat' dir='ltr'><strong>homini</strong></span> <span class='ocrx_word' id='word_1_158' title='bbox 790 1684 851 1739; x_wconf 88' lang='lat' dir='ltr'><strong>et</strong></span> <span class='ocrx_word' id='word_1_159' title='bbox 878 1692 1099 1753; x_wconf 88' lang='lat' dir='ltr'><strong>magno</strong></span> <span class='ocrx_word' id='word_1_160' title='bbox 1142 1673 1494 1751; x_wconf 86' lang='lat' dir='ltr'><strong>imperatori</strong></span> <span class='ocrx_word' id='word_1_161' title='bbox 1534 1675 1856 1751; x_wconf 78' lang='lat' dir='ltr'><strong>debeatur,</strong></span> <span class='ocrx_word' id='word_1_162' title='bbox 1903 1676 2042 1738; x_wconf 90' lang='lat' dir='ltr'><strong>dico</strong></span> <span class='ocrx_word' id='word_1_163' title='bbox 2083 1675 2218 1739; x_wconf 90' lang='lat' dir='ltr'><strong>eius</strong></span> <span class='ocrx_word' id='word_1_164' title='bbox 2263 1676 2367 1736; x_wconf 87' lang='lat' dir='ltr'><strong>ad-</strong></span> 
     </span>
     <span class='ocr_line' id='line_1_20' title="bbox 315 1758 2364 1836; baseline 0.001 -16"><span class='ocrx_word' id='word_1_165' title='bbox 315 1768 501 1821; x_wconf 87' lang='lat' dir='ltr'><strong>ventu</strong></span> <span class='ocrx_word' id='word_1_166' title='bbox 537 1759 835 1822; x_wconf 85' lang='lat' dir='ltr'><strong>maximas</strong></span> <span class='ocrx_word' id='word_1_167' title='bbox 862 1758 1189 1822; x_wconf 78' lang='lat' dir='ltr'><strong>Mithridati</strong></span> <span class='ocrx_word' id='word_1_168' title='bbox 1232 1758 1449 1836; x_wconf 86' lang='lat' dir='ltr'><strong>copias</strong></span> <span class='ocrx_word' id='word_1_169' title='bbox 1477 1759 1762 1822; x_wconf 85' lang='lat' dir='ltr'><strong>omnibus</strong></span> <span class='ocrx_word' id='word_1_170' title='bbox 1789 1760 1977 1821; x_wconf 87' lang='lat' dir='ltr'><strong>rebus</strong></span> <span class='ocrx_word' id='word_1_171' title='bbox 2007 1767 2254 1821; x_wconf 86' lang='lat' dir='ltr'><strong>ornatas</strong></span> <span class='ocrx_word' id='word_1_172' title='bbox 2281 1767 2364 1822; x_wconf 86' lang='lat' dir='ltr'><strong>at·</strong></span> 
     </span>
     <span class='ocr_line' id='line_1_21' title="bbox 314 1841 2362 1920; baseline -0 -15"><span class='ocrx_word' id='word_1_173' title='bbox 314 1861 435 1920; x_wconf 89' lang='lat' dir='ltr'><strong>que</strong></span> <span class='ocrx_word' id='word_1_174' title='bbox 476 1843 803 1907; x_wconf 86' lang='lat' dir='ltr'><strong>instructas</strong></span> <span class='ocrx_word' id='word_1_175' title='bbox 846 1842 1069 1916; x_wconf 79' lang='lat' dir='ltr'><strong>fuisse,</strong></span> <span class='ocrx_word' id='word_1_176' title='bbox 1116 1842 1458 1920; x_wconf 84' lang='lat' dir='ltr'><strong>urbemque</strong></span> <span class='ocrx_word' id='word_1_177' title='bbox 1484 1842 1674 1905; x_wconf 88' lang='lat' dir='ltr'><strong>Asiae</strong></span> <span class='ocrx_word' id='word_1_178' title='bbox 1713 1841 2112 1907; x_wconf 87' lang='lat' dir='ltr'><strong>clarissimam</strong></span> <span class='ocrx_word' id='word_1_179' title='bbox 2159 1841 2362 1904; x_wconf 82' lang='lat' dir='ltr'><strong>nobis-</strong></span> 
     </span>
     <span class='ocr_line' id='line_1_22' title="bbox 316 1925 2368 2005; baseline -0.001 -19"><span class='ocrx_word' id='word_1_180' title='bbox 316 1944 436 2001; x_wconf 87' lang='lat' dir='ltr'><strong>que</strong></span> <span class='ocrx_word' id='word_1_181' title='bbox 464 1926 908 2002; x_wconf 80' lang='lat' dir='ltr'><strong>amicissimam,</strong></span> <span class='ocrx_word' id='word_1_182' title='bbox 938 1925 1398 2005; x_wconf 75' lang='lat' dir='ltr'><strong>Cyzicenorum,</strong></span> <span class='ocrx_word' id='word_1_183' title='bbox 1425 1927 1750 1989; x_wconf 82' lang='lat' dir='ltr'><strong>obsessam</strong></span> <span class='ocrx_word' id='word_1_184' title='bbox 1777 1942 1921 1989; x_wconf 90' lang='lat' dir='ltr'><strong>esse</strong></span> <span class='ocrx_word' id='word_1_185' title='bbox 1948 1928 2026 1987; x_wconf 89' lang='lat' dir='ltr'><strong>ab</strong></span> <span class='ocrx_word' id='word_1_186' title='bbox 2053 1926 2196 2003; x_wconf 89' lang='lat' dir='ltr'><strong>ipso</strong></span> <span class='ocrx_word' id='word_1_187' title='bbox 2224 1942 2368 2002; x_wconf 67' lang='lat' dir='ltr'><strong>regeb</strong></span> 
     </span>
     <span class='ocr_line' id='line_1_23' title="bbox 316 2008 2367 2086; baseline 0.001 -19"><span class='ocrx_word' id='word_1_188' title='bbox 316 2010 574 2068; x_wconf 80' lang='lat' dir='ltr'><strong>maxima</strong></span> <span class='ocrx_word' id='word_1_189' title='bbox 614 2008 993 2072; x_wconf 88' lang='lat' dir='ltr'><strong>multitudine</strong></span> <span class='ocrx_word' id='word_1_190' title='bbox 1034 2020 1095 2071; x_wconf 90' lang='lat' dir='ltr'><strong>et</strong></span> <span class='ocrx_word' id='word_1_191' title='bbox 1127 2017 1541 2086; x_wconf 84' lang='lat' dir='ltr'><strong>oppugnatam</strong></span> <span class='ocrx_word' id='word_1_192' title='bbox 1573 2009 2142 2085; x_wconf 88' lang='lat' dir='ltr'><strong>vehementissime,</strong></span> <span class='ocrx_word' id='word_1_193' title='bbox 2189 2026 2367 2086; x_wconf 88' lang='lat' dir='ltr'><strong>quam</strong></span> 
     </span>
     <span class='ocr_line' id='line_1_24' title="bbox 312 2087 2365 2167; baseline 0 -16"><span class='ocrx_word' id='word_1_194' title='bbox 312 2091 378 2151; x_wconf 86' lang='lat' dir='ltr'><strong>L.</strong></span> <span class='ocrx_word' id='word_1_195' title='bbox 413 2091 700 2152; x_wconf 79' lang='lat' dir='ltr'><strong>Lucullus</strong></span> <span class='ocrx_word' id='word_1_196' title='bbox 734 2092 985 2164; x_wconf 87' lang='lat' dir='ltr'><strong>virtute,</strong></span> <span class='ocrx_word' id='word_1_197' title='bbox 1020 2091 1417 2167; x_wconf 83' lang='lat' dir='ltr'><strong>adsiduitate,</strong></span> <span class='ocrx_word' id='word_1_198' title='bbox 1450 2091 1707 2155; x_wconf 89' lang='lat' dir='ltr'><strong>consilio</strong></span> <span class='ocrx_word' id='word_1_199' title='bbox 1737 2092 1991 2155; x_wconf 87' lang='lat' dir='ltr'><strong>summis</strong></span> <span class='ocrx_word' id='word_1_200' title='bbox 2025 2087 2365 2154; x_wconf 84' lang='lat' dir='ltr'><strong>obsidionis</strong></span> 
     </span>
     <span class='ocr_line' id='line_1_25' title="bbox 316 2172 2459 2261; baseline 0 -26"><span class='ocrx_word' id='word_1_201' title='bbox 316 2172 603 2250; x_wconf 84' lang='lat' dir='ltr'><strong>periculis</strong></span> <span class='ocrx_word' id='word_1_202' title='bbox 644 2172 913 2235; x_wconf 84' lang='lat' dir='ltr'><strong>liberarit</strong></span> <span class='ocrx_word' id='word_1_203' title='bbox 936 2196 952 2229; x_wconf 71' lang='grc' dir='ltr'><em>ε</em></span> <span class='ocrx_word' id='word_1_204' title='bbox 1008 2173 1112 2235; x_wconf 80' lang='lat'><strong>21.</strong></span> <span class='ocrx_word' id='word_1_205' title='bbox 1158 2176 1238 2236; x_wconf 89' lang='lat' dir='ltr'><strong>ab</strong></span> <span class='ocrx_word' id='word_1_206' title='bbox 1277 2176 1495 2237; x_wconf 87' lang='lat' dir='ltr'><strong>eodem</strong></span> <span class='ocrx_word' id='word_1_207' title='bbox 1539 2174 1906 2252; x_wconf 82' lang='lat' dir='ltr'><strong>imperatore</strong></span> <span class='ocrx_word' id='word_1_208' title='bbox 1945 2176 2209 2237; x_wconf 88' lang='lat' dir='ltr'><strong>classem</strong></span> <span class='ocrx_word' id='word_1_209' title='bbox 2241 2192 2365 2235; x_wconf 87' lang='lat' dir='ltr'><strong>ma·</strong></span> <span class='ocrx_word' id='word_1_210' title='bbox 2457 2242 2459 2261; x_wconf 30' lang='lat' dir='ltr'><strong>ff</strong></span> 
     </span>
    </p>
   </div>
   <div class='ocr_carea' id='block_1_3' title="bbox 314 2256 2459 2333">
    <p class='ocr_par' dir='ltr' id='par_1_4' title="bbox 314 2256 2459 2333">
     <span class='ocr_line' id='line_1_26' title="bbox 314 2256 2459 2333; baseline -0.002 -14"><span class='ocrx_word' id='word_1_211' title='bbox 314 2274 493 2333; x_wconf 86' lang='lat' dir='ltr'><strong>gnam</strong></span> <span class='ocrx_word' id='word_1_212' title='bbox 534 2265 597 2318; x_wconf 90' lang='lat' dir='ltr'><strong>et</strong></span> <span class='ocrx_word' id='word_1_213' title='bbox 635 2265 937 2331; x_wconf 85' lang='lat' dir='ltr'><strong>ornatam,</strong></span> <span class='ocrx_word' id='word_1_214' title='bbox 980 2272 1139 2333; x_wconf 88' lang='lat' dir='ltr'><strong>quae</strong></span> <span class='ocrx_word' id='word_1_215' title='bbox 1180 2258 1440 2320; x_wconf 86' lang='lat' dir='ltr'><strong>ducibus</strong></span> <span class='ocrx_word' id='word_1_216' title='bbox 1473 2258 1838 2320; x_wconf 85' lang='lat' dir='ltr'><strong>Sertorianis</strong></span> <span class='ocrx_word' id='word_1_217' title='bbox 1865 2261 1948 2319; x_wconf 84' lang='lat' dir='ltr'><strong>ad</strong></span> <span class='ocrx_word' id='word_1_218' title='bbox 1981 2256 2210 2320; x_wconf 86' lang='lat' dir='ltr'><strong>Italiam</strong></span> <span class='ocrx_word' id='word_1_219' title='bbox 2243 2265 2368 2319; x_wconf 94' lang='lat' dir='ltr'><strong>stu-</strong></span> <span class='ocrx_word' id='word_1_220' title='bbox 2457 2262 2459 2289; x_wconf 73' lang='lat'>³</span> 
     </span>
    </p>
   </div>
   <div class='ocr_carea' id='block_1_4' title="bbox 310 2338 2375 3405">
    <p class='ocr_par' dir='ltr' id='par_1_5' title="bbox 310 2338 2375 3405">
     <span class='ocr_line' id='line_1_27' title="bbox 314 2338 2369 2417; baseline -0 -16"><span class='ocrx_word' id='word_1_221' title='bbox 314 2340 417 2401; x_wconf 92' lang='lat' dir='ltr'><strong>dio</strong></span> <span class='ocrx_word' id='word_1_222' title='bbox 460 2347 647 2414; x_wconf 80' lang='lat' dir='ltr'><strong>atque</strong></span> <span class='ocrx_word' id='word_1_223' title='bbox 679 2338 822 2400; x_wconf 88' lang='lat' dir='ltr'><strong>odio</strong></span> <span class='ocrx_word' id='word_1_224' title='bbox 852 2338 1223 2402; x_wconf 83' lang='lat' dir='ltr'><strong>inflammata</strong></span> <span class='ocrx_word' id='word_1_225' title='bbox 1250 2350 1592 2415; x_wconf 83' lang='lat' dir='ltr'><strong>raperetur,</strong></span> <span class='ocrx_word' id='word_1_226' title='bbox 1637 2349 1982 2417; x_wconf 84' lang='lat' dir='ltr'><strong>superatam</strong></span> <span class='ocrx_word' id='word_1_227' title='bbox 2013 2358 2158 2401; x_wconf 88' lang='lat' dir='ltr'><strong>esse</strong></span> <span class='ocrx_word' id='word_1_228' title='bbox 2185 2348 2369 2415; x_wconf 86' lang='lat' dir='ltr'><strong>atque</strong></span> 
     </span>
     <span class='ocr_line' id='line_1_28' title="bbox 313 2421 2368 2500; baseline 0 -19"><span class='ocrx_word' id='word_1_229' title='bbox 313 2423 705 2497; x_wconf 79' lang='lat' dir='ltr'><strong>depressam=</strong></span> <span class='ocrx_word' id='word_1_230' title='bbox 755 2436 1010 2497; x_wconf 87' lang='lat' dir='ltr'><strong>magnas</strong></span> <span class='ocrx_word' id='word_1_231' title='bbox 1054 2421 1318 2484; x_wconf 88' lang='lat' dir='ltr'><strong>hostium</strong></span> <span class='ocrx_word' id='word_1_232' title='bbox 1354 2430 1672 2499; x_wconf 87' lang='lat' dir='ltr'><strong>praeterea</strong></span> <span class='ocrx_word' id='word_1_233' title='bbox 1705 2422 1920 2500; x_wconf 87' lang='lat' dir='ltr'><strong>copias</strong></span> <span class='ocrx_word' id='word_1_234' title='bbox 1952 2424 2153 2485; x_wconf 87' lang='lat' dir='ltr'><strong>multis</strong></span> <span class='ocrx_word' id='word_1_235' title='bbox 2190 2438 2368 2498; x_wconf 86' lang='lat' dir='ltr'><strong>proe-</strong></span> 
     </span>
     <span class='ocr_line' id='line_1_29' title="bbox 315 2503 2368 2582; baseline 0.002 -19"><span class='ocrx_word' id='word_1_236' title='bbox 315 2504 409 2565; x_wconf 91' lang='lat' dir='ltr'><strong>liis</strong></span> <span class='ocrx_word' id='word_1_237' title='bbox 451 2520 595 2565; x_wconf 89' lang='lat' dir='ltr'><strong>esse</strong></span> <span class='ocrx_word' id='word_1_238' title='bbox 628 2503 859 2566; x_wconf 85' lang='lat' dir='ltr'><strong>deletas</strong></span> <span class='ocrx_word' id='word_1_239' title='bbox 892 2505 1384 2580; x_wconf 72' lang='lat' dir='ltr'><strong>patefactumque</strong></span> <span class='ocrx_word' id='word_1_240' title='bbox 1411 2505 1639 2568; x_wconf 86' lang='lat' dir='ltr'><strong>nostris</strong></span> <span class='ocrx_word' id='word_1_241' title='bbox 1668 2505 2010 2582; x_wconf 83' lang='lat' dir='ltr'><strong>legionibus</strong></span> <span class='ocrx_word' id='word_1_242' title='bbox 2043 2520 2185 2565; x_wconf 87' lang='lat' dir='ltr'><strong>esse</strong></span> <span class='ocrx_word' id='word_1_243' title='bbox 2212 2506 2368 2567; x_wconf 91' lang='lat' dir='ltr'><strong>Pon-</strong></span> 
     </span>
     <span class='ocr_line' id='line_1_30' title="bbox 314 2584 2369 2664; baseline 0 -15"><span class='ocrx_word' id='word_1_244' title='bbox 314 2596 468 2659; x_wconf 89' lang='lat' dir='ltr'><strong>tum,</strong></span> <span class='ocrx_word' id='word_1_245' title='bbox 504 2584 609 2662; x_wconf 86' lang='lat' dir='ltr'><strong>qui</strong></span> <span class='ocrx_word' id='word_1_246' title='bbox 650 2595 829 2650; x_wconf 89' lang='lat' dir='ltr'><strong>antea</strong></span> <span class='ocrx_word' id='word_1_247' title='bbox 869 2590 1100 2664; x_wconf 90' lang='lat' dir='ltr'><strong>populo</strong></span> <span class='ocrx_word' id='word_1_248' title='bbox 1129 2588 1404 2649; x_wconf 90' lang='lat' dir='ltr'><strong>Romano</strong></span> <span class='ocrx_word' id='word_1_249' title='bbox 1448 2606 1527 2649; x_wconf 88' lang='lat' dir='ltr'><strong>ex</strong></span> <span class='ocrx_word' id='word_1_250' title='bbox 1555 2588 1719 2650; x_wconf 88' lang='lat' dir='ltr'><strong>omni</strong></span> <span class='ocrx_word' id='word_1_251' title='bbox 1748 2587 1918 2651; x_wconf 87' lang='lat' dir='ltr'><strong>aditu</strong></span> <span class='ocrx_word' id='word_1_252' title='bbox 1943 2589 2192 2649; x_wconf 87' lang='lat' dir='ltr'><strong>clausus</strong></span> <span class='ocrx_word' id='word_1_253' title='bbox 2222 2588 2369 2649; x_wconf 83' lang='lat' dir='ltr'><strong>ruis—</strong></span> 
     </span>
     <span class='ocr_line' id='line_1_31' title="bbox 314 2668 2368 2747; baseline -0.001 -16"><span class='ocrx_word' id='word_1_254' title='bbox 314 2682 435 2731; x_wconf 81' lang='lat' dir='ltr'><strong>set=</strong></span> <span class='ocrx_word' id='word_1_255' title='bbox 463 2669 733 2746; x_wconf 85' lang='lat' dir='ltr'><strong>Sinopen</strong></span> <span class='ocrx_word' id='word_1_256' title='bbox 759 2678 943 2746; x_wconf 89' lang='lat' dir='ltr'><strong>atque</strong></span> <span class='ocrx_word' id='word_1_257' title='bbox 955 2668 1250 2745; x_wconf 88' lang='lat' dir='ltr'><strong>Amisum,</strong></span> <span class='ocrx_word' id='word_1_258' title='bbox 1273 2669 1497 2747; x_wconf 83' lang='lat' dir='ltr'><strong>quibus</strong></span> <span class='ocrx_word' id='word_1_259' title='bbox 1519 2670 1582 2731; x_wconf 89' lang='lat' dir='ltr'><strong>in</strong></span> <span class='ocrx_word' id='word_1_260' title='bbox 1607 2669 1852 2747; x_wconf 86' lang='lat' dir='ltr'><strong>oppidis</strong></span> <span class='ocrx_word' id='word_1_261' title='bbox 1873 2678 2047 2733; x_wconf 89' lang='lat' dir='ltr'><strong>erant</strong></span> <span class='ocrx_word' id='word_1_262' title='bbox 2067 2669 2368 2732; x_wconf 86' lang='lat' dir='ltr'><strong>domicilia</strong></span> 
     </span>
     <span class='ocr_line' id='line_1_32' title="bbox 310 2751 2369 2829; baseline 0 -18"><span class='ocrx_word' id='word_1_263' title='bbox 310 2751 493 2828; x_wconf 82' lang='lat' dir='ltr'><strong>regis,</strong></span> <span class='ocrx_word' id='word_1_264' title='bbox 535 2751 819 2813; x_wconf 90' lang='lat' dir='ltr'><strong>omnibus</strong></span> <span class='ocrx_word' id='word_1_265' title='bbox 849 2753 1036 2813; x_wconf 88' lang='lat' dir='ltr'><strong>rebus</strong></span> <span class='ocrx_word' id='word_1_266' title='bbox 1072 2762 1318 2814; x_wconf 87' lang='lat' dir='ltr'><strong>ornatas</strong></span> <span class='ocrx_word' id='word_1_267' title='bbox 1357 2770 1429 2815; x_wconf 86' lang='lat' dir='ltr'><strong>ac</strong></span> <span class='ocrx_word' id='word_1_268' title='bbox 1457 2757 1717 2815; x_wconf 75' lang='lat' dir='ltr'><strong>refertas</strong></span> <span class='ocrx_word' id='word_1_269' title='bbox 1797 2762 2161 2829; x_wconf 87' lang='lat' dir='ltr'><strong>ceterasque</strong></span> <span class='ocrx_word' id='word_1_270' title='bbox 2183 2754 2369 2815; x_wconf 89' lang='lat' dir='ltr'><strong>urbes</strong></span> 
     </span>
     <span class='ocr_line' id='line_1_33' title="bbox 312 2834 2371 2912; baseline 0 -18"><span class='ocrx_word' id='word_1_271' title='bbox 312 2835 484 2897; x_wconf 87' lang='lat' dir='ltr'><strong>Ponti</strong></span> <span class='ocrx_word' id='word_1_272' title='bbox 519 2844 580 2898; x_wconf 89' lang='lat' dir='ltr'><strong>et</strong></span> <span class='ocrx_word' id='word_1_273' title='bbox 618 2834 1046 2912; x_wconf 86' lang='lat' dir='ltr'><strong>Cappadociae</strong></span> <span class='ocrx_word' id='word_1_274' title='bbox 1082 2836 1412 2911; x_wconf 84' lang='lat' dir='ltr'><strong>permultas</strong></span> <span class='ocrx_word' id='word_1_275' title='bbox 1443 2852 1570 2898; x_wconf 88' lang='lat' dir='ltr'><strong>uno</strong></span> <span class='ocrx_word' id='word_1_276' title='bbox 1607 2835 1774 2899; x_wconf 87' lang='lat' dir='ltr'><strong>aditu</strong></span> <span class='ocrx_word' id='word_1_277' title='bbox 1807 2837 2200 2910; x_wconf 87' lang='lat' dir='ltr'><strong>adventuque</strong></span> <span class='ocrx_word' id='word_1_278' title='bbox 2229 2851 2371 2895; x_wconf 90' lang='lat' dir='ltr'><strong>esse</strong></span> 
     </span>
     <span class='ocr_line' id='line_1_34' title="bbox 314 2917 2370 2995; baseline 0 -16"><span class='ocrx_word' id='word_1_279' title='bbox 314 2927 559 2993; x_wconf 88' lang='lat' dir='ltr'><strong>captas,</strong></span> <span class='ocrx_word' id='word_1_280' title='bbox 599 2935 806 2995; x_wconf 85' lang='lat' dir='ltr'><strong>regem</strong></span> <span class='ocrx_word' id='word_1_281' title='bbox 836 2917 1159 2995; x_wconf 78' lang='lat' dir='ltr'><strong>spoliatum</strong></span> <span class='ocrx_word' id='word_1_282' title='bbox 1192 2935 1383 2993; x_wconf 86' lang='lat' dir='ltr'><strong>regno</strong></span> <span class='ocrx_word' id='word_1_283' title='bbox 1408 2917 1601 2995; x_wconf 89' lang='lat' dir='ltr'><strong>patrio</strong></span> <span class='ocrx_word' id='word_1_284' title='bbox 1626 2928 1811 2994; x_wconf 86' lang='lat' dir='ltr'><strong>atque</strong></span> <span class='ocrx_word' id='word_1_285' title='bbox 1831 2920 1996 2980; x_wconf 84' lang='lat' dir='ltr'><strong>avito</strong></span> <span class='ocrx_word' id='word_1_286' title='bbox 2021 2918 2100 2978; x_wconf 85' lang='lat' dir='ltr'><strong>ad</strong></span> <span class='ocrx_word' id='word_1_287' title='bbox 2121 2919 2276 2977; x_wconf 85' lang='lat' dir='ltr'><strong>alios</strong></span> <span class='ocrx_word' id='word_1_288' title='bbox 2301 2934 2370 2979; x_wconf 91' lang='lat' dir='ltr'><strong>se</strong></span> 
     </span>
     <span class='ocr_line' id='line_1_35' title="bbox 314 2999 2373 3077; baseline -0.001 -15"><span class='ocrx_word' id='word_1_289' title='bbox 314 3016 493 3077; x_wconf 87' lang='lat' dir='ltr'><strong>reges</strong></span> <span class='ocrx_word' id='word_1_290' title='bbox 518 3009 701 3076; x_wconf 86' lang='lat' dir='ltr'><strong>atque</strong></span> <span class='ocrx_word' id='word_1_291' title='bbox 724 3003 804 3063; x_wconf 89' lang='lat' dir='ltr'><strong>ad</strong></span> <span class='ocrx_word' id='word_1_292' title='bbox 824 3002 976 3063; x_wconf 83' lang='lat' dir='ltr'><strong>alias</strong></span> <span class='ocrx_word' id='word_1_293' title='bbox 996 3010 1209 3076; x_wconf 80' lang='lat' dir='ltr'><strong>gentes</strong></span> <span class='ocrx_word' id='word_1_294' title='bbox 1241 2999 1581 3077; x_wconf 84' lang='lat' dir='ltr'><strong>supplicem</strong></span> <span class='ocrx_word' id='word_1_295' title='bbox 1621 3001 1956 3063; x_wconf 89' lang='lat' dir='ltr'><strong>contulisse</strong></span> <span class='ocrx_word' id='word_1_296' title='bbox 1971 3046 1986 3074; x_wconf 96' lang='lat'><strong>,</strong></span> <span class='ocrx_word' id='word_1_297' title='bbox 2010 3008 2193 3075; x_wconf 88' lang='lat' dir='ltr'><strong>atque</strong></span> <span class='ocrx_word' id='word_1_298' title='bbox 2216 3000 2373 3061; x_wconf 88' lang='lat' dir='ltr'><strong>haec</strong></span> 
     </span>
     <span class='ocr_line' id='line_1_36' title="bbox 315 3080 2373 3161; baseline -0.001 -15"><span class='ocrx_word' id='word_1_299' title='bbox 315 3084 518 3147; x_wconf 88' lang='lat' dir='ltr'><strong>omnia</strong></span> <span class='ocrx_word' id='word_1_300' title='bbox 540 3084 729 3145; x_wconf 87' lang='lat' dir='ltr'><strong>salvis</strong></span> <span class='ocrx_word' id='word_1_301' title='bbox 752 3084 967 3161; x_wconf 88' lang='lat' dir='ltr'><strong>populi</strong></span> <span class='ocrx_word' id='word_1_302' title='bbox 987 3082 1244 3146; x_wconf 89' lang='lat' dir='ltr'><strong>Romani</strong></span> <span class='ocrx_word' id='word_1_303' title='bbox 1268 3084 1456 3146; x_wconf 90' lang='lat' dir='ltr'><strong>sociis</strong></span> <span class='ocrx_word' id='word_1_304' title='bbox 1479 3092 1662 3158; x_wconf 86' lang='lat' dir='ltr'><strong>atque</strong></span> <span class='ocrx_word' id='word_1_305' title='bbox 1693 3084 1942 3160; x_wconf 83' lang='lat' dir='ltr'><strong>integris</strong></span> <span class='ocrx_word' id='word_1_306' title='bbox 1973 3080 2373 3160; x_wconf 88' lang='lat' dir='ltr'><strong>vectigalibus</strong></span> 
     </span>
     <span class='ocr_line' id='line_1_37' title="bbox 313 3165 2374 3243; baseline -0.002 -14"><span class='ocrx_word' id='word_1_307' title='bbox 313 3184 457 3229; x_wconf 90' lang='lat' dir='ltr'><strong>esse</strong></span> <span class='ocrx_word' id='word_1_308' title='bbox 478 3175 671 3243; x_wconf 86' lang='lat' dir='ltr'><strong>gesta.</strong></span> <span class='ocrx_word' id='word_1_309' title='bbox 707 3167 867 3228; x_wconf 86' lang='lat' dir='ltr'><strong>Satis</strong></span> <span class='ocrx_word' id='word_1_310' title='bbox 892 3168 1110 3242; x_wconf 88' lang='lat' dir='ltr'><strong>opinor</strong></span> <span class='ocrx_word' id='word_1_311' title='bbox 1129 3168 1282 3226; x_wconf 89' lang='lat' dir='ltr'><strong>haec</strong></span> <span class='ocrx_word' id='word_1_312' title='bbox 1299 3182 1442 3228; x_wconf 90' lang='lat' dir='ltr'><strong>esse</strong></span> <span class='ocrx_word' id='word_1_313' title='bbox 1463 3166 1662 3227; x_wconf 87' lang='lat' dir='ltr'><strong>laudis</strong></span> <span class='ocrx_word' id='word_1_314' title='bbox 1684 3177 1870 3241; x_wconf 88' lang='lat' dir='ltr'><strong>atque</strong></span> <span class='ocrx_word' id='word_1_315' title='bbox 1892 3165 1993 3241; x_wconf 76' lang='lat' dir='ltr'><strong>ita,</strong></span> <span class='ocrx_word' id='word_1_316' title='bbox 2010 3166 2290 3241; x_wconf 80' lang='lat' dir='ltr'><strong>QuiriteS‚</strong></span> <span class='ocrx_word' id='word_1_317' title='bbox 2306 3173 2374 3226; x_wconf 91' lang='lat' dir='ltr'><strong>ut</strong></span> 
     </span>
     <span class='ocr_line' id='line_1_38' title="bbox 314 3245 2374 3324; baseline -0.002 -14"><span class='ocrx_word' id='word_1_318' title='bbox 314 3251 431 3312; x_wconf 85' lang='lat' dir='ltr'><strong>hoc</strong></span> <span class='ocrx_word' id='word_1_319' title='bbox 461 3268 575 3310; x_wconf 90' lang='lat' dir='ltr'><strong>vos</strong></span> <span class='ocrx_word' id='word_1_320' title='bbox 609 3248 971 3323; x_wconf 87' lang='lat' dir='ltr'><strong>intelligatis,</strong></span> <span class='ocrx_word' id='word_1_321' title='bbox 1010 3266 1045 3312; x_wconf 86' lang='lat' dir='ltr'><strong>a</strong></span> <span class='ocrx_word' id='word_1_322' title='bbox 1082 3250 1245 3310; x_wconf 86' lang='lat' dir='ltr'><strong>nullo</strong></span> <span class='ocrx_word' id='word_1_323' title='bbox 1272 3246 1543 3321; x_wconf 88' lang='lat' dir='ltr'><strong>istorum,</strong></span> <span class='ocrx_word' id='word_1_324' title='bbox 1575 3249 1678 3324; x_wconf 89' lang='lat' dir='ltr'><strong>qui</strong></span> <span class='ocrx_word' id='word_1_325' title='bbox 1711 3248 1854 3309; x_wconf 90' lang='lat' dir='ltr'><strong>huic</strong></span> <span class='ocrx_word' id='word_1_326' title='bbox 1887 3249 2225 3310; x_wconf 85' lang='lat' dir='ltr'><strong>obtrectant</strong></span> <span class='ocrx_word' id='word_1_327' title='bbox 2253 3245 2374 3322; x_wconf 78' lang='lat' dir='ltr'><strong>legi</strong></span> 
     </span>
     <span class='ocr_line' id='line_1_39' title="bbox 318 3328 2375 3405; baseline -0.001 -12"><span class='ocrx_word' id='word_1_328' title='bbox 318 3343 497 3405; x_wconf 79' lang='lat' dir='ltr'><strong>atque</strong></span> <span class='ocrx_word' id='word_1_329' title='bbox 521 3348 762 3401; x_wconf 82' lang='lat' dir='ltr'><strong>causae,</strong></span> <span class='ocrx_word' id='word_1_330' title='bbox 781 3333 844 3391; x_wconf 92' lang='lat' dir='ltr'><strong>L.</strong></span> <span class='ocrx_word' id='word_1_331' title='bbox 866 3332 1179 3391; x_wconf 89' lang='lat' dir='ltr'><strong>Lucullum</strong></span> <span class='ocrx_word' id='word_1_332' title='bbox 1201 3328 1470 3389; x_wconf 89' lang='lat' dir='ltr'><strong>similiter</strong></span> <span class='ocrx_word' id='word_1_333' title='bbox 1488 3346 1565 3391; x_wconf 88' lang='lat' dir='ltr'><strong>ex</strong></span> <span class='ocrx_word' id='word_1_334' title='bbox 1582 3330 1701 3390; x_wconf 89' lang='lat' dir='ltr'><strong>hoc</strong></span> <span class='ocrx_word' id='word_1_335' title='bbox 1722 3331 1860 3391; x_wconf 83' lang='lat' dir='ltr'><strong>loco</strong></span> <span class='ocrx_word' id='word_1_336' title='bbox 1879 3347 2023 3391; x_wconf 89' lang='lat' dir='ltr'><strong>esse</strong></span> <span class='ocrx_word' id='word_1_337' title='bbox 2044 3332 2375 3391; x_wconf 82' lang='lat' dir='ltr'><strong>laudatum.</strong></span> 
     </span>
    </p>
   </div>
  </div>
 </body>
</html>
