2459 3817
766 168 935 231 CAP.
968 178 1231 235 67—70.
1267 177 1320 238 S.
1357 178 1687 237 173—179.
2169 166 2292 233 179

208 316 440 391 ciebat,
481 324 591 381 tua
641 335 712 381 se
756 320 977 381 fiducia
1024 323 1226 391 facere
1267 322 1538 397 dicebat,
1575 339 1652 383 ea
1690 339 1768 384 ne
1808 340 1956 385 vera
1995 332 2278 400 putentur

208 401 314 463 tibi
350 402 617 463 maxime
646 412 740 465 est
773 405 1241 479 providendum.
1305 406 1508 467 LXIX.
1567 403 1709 469 177.
1770 407 1904 483 Ego
1946 407 2065 469 mei
2093 410 2276 470 ratio-

208 502 346 547 nem
374 484 496 545 iam
527 485 715 547 oflicii
746 488 993 548 confido
1024 504 1169 549 esse
1212 488 1493 550 omnibus
1526 487 1928 565 iniqu1ssimis
1959 490 2111 551 meis
2141 508 2280 568 per·

210 572 501 631 solutamz
546 586 683 631 nam
724 569 907 631 istum
952 571 1167 645 paucis
1209 571 1380 635 horis
1429 574 1662 648 primae
1707 571 1966 635 actionis
2012 574 2279 636 omnium

208 653 551 715 mortalium
590 654 908 715 sententiis
949 655 1370 716 condemnavi.
1435 654 1760 731 Reliquum
1818 654 2107 718 iudicium
2159 657 2278 718 iarn

209 753 331 798 non
362 738 441 797 de
469 753 605 797 mea
632 738 773 811 fide,
803 754 962 812 quae
992 747 1321 813 perspecta
1348 747 1460 810 est,
1496 755 1610 799 nec
1641 740 1718 799 de
1746 737 1922 800 istius
1944 740 2086 813 vita,
2120 758 2278 815 quae
2324 816 2330 821 ¹

210 821 493 882 damnata
524 828 649 892 est,
694 822 807 882 sed
839 822 918 882 de
949 819 1255 882 iudicibus
1297 830 1386 892 et,
1450 838 1592 883 vere
1622 829 1689 883 ut
1716 821 1946 895 dicam,
1982 824 2061 884 de
2096 832 2155 885 te
2187 826 2278 884 su·

208 912 406 966 turum
440 911 555 965 est.
618 905 701 966 At
732 920 857 979 quo
879 912 1155 979 tempore
1186 906 1452 966 futurum
1477 911 1613 966 est?
1649 937 1722 949 -
1756 921 1894 964 nam
1926 904 1987 966 id
2016 907 2280 968 maxime

210 987 655 1062 providendum
684 995 809 1048 estz
854 987 1075 1049 etenim
1109 1005 1294 1062 quum
1329 988 1611 1049 omnibus
1651 987 1712 1047 in
1741 987 1928 1047 rebus
1957 995 2083 1049 tum
2116 988 2176 1049 in
2216 1006 2279 1050 re

210 1070 455 1145 publica
486 1068 797 1145 permagni
825 1069 1117 1131 momenti
1146 1079 1244 1131 est
1280 1070 1434 1133 ratio
1463 1079 1650 1146 atque
1688 1069 1997 1132 inclinatio
2047 1079 2280 1149 tempo·

207 1170 337 1214 rum
367 1174 481 1208 -ε
525 1168 746 1226 nempe
773 1168 882 1226 eo,
914 1169 1101 1228 quum
1130 1156 1398 1229 populus
1422 1155 1736 1214 Romanus
1765 1153 1931 1213 aliud
1953 1170 2150 1229 genus
2173 1154 2282 1215 ho-

210 1235 440 1295 minum
504 1241 688 1308 atque
736 1234 922 1295 alium
974 1234 1250 1296 ordinem
1300 1237 1377 1297 ad
1428 1253 1532 1299 res
1582 1235 1945 1298 iudicandas
1994 1236 2279 1313 requirit=

210 1334 434 1393 nempe
457 1318 595 1391 lege
618 1317 695 1376 de
718 1316 960 1377 iudiciis
985 1316 1418 1396 iudicibusque
1437 1316 1618 1381 novis
1642 1319 2050 1395 promulgatae
2101 1335 2280 1394 quam

209 1419 332 1462 non
372 1400 428 1461 is
474 1400 909 1476 promulgavit,
958 1418 1083 1477 quo
1122 1400 1369 1464 nomine
1411 1400 1818 1483 proscriptam
1859 1402 2114 1479 videtis,
2166 1404 2281 1465 sed

206 1486 305 1545 hic
348 1499 523 1545 reuse
568 1483 698 1555 hic,
744 1482 1023 1560 inquam,
1073 1502 1189 1547 sua
1226 1503 1343 1562 spe
1386 1497 1574 1563 atque
1611 1486 1932 1565 opinione,
1976 1504 2160 1564 quam
2201 1488 2280 1547 de

209 1567 387 1629 vobis
418 1566 628 1639 habet,
658 1568 857 1642 legem
886 1566 1051 1629 illam
1080 1569 1468 1631 scribendam
1513 1571 2141 1647 promulgandamque
2175 1586 2278 1631 cu-

209 1652 381 1713 ravit.
449 1648 588 1713 178.
648 1650 863 1726 ltaque
900 1670 1084 1727 quum
1132 1654 1331 1731 primo
1373 1670 1559 1729 agere
1600 1655 1950 1730 coepimuS,
2003 1656 2105 1713 lex
2155 1668 2279 1711 non

208 1742 337 1795 erat
376 1734 787 1808 promulgata=
850 1752 1035 1811 quum
1099 1735 1246 1809 iste,
1314 1746 1519 1799 vestra
1571 1735 1895 1798 severitate
1946 1742 2278 1811 permotuS,

210 1818 397 1879 multa
430 1815 609 1890 signa
637 1816 920 1891 dederat,
964 1836 1148 1893 quam
1183 1820 1263 1880 ob
1297 1836 1426 1879 rem
1473 1834 1890 1893 responsurus
1939 1833 2061 1877 non
2109 1816 2276 1877 vide-

206 1908 390 1972 retur,
424 1900 647 1961 mentio
678 1900 756 1959 de
786 1902 923 1976 lege
950 1904 1119 1961 nulla
1150 1902 1366 1963 fiebat:
1409 1909 1630 1977 postea
1654 1916 1832 1974 quam
1868 1898 1984 1961 iste
2013 1900 2276 1961 recreari

208 1991 267 2045 et
297 1982 642 2044 confirmari
671 1982 843 2043 visus
876 1992 999 2057 est,
1043 1986 1145 2045 lex
1172 1981 1372 2045 statim
1407 1984 1784 2059 promulgata
1830 1992 1944 2045 est.
2009 1981 2114 2045 Cui
2160 1982 2278 2057 legi

210 2084 397 2143 quum
418 2074 623 2127 vestra
646 2065 909 2141 dignitas
932 2066 1326 2130 vehementer
1346 2068 1724 2142 adversetur,
1754 2066 1931 2129 istius
1951 2084 2098 2143 spes
2125 2067 2274 2127 falsa

206 2159 267 2211 et
294 2149 550 2225 insignis
577 2148 958 2225 impudentia
984 2150 1249 2213 maxime
1289 2150 1673 2227 suffragatur.
1737 2151 1850 2212 Hic
1893 2150 1948 2212 si
1989 2151 2136 2227 quid
2166 2148 2275 2209 erit

206 2232 601 2294 commissum
642 2250 679 2293 a
722 2250 1033 2309 quoquam
1059 2244 1361 2307 vestrum,
1408 2236 1574 2311 quod
1614 2235 2124 2311 reprehendatur,
2172 2242 2278 2292 aut

205 2319 475 2392 populus
514 2317 831 2377 Romanus
876 2316 1170 2380 iudicabit
1209 2320 1288 2379 de
1328 2334 1404 2380 eo
1445 2316 1721 2391 homine,
1779 2334 1962 2393 quem
1989 2318 2108 2376 iam
2136 2323 2275 2375 ante

204 2398 449 2460 iudiciis
482 2398 795 2475 indignum
828 2402 1090 2476 putavit,
1139 2408 1244 2462 aut
1273 2400 1358 2473 ei,
1419 2400 1523 2476 qui
1577 2408 1831 2477 propter
1871 2399 2275 2461 offensionem

205 2482 570 2546 iudiciorum
618 2482 698 2543 de
747 2483 1058 2545 veteribus
1105 2483 1409 2545 iudicibus
1461 2486 1596 2560 lege
1643 2499 1806 2545 nova
1848 2480 1994 2544 novi
2038 2480 2274 2542 iudices

204 2574 382 2627 erunt
409 2563 740 2627 constituti.
798 2566 972 2627 LXX.
1039 2564 1179 2628 179.
1239 2566 1385 2627 Mihi
1417 2585 1632 2643 porro,
1668 2575 1733 2629 ut
1761 2582 1876 2642 ego
1907 2583 2028 2627 non
2053 2565 2272 2634 dicam,

207 2647 350 2725 quis
390 2647 657 2710 omnium
699 2651 1038 2711 mortalium
1081 2667 1205 2711 non
1247 2648 1524 2725 intelligit
1554 2667 1736 2727 quam
1774 2651 1956 2726 longe
1985 2645 2274 2726 progredi

204 2732 285 2793 sit
324 2740 627 2793 necesse?
693 2733 911 2794 Potero
966 2734 1179 2807 silere,
1229 2732 1548 2808 Hortensi,
1597 2742 1814 2809 potero
1871 2730 2272 2802 dissimulare,

204 2830 394 2891 quum
428 2824 655 2876 tantum
682 2831 784 2876 res
813 2815 1061 2891 publica
1093 2819 1313 2878 vulnus
1348 2818 1671 2893 acceperit,
1705 2824 1770 2876 ut
1798 2817 2099 2893 expilatae
2135 2830 2273 2890 pro-

202 2897 475 2971 vinciae,
515 2898 717 2960 vexati
748 2898 932 2971 socii,
980 2898 1043 2959 di
1085 2898 1454 2961 immortales
1498 2898 1770 2975 spoliati,
1815 2900 1982 2960 cives
2015 2894 2274 2961 Romani

202 2979 455 3042 cruciati
485 2990 545 3042 et
580 2980 775 3043 necati
805 2982 1050 3058 impune
1082 2999 1179 3043 me
1206 2990 1416 3043 actore
1454 2999 1596 3043 esse
1643 2981 2002 3045 videantur?
2058 2991 2272 3059 potero

199 3081 321 3141 ego
352 3065 472 3125 hoc
502 3081 659 3125 onus
692 3074 921 3126 tantum
944 3065 1135 3125 autin
1168 3066 1286 3125 hoc
1316 3063 1540 3127 iudicio
1572 3066 1884 3141 deponere
1911 3075 2014 3127 aut
2049 3062 2275 3125 diutius

201 3148 425 3209 tacitus
477 3147 825 3210 sustinere?
880 3148 1015 3209 Non
1050 3148 1336 3225 agitanda
1384 3165 1484 3210 res
1525 3147 1682 3211 erit?
1732 3165 1856 3210 non
1907 3147 1968 3209 in
2008 3144 2275 3207 medium

198 3233 619 3309 proferenda?
680 3249 803 3293 non
868 3230 1080 3307 populi
1140 3230 1398 3294 Romani
1459 3231 1616 3293 lidos
1679 3230 2103 3309 imploranda?
2147 3244 2272 3288 non

200 3332 457 3391 omnes,
510 3315 615 3391 qui
667 3324 831 3377 tanto
884 3331 955 3376 se
1006 3317 1242 3377 scelere
1294 3316 1774 3387 obstrinxerunt,
1829 3321 1896 3375 ut
1933 3319 2040 3372 aut
2087 3312 2272 3372 fldem

200 3416 379 3461 suam
429 3398 737 3475 corrumpi
787 3407 1137 3475 paterentur
1183 3410 1289 3459 aut
1334 3396 1625 3459 iudicium
1675 3403 2164 3541 origumperent,
2211 3393 2270 3453 in
