2459 3817
754 146 917 206 GAP.
948 156 1208 214 26—-28-
1253 159 1304 218 S.
1341 161 1604 216 ‘la—79.
2095 167 2187 234 25

157 291 534 366 introspicite
563 291 869 369 Catilinae,
898 299 1192 371 Autronii,
1242 301 1504 378 Cethegi,
1541 303 1778 364 Lentuli
1847 313 2208 370 ceterorum·

158 384 585 468 que‘mentese
636 393 790 450 quas
839 395 955 441 vos
985 380 1045 440 in
1074 381 1170 441 his
1199 381 1511 460 libidines,
1559 404 1718 460 quae
1747 386 2002 463 flagitia,
2053 409 2213 465 quas

156 459 589 532 turpitudineS,
647 470 905 534 quantas
934 463 1258 536 audacias,
1317 483 1496 540 quam
1534 467 1920 531 incredibiles
1950 473 2212 548 furoreS,

157 555 312 614 quas
341 547 517 600 notas
546 540 910 618 facinorum,
956 562 1111 620 quae
1153 547 1376 607 indicia
1406 549 1898 628 parricidiorum,
1945 564 2209 630 quantos

153 637 410 681 acervos
446 623 742 683 scelerum
775 627 1124 700 reperietis!
1189 630 1283 689 Ex
1323 631 1556 706 magnis
1587 641 1646 693 et
1676 634 1970 697 diuturnis
2000 647 2062 699 et
2088 639 2210 699 iam

155 703 498 778 desperatis
529 705 615 764 rei
645 708 927 781 publicae
953 709 1182 771 morbis
1210 712 1328 772 ista
1357 723 1606 788 repente
1637 717 1732 776 vis
1763 719 1988 794 erupit,
2034 731 2099 782 ut
2133 739 2207 781 ea

154 788 431 846 confecta
470 795 530 847 et
568 787 759 848 eiecta
799 794 1231 853 convalescere
1273 794 1601 870 aliquando
1643 807 1706 858 et
1747 800 1951 860 sanari
1991 803 2208 864 civitas

154 878 396 943 posset:
433 873 818 945 neque-enim
848 880 941 934 est
970 875 1295 950 quisquam
1327 879 1430 952 qui
1461 878 1778 940 arbitretur
1806 882 1922 942 illis
1953 883 2210 947 inclusis

152 951 211 1010 in
253 967 321 1010 re
364 953 609 1026 publica
648 955 925 1028 pestibus
968 955 1190 1017 diutius
1221 958 1375 1018 haec
1411 967 1570 1020 stare
1609 965 1901 1036 potuisse.
1993 967 2206 1042 Itaque

151 1050 264 1094 eos
298 1051 419 1094 non
451 1035 529 1092 ad
561 1037 993 1109 perficiendum
1023 1042 1246 1114 seeluS,
1277 1043 1390 1101 sed
1419 1044 1498 1103 ad
1528 1044 1782 1105 luendas
1811 1047 1900 1106 rei
1926 1048 2209 1122 publicae

154 1131 388 1189 poenas
416 1116 631 1176 Furiae
665 1121 961 1193 quaedam
1002 1121 1421 1185 incitaverunt.
1510 1126 1775 1186 XXVIII.
1810 1125 1910 1188 77.
1946 1132 2012 1189 In
2044 1131 2208 1198 hune

151 1196 332 1272 igitur
360 1213 606 1272 gregem
637 1217 749 1260 vos
780 1218 941 1261 nunc
966 1203 1029 1262 P.
1060 1203 1316 1278 Sullam,
1353 1205 1618 1281 iudices,
1655 1225 1735 1268 ex
1763 1210 1890 1285 his,
1933 1210 2040 1288 qui
2067 1229 2208 1273 cum

151 1284 275 1342 hoc
304 1284 519 1344 vivunt
552 1295 658 1346 aut
693 1290 991 1355 vixerunt,
1024 1286 1601 1348 honestissimorum
1635 1291 1966 1352 amicorum
2005 1295 2204 1368 gregi-

152 1367 269 1426 bus
297 1367 619 1429 reiicietis?
664 1386 741 1430 ex
769 1373 889 1433 hoc
918 1370 1227 1432 hominum
1262 1387 1535 1438 numero,
1569 1387 1647 1431 ex
1677 1373 1792 1432 hae
1824 1375 2204 1437 familiarium

153 1449 444 1534 dignitate
474 1452 533 1511 in
563 1452 883 1529 impiorum
922 1462 1155 1530 partem
1197 1461 1384 1528 atque
1424 1454 1485 1512 in
1521 1454 1960 1527 parricidarum
1991 1461 2206 1520 sedem

152 1542 339 1607 atque
361 1551 679 1596 numerum
706 1537 1128 1598 transferetis?
1155 1535 1272 1596 Ubi
1294 1537 1406 1596 erit
1426 1536 1608 1609 igitur
1628 1537 1775 1597 illud
1790 1539 2211 1602 firmissimum

149 1617 525 1692 praesidium
565 1622 864 1695 pudoris?
906 1637 1029 1696 quo
1071 1619 1133 1678 in
1166 1621 1304 1679 loco
1335 1618 1513 1679 nobis
1557 1620 1682 1679 vita
1709 1629 1854 1680 ante
1892 1632 2030 1684 acta
2059 1641 2204 1699 pro-

152 1700 349 1760 derit?
396 1703 563 1776 quod
597 1706 675 1763 ad
709 1713 947 1778 tempus
981 1701 1444 1763 existimationis
1489 1711 1700 1774 partae
1729 1704 1966 1765 fructus
2007 1722 2212 1765 reser-

152 1783 420 1851 vabitur,
475 1784 527 1842 si
568 1785 629 1843 in
675 1797 946 1846 extremo
990 1784 1342 1844 discrimine
1383 1797 1456 1840 ac
1499 1784 1886 1844 dimicatione
1927 1787 2214 1848 fortunae

150 1865 523 1935 deseruerit,
556 1869 609 1925 si
643 1884 763 1926 non
796 1867 1023 1935 aderit,
1056 1865 1111 1924 si
1140 1865 1288 1924 nihil
1317 1864 1671 1925 adiuvabit?

321 1949 421 2012 78.
464 1951 863 2023 Quaestiones
899 1949 1078 2009 nobis
1107 1966 1422 2010 servorum
1452 1957 1775 2008 accusator
1809 1954 1870 2008 et
1908 1957 2204 2011 tormenta
2255 1961 2259 1966 ·

153 2031 483 2094 minitatur:
540 2033 600 2092 in
641 2033 861 2106 quibus
916 2048 1280 2107 quamquam
1321 2031 1464 2091 nihil
1509 2030 1757 2106 periculi
1803 2030 2204 2108 suspicamur,

152 2125 353 2180 tamen
383 2115 483 2174 illa
511 2123 806 2175 tormenta
833 2115 1127 2189 gubernat
1156 2115 1350 2189 dolor,
1383 2114 1729 2174 moderatur
1758 2122 1968 2174 natura
2002 2115 2201 2176 cuius-

156 2216 278 2272 que
310 2215 495 2272 quum
523 2197 704 2256 animi
734 2205 859 2259 tum
890 2196 1185 2270 corporis,
1222 2197 1378 2272 regit
1414 2196 1744 2272 quaesitor,
1777 2195 1967 2256 flectit
1995 2196 2201 2258 libido.

156 2280 486 2354 corrumpit
508 2297 673 2355 spes,
703 2279 962 2339 infirmat
984 2289 1196 2351 metuS,
1228 2288 1293 2340 ut
1319 2279 1378 2340 in
1403 2289 1491 2340 tot
1517 2295 1714 2340 rerum
1736 2277 2032 2354 angustiis
2061 2281 2204 2338 nihil

153 2361 393 2423 veritati
431 2362 547 2423 loci
588 2362 978 2438 relinquatur.
1063 2362 1203 2422 Vita
1243 2363 1306 2421 P.
1338 2362 1540 2422 Sullae
1579 2370 1960 2436 torqueatur=
2013 2376 2092 2421 ex
2131 2378 2203 2421 ea

159 2454 481 2522 quaeratur
520 2462 660 2505 num
704 2463 863 2520 quae
895 2447 1229 2506 occultetur
1268 2444 1485 2517 libido,
1534 2461 1676 2505 num
1718 2445 1880 2520 quod
1912 2445 2092 2504 lateat
2120 2444 2209 2504 fa·

152 2527 361 2601 cinus,
406 2545 547 2588 num
579 2545 734 2602 quae
769 2528 1125 2599 crudelitaS‚
1161 2545 1304 2588 num
1337 2543 1494 2602 quae
1522 2526 1796 2589 audacia.
1855 2525 2014 2586 Nihil
2041 2543 2206 2587 erro-

150 2612 241 2671 ris
270 2610 381 2672 erit
408 2611 467 2671 in
500 2628 685 2672 causa
713 2628 826 2671 nec
866 2610 1284 2683 obscuritatiS,
1337 2609 1601 2685 iudiceS‚
1653 2611 1706 2670 si
1746 2627 1784 2668 a
1823 2607 2002 2670 vobis
2045 2610 2210 2669 vitae

153 2703 488 2768 perpetuae
515 2711 670 2767 vox,
719 2711 793 2754 ea
824 2711 982 2767 quae
1014 2692 1336 2755 verissima
1366 2701 1427 2753 et
1452 2691 1810 2766 gravissima
1839 2690 2020 2751 debet
2044 2707 2205 2761 esse,

156 2776 453 2837 audietur.
537 2774 633 2837 79.
668 2777 905 2837 Nullum
946 2776 1005 2835 in
1048 2777 1163 2835 hac
1206 2792 1396 2835 causa
1438 2784 1650 2835 testem
1699 2774 2006 2834 timemus=
2060 2773 2203 2834 nihil

160 2875 526 2934 quemquam
553 2859 727 2929 scire,
762 2858 907 2917 nihil
931 2857 1179 2938 vidisse,
1211 2857 1357 2916 nihil
1381 2857 1630 2917 audisse
1652 2855 2024 2916 arbitramur.
2083 2855 2210 2916 Sed

155 2949 389 3015 tamen,
424 2942 477 3000 si
508 2941 651 2999 nihil
682 2957 796 2999 vos
823 2941 884 2998 Ρ.
916 2941 1119 3001 Sullae
1151 2942 1392 3000 fortuna
1423 2947 1653 3013 movet,
1697 2937 1961 3012 iudiceS,
2001 2947 2212 2999 vestra

156 3033 419 3085 moveat.
473 3026 693 3083 Vestra
724 3021 915 3094 enim,
958 3021 1062 3096 qui
1090 3038 1227 3082 cum
1258 3039 1492 3082 summa
1519 3022 1817 3096 elegantia
1845 3029 2028 3096 atque
2058 3021 2208 3081 inte-

160 3105 374 3180 gritate
404 3105 669 3177 vixistis,
702 3107 819 3165 hoe
849 3105 1110 3164 maxime
1140 3104 1420 3178 interest,
1464 3119 1588 3164 non
1616 3123 1689 3164 ex
1723 3104 1968 3164 libidine
1997 3111 2100 3162 aut
2129 3103 2208 3162 si-

158 3181 405 3248 multate
454 3197 557 3250 aut
601 3187 844 3248 levitate
891 3187 1129 3248 testium
1186 3203 1406 3247 causas
1461 3187 1852 3248 honestorum
1902 3183 2209 3246 hominum

159 3271 515 3344 ponderari,
566 3271 678 3331 sed
707 3271 767 3330 in
796 3271 1031 3344 magnis
1062 3269 1587 3344 disquisitionibus
1615 3267 2073 3344 repentinisque
2107 3283 2213 3340 pe·-

159 3352 367 3413 rieulis
395 3353 579 3414 vitam
609 3355 788 3416 unius
812 3352 1110 3428 cuiusque
1132 3369 1274 3412 esse
1298 3361 1528 3413 testem.
1581 3353 1770 3424 Quam
1792 3366 1928 3422 vos,
1956 3346 2210 3412 iudices.
