2459 3817
810 173 981 244 CAP.
1008 187 1177 242 5-a
1214 185 1270 256 s.
1300 183 1536 239 12—10.
2147 176 2234 244 49

182 348 493 412 communi
517 348 719 412 omnia
738 347 1122 426 reperientur
1134 348 1201 407 P.
1220 345 1405 408 Sestii
1420 348 1596 419 lacta,
1623 341 1802 414 dicta,
1827 339 2082 406 consilia
2100 355 2224 402 ver·

182 441 337 494 sata.
392 434 521 493 VII.
557 434 822 493 Futurus
860 439 990 494 erat
1023 431 1122 492 ille
1144 447 1344 492 annus
1367 431 1484 491 iam
1507 428 1566 490 in
1591 445 1660 490 re
1684 427 1945 504 publica,
1979 425 2232 496 iudices,

182 525 371 586 quum
400 508 459 570 in
494 525 715 586 magno
746 517 913 570 motu
943 516 1005 570 et
1032 511 1354 570 multorum
1387 507 1600 570 timore
1631 507 1895 569 intentus
1931 515 2029 570 est
2060 525 2239 571 arcus

182 591 244 653 in
276 609 371 654 me
398 608 615 668 unum,
662 591 821 656 sicut
862 593 1043 667 vulgo
1084 591 1276 667 ignari
1306 607 1506 653 rerum
1535 591 1971 666 loquebantur,
2011 606 2079 651 re
2111 591 2242 666 qui-

184 677 323 736 dem
349 691 493 735 vera
514 675 573 734 in
596 675 940 736 universam
970 691 1098 736 rem
1127 673 1460 750 publicam,
1493 675 1872 736 traductione
1894 675 1974 734 ad
2003 674 2243 749 plebem

184 757 489 820 furibundi
512 757 771 820 hominis
794 774 867 819 ac
890 758 1138 832 perditi,
1173 756 1318 817 mihi
1339 755 1502 828 irati,
1541 757 1654 816 sed
1679 758 1864 819 multo
1891 757 2093 818 acrius
2136 755 2243 820 otii
2345 808 2352 812 .

181 849 244 903 et
276 842 615 902 communis
644 841 856 903 salutis
885 839 1129 901 inimici.
1202 842 1378 899 Hunc
1423 838 1514 898 vir
1553 837 1930 900 clarissimus
1973 839 2243 914 mihique

180 923 381 985 multis
408 923 889 1000 repugnantibus
916 921 1356 993 amicissimus,
1390 921 1495 980 On.
1518 921 1876 996 Pompeius,
1906 920 2072 980 omni
2099 939 2242 984 cau·

180 1005 377 1079 tione,
424 1008 705 1082 foedere,
758 1005 1181 1067 exsecratione
1233 1003 1592 1064 devinxerat
1645 1003 1790 1063 nihil
1834 1002 1896 1063 in
1937 1003 2244 1066 tribunatu

180 1097 393 1152 contra
437 1106 535 1150 me
580 1105 724 1150 esse
766 1089 1079 1149 facturum.
1162 1086 1339 1160 Quod
1379 1085 1480 1146 ille
1513 1085 1812 1158 nelariuS,
1861 1101 1941 1146 ex
1975 1085 2243 1148 omnium

181 1172 484 1232 scelerum
525 1169 868 1232 colluvione
899 1177 1108 1242 natue,
1152 1184 1365 1245 parum
1394 1185 1463 1229 se
1504 1169 1724 1228 foedus
1758 1167 2119 1230 violaturum
2147 1185 2243 1230 ar·

183 1252 439 1314 bitratus
473 1259 598 1324 est,
632 1251 749 1313 nisi
778 1251 980 1328 ipsum
1010 1257 1320 1313 cautorem
1343 1250 1522 1312 alieni
1548 1251 1798 1329 periculi
1821 1253 1951 1312 suis
1976 1250 2244 1328 propriis

183 1335 472 1412 periculis
502 1335 835 1398 terruisset.
894 1333 992 1398 16.
1026 1335 1197 1395 Hanc
1228 1342 1480 1396 taetram
1508 1334 1955 1412 immanemque
1981 1336 2242 1412 beluam,

182 1418 443 1480 vinctam
490 1417 815 1495 auspiciis,
875 1417 1200 1494 adligatam
1253 1435 1422 1479 more
1470 1418 1796 1493 maiorum,
1852 1419 2243 1482 constrictam

180 1503 381 1578 legum
411 1511 781 1564 sacratarum
814 1502 1075 1577 catenis,
1120 1502 1305 1564 solvit
1336 1501 1535 1564 subito
1567 1503 1702 1578 lege
1734 1503 1962 1564 curiata
2006 1505 2242 1578 consul,

180 1587 309 1657 vel,
351 1592 419 1647 ut
455 1603 571 1662 ego
612 1584 900 1660 arbitror,
939 1594 1258 1659 exoratus,
1303 1586 1432 1659 vel,
1478 1592 1545 1648 ut
1585 1603 1705 1649 non
1749 1603 1928 1648 nemo
1975 1588 2242 1663 putabat,

181 1666 327 1730 mihi
366 1667 584 1742 iratus,
631 1671 878 1744 ignarus
920 1669 1165 1745 quidem
1208 1678 1370 1730 certe
1410 1677 1470 1729 et
1499 1667 1856 1743 imprudens
1887 1669 2240 1745 impenden-

178 1751 328 1813 tium
370 1760 672 1814 tantorum
712 1754 1013 1812 scelerum
1056 1760 1117 1812 et
1158 1753 1471 1812 malorum.
1559 1751 1672 1825 Qui
1723 1751 2002 1812 tribunus
2041 1750 2241 1828 plebis

182 1830 331 1894 felix
366 1831 429 1895 in
469 1833 798 1894 evertenda
836 1849 905 1894 re
945 1833 1189 1908 publica
1227 1833 1339 1894 ruit
1377 1831 1558 1894 nullis
1603 1833 1733 1896 suis
1765 1833 1972 1893 nervis
2014 1866 2099 1878 —
2137 1833 2244 1907 qui

180 1914 342 1980 enim
384 1915 446 1977 in
478 1913 612 1977 eius
640 1915 805 1976 modi
836 1914 959 1976 vita
986 1915 1157 1976 nervi
1186 1923 1513 1990 potuerunt
1539 1932 1682 1976 esse
1725 1915 1989 1977 hominis
2033 1918 2240 1976 frater-

180 2003 274 2062 nis
292 1997 558 2075 flagitiis,
582 1997 834 2059 sororiis
854 1997 1101 2074 stupriS,
1128 1997 1291 2059 omni
1312 1996 1848 2060 inaudita‘libidine
1869 1998 2107 2060 infamis
2120 2005 2235 2058 ²-

182 2079 283 2148 1⁷.
318 2083 433 2144 sed
462 2079 573 2144 fuit
595 2082 868 2157 profecto
894 2081 1193 2158 quaedam
1220 2080 1323 2142 illa
1347 2079 1436 2142 rei
1457 2081 1740 2157 publicae
1760 2083 2002 2144 fortuna
2022 2081 2242 2160 fatalis,

182 2175 247 2231 ut
294 2167 395 2227 ille
438 2179 660 2227 caecus
703 2173 887 2241 atque
932 2182 1141 2227 amens
1191 2164 1468 2227 tribunus
1519 2164 1714 2242 plebis
1765 2165 2238 2241 nancisceretur,

182 2248 333 2328 quid
363 2247 562 2309 dicam
592 2249 924 2310 consules?
961 2248 1181 2312 hocine
1215 2258 1282 2310 ut
1307 2265 1423 2326 ego
1461 2249 1705 2311 nomine
1735 2252 2038 2326 appellem
2069 2266 2239 2311 ever·

180 2348 359 2396 sores
406 2329 586 2394 huius
636 2331 899 2408 imperii,
950 2332 1297 2409 proditores
1346 2342 1590 2395 vestrae
1641 2332 1978 2410 dignitatis,
2027 2333 2240 2396 hostes

179 2419 481 2479 bonorum
514 2415 822 2477 omnium?
864 2415 969 2492 qui
998 2417 1077 2477 ad
1118 2416 1440 2478 delendum
1473 2426 1781 2490 senatum,
1827 2414 2240 2492 adfligendum

179 2506 527 2577 equestrem
558 2499 862 2574 ordinem,
893 2499 1339 2576 exstinguenda
1369 2499 1570 2562 omnia
1599 2499 1733 2562 iura
1761 2509 1948 2577 atque
1971 2500 2239 2562 instituta

180 2581 472 2644 maiorum
503 2599 572 2644 se
613 2582 731 2644 illis
763 2583 1032 2646 fascibus
1109 2582 1452 2659 ceterisque
1491 2583 1835 2661 insignibus
1871 2584 2089 2645 summi
2129 2584 2237 2646 ho-

178 2665 349 2727 noris
378 2674 564 2742 atque
584 2665 821 2743 imperii
845 2675 1094 2728 ornatos
1118 2683 1262 2728 csse
1283 2667 1743 2729 arbitrabantur.
1801 2668 2098 2742 Quorum,
2131 2683 2238 2743 per

181 2750 335 2810 deos
377 2747 775 2811 immortales!
832 2749 884 2810 si
922 2752 1191 2812 nondum
1235 2751 1470 2812 scelera
1509 2753 1886 2824 vulneraque
1919 2750 2118 2812 inusta
2150 2749 2239 2814 rei

178 2831 462 2910 publicae
492 2831 675 2893 vultis
708 2833 1051 2908 recordari,
1088 2835 1315 2894 vultum
1351 2843 1534 2909 atque
1563 2833 1872 2894 incessum
1905 2833 2120 2894 animis
2150 2833 2236 2894 in·

178 2913 447 2978 tuemini.
527 2912 789 2975 Facilius
830 2929 1041 2976 eorum
1085 2921 1243 2976 facta
1285 2925 1604 2978 occurrent
1645 2916 1949 2979 mentibus
1995 2917 2236 2992 vestriS,

180 2999 232 3060 si
275 3014 382 3061 ora
421 2997 558 3075 ipsa
586 2997 780 3058 oculis
822 2997 1284 3074 proposueritis.
1370 3001 1528 3060 VIII.
1571 2999 1668 3065 18.
1714 3003 1886 3063 Alter
1913 2999 2235 3077 unguen-tis

178 3079 491 3156 adfluens,
531 3079 935 3144 calamistrata
960 3097 1161 3155 coma,
1197 3081 1547 3158 despiciens
1571 3085 1859 3147 conscios
1888 3095 2237 3161 stuprorum

176 3181 253 3224 ac
279 3173 521 3226 veteres
552 3173 877 3228 vexatores
906 3167 1203 3228 aetatulae
1237 3183 1417 3240 suae,
1461 3170 1684 3244 puteali
1729 3177 1790 3232 et
1832 3171 2238 3230 feneratorum

176 3247 465 3323 gregibus
492 3247 769 3322 inflatuS,
814 3264 852 3310 a
881 3248 1105 3326 quibus
1134 3251 1490 3326 compulsus
1527 3251 1700 3326 olim,
1751 3270 1828 3314 ne
1863 3254 1920 3312 in
1951 3250 2226 3327 Scyllaeo

176 3329 283 3390 illo
323 3329 481 3390 aeris
512 3330 691 3392 alieni
721 3339 1026 3409 tamquam
1067 3331 1127 3393 in
1160 3334 1314 3395 freto
1347 3335 1428 3394 ad
1463 3337 1804 3398 columnam
1835 3333 2224 3396 adhaeresce*

180 3418 297 3480 ret,
347 3412 405 3471 in
440 3411 776 3478 tribunatus
818 3423 1060 3494 portum
1102 3419 1480 3494 perfugerat,
1531 3419 1956 3562 contcm‘riebat
1996 3417 2230 3492 equites

253 3514 375 3559 οπο.
426 3519 605 3564 onam.
648 3503 732 3563 ΙΙ.
