2459 3817
32 365 42 411 i

28 438 41 496 'u

30 536 40 579 ι

26 620 39 665 i

26 706 38 765 Ι

24 792 36 833 ι

728 154 897 220 cAP.
924 165 993 225 ss
1008 165 1189 229 -5122
1232 162 1288 225 δ.
1317 165 1388 223 33
1401 188 1478 209 ff·-
1492 164 1582 219 38.
2097 153 2222 219 195

158 304 431 385 publicae
464 307 935 371 condonaveris.
996 303 1134 371 ⁷37.
1176 305 1304 371 Fac
1345 306 1558 383 igitur,
1615 308 1784 383 quod
1825 307 1918 378 ‚de
1971 310 2210 381 homins

156 390 528 453 nobilissimo
561 399 627 452 >et
652 389 995 452 clarissimo
1036 390 1238 452 fecisti
1288 406 1488 465 nuper
1515 390 1587 450 in
1630 391 1820 465 curia,
1847 410 2010 455 nunc
2054 392 2209 454 idem

150 476 209 537 in
260 476 392 537 roro
446 474 525 536 de
581 473 823 550 optimis
880 480 944 535 ct
994 472 1137 536 huic
1202 472 1366 535 omni
1429 475 1808 549 frequentiae
1857 475 2214 552 probatissi-

153 560 264 621 mis
323 557 627 620 fratribus.
724 556 806 619 Ut
857 555 1225 617 concessisti
1268 557 1436 619 illum
1489 558 1760 633 senatui,
1792 557 1886 621 sic
1925 559 2006 619 da
2053 558 2218 620 hunc

142 644 398 720 populo,
431 640 607 703 cuius
638 641 1007 704 voluntatem
1039 638 1417 701 carissimam
1446 655 1692 717 semper
1717 642 2013 716 habuisti,
2048 652 2125 715 et,
2163 641 2216 703 si

142 727 245 787 ille
271 724 405 787 dies
434 719 538 785 tibi
567 720 1067 799 gloriosissimus,
1102 724 1335 798 populo
1361 724 1640 786 Romano
1675 725 2058 800 gratissimus
2089 724 2216 798 fuit,

142 808 285 883 noli,
317 809 598 881 obsecr-0,
628 806 924 879 dubitare,
954 806 1020 867 C.
1045 805 1290 879 Caesar,
1310 804 1573 866 similem
1601 806 1690 867 illi
1717 808 1950 883 gloriae
1973 809 2217 869 laudem

24 902 31 921 ’
146 907 325 969 quam
353 889 719 969 saepissime
755 904 1068 966 quaerere.
1110 887 1270 949 Nihil
1298 898 1396 951 est
1420 896 1539 951 tam
1570 894 1866 967 populare
1887 908 2079 965 -quam
2105 890 2216 951 bo-

22 958 31 1003 Ι

143 976 330 1050 nitas„
376 976 543 1037 nulla
573 974 651 1034 de
683 972 1005 1034 virtutibus
1045 970 1166 1033 tuis
1208 970 1487 1047 plurimis
1516 988 1632 1035 nec
1659 973 2074 1036 admirabilior
2101 990 2215 1035 nec

141 1060 369 1136 gratior
404 1054 826 1117 misericordia
866 1063 980 1115 cst.
1063 1052 1167 1116 38.
1206 1054 1503 1115 Homines
1553 1056 1710 1117 enim
1749 1058 1828 1117 ad
1852 1058 2017 1119 deos
2049 1058 2216 1117 nulla

23 1128 29 1151 ³
137 1160 209 1204 re
235 1138 491 1218 propius
519 1139 821 1199 accedunt
862 1152 1044 1214 quam
1084 1139 1342 1203 salutem
1370 1138 1718 1202 hominibus
1748 1140 1973 1202 dando.
2043 1138 2216 1201 ‘Nihil

20 1212 24 1253 1

142 1226 323 1286 habet
350 1240 465 1284 nee
484 1222 739 1283 ‘fortuna
770 1228 875 1283 tua
902 1220 1100 1281 maius
1134 1236 1318 1296 quam
1345 1228 1419 1281 ut
1443 1223 1671 1297 possis,
1693 1239 1816 1283 nee
1848 1232 2064 1285 natura
2087 1240 2212 1283 me-

21 1300 22 1303 ’
136 1308 259 1369 lius
290 1322 471 1383 quam
501 1312 567 1367 ut
594 1304 750 1366 velis
780 1320 1029 1365 servare
1062 1320 1245 1379 quam
1279 1302 1597 1380 plurimos.
1681 1306 2050 1381 Longiorem
2077 1323 2212 1367 ora·

138 1390 372 1453 tionem
387 1405 575 1451 causa
602 1386 871 1453 forsitan
904 1388 1270 1463 postulabat,
1303 1397 1407 1449 tua
1421 1398 1594 1453 certe
1607 1396 1830 1451 natura
1847 1389 2211 1451 breviorem.

138 1476 271 1549 Qua
308 1489 378 1536 re
420 1489 607 1549 quum
652 1470 862 1533 utilius
908 1486 1053 1531 esse
1092 1470 1350 1533 arbitrer
1385 1480 1465 1534 ·te
1503 1474 1706 1549 ipsum
1749 1484 1932 1549 quam
1972 1489 2069 1533 me
2107 1481 2211 1535 aut

137 1574 509 1633 quemquam
536 1555 709 1631 loqui
736 1563 967 1628 tecum,
1016 1554 1201 1615 finem
1223 1554 1344 1615 iam
1375 1556 1623 1617 raciam=
1653 1564 1974 1619 tantumte
2001 1559 2210 1617 admo·

136 1640 319 1713 nebo,
352 1638 407 1702 si
434 1640 519 1699 ilii
548 1636 787 1701 absenti
816 1638 1074 1700 salutem
1112 1637 1393 1712 dederiS,
1425 1638 1990 1715 praesentibus-his
2020 1640 2208 1701 omni⁴

136 1726 259 1785 bus
292 1729 350 1782 te
382 1722 684 1783 daturum.
844 1741 851 1747 ·

714 1929 806 2009 M.
864 1930 1137 2013 Τυιιιι
1189 1926 1622 2012 οιοΕιωΝιε
1949 2038 1956 2043 ,

190 2052 388 2151 Plto
439 2052 707 2153 REGE
764 2056 1424 2304 fflfflfffflffiff
1486 2060 1574 2157 C.
1624 2052 2154 2156 CAESAREM

828 2455 1512 2519 ARGUMENTUM.

236 2570 521 2632 Deiotarus,
560 2570 938 2639 Gallograeciae
974 2575 1084 2624 sive
1120 2572 1348 2625 Galatiae
1383 2571 1677 2631 tetrarches,
1708 2570 1846 2635 quod
1880 2586 2077 2622 summa
2111 2570 2211 2621 fldc

131 2638 205 2688 cd
252 2642 497 2705 populum
532 2640 814 2692 Romanum
860 2656 976 2693 sese
1016 2643 1390 2709 applicaverat,
1438 2656 1469 2691 a
1515 2642 1606 2695 Gn.
1659 2642 1904 2707 Pompeio
1938 2640 2210 2689 Armeniae

132 2709 351 2757 minoris
394 2722 553 2775 regno
600 2712 817 2761 donatus
852 2718 901 2760 et
947 2724 979 2759 a
1024 2720 1201 2761 senatu
1237 2726 1328 2761 rex
1364 2709 1648 2775 appellatus
1689 2719 1814 2763 crat.
1883 2706 1990 2758 Sed
2033 2723 2209 2770 quum,

132 2776 271 2825 bello
304 2776 445 2826 civili
488 2778 619 2829 luter
653 2778 743 2829 Gn.
776 2780 1074 2842 Pompeium
1112 2788 1163 2833 et
1190 2778 1247 2833 G.
1285 2778 1554 2832 Caesarem
1586 2787 1797 2841 enon-to,
1831 2777 2061 2841 Pompeii
2089 2790 2210 2841 par-

128 2852 217 2895 tes
250 2852 453 2897 secutus
480 2852 641 2905 esset,
702 2846 889 2897 Caesar
918 2846 1051 2898 bello
1080 2847 1430 2904 Alexandrino
1451 2847 1731 2911 composito
1765 2846 1819 2897 in
1866 2846 2043 2897 Asiam
2091 2858 2211 2909 pro·

130 2912 321 2979 fectus,
354 2912 613 2965 Pharnace
642 2914 786 2965 Ponti
827 2929 947 2979 rege
993 2925 1230 2979 superato
1269 2914 1560 2963 Deiotarum
1590 2929 1748 2979 regno
1776 2914 2044 2966 Armeniae
2080 2913 2210 2963 mul-

133 2982 297 3043 tavit,
348 2992 544 3047 partem
578 2983 956 3047 possessionum
984 2991 1033 3032 et
1067 2996 1250 3033 nomeu
1280 2983 1478 3048 regium
1508 2980 1730 3045 reliquit.
1804 2980 1907 3033 sea
1931 2982 2084 3032 etiam
2119 2981 2209 3032 ‹lo-

132 3050 375 3099 mesticae
420 3050 717 3101 inimicitiae
762 3050 964 3100 fuerunt
1004 3050 1244 3101 Deiotaro
1281 3066 1396 3101 cum
1443 3064 1630 3117 genero
1682 3066 1800 3111 suo,
1847 3050 2206 3110 Saocondario,

132 3117 348 3180 eiusque
389 3118 511 3183 filio,
554 3128 738 3185 nepotc
778 3118 1019 3181 Deiotari,
1054 3118 1290 3171 Castore:
1325 3120 1414 3183 qui
1443 3135 1558 3170 eum
1587 3120 1780 3171 Romae
1817 3122 1956 3185 apud
1990 3119 2046 3174 0.
2081 3116 2204 3167 Cac-
2234 3119 2244 3131 “

15 3200 18 3219 ·
130 3198 305 3237 sarem
349 3187 644 3242 dictatorcm
693 3202 827 3241 auno
861 3203 913 3254 p.
958 3204 1011 3243 u.
1050 3206 1093 3243 ο.
1125 3189 1246 3243 709.
1283 3189 1344 3250 Q.
1380 3188 1539 3239 Fabio
1573 3189 1796 3239 Maximo
1843 3188 1899 3243 C.
1953 3187 2204 3243 Trebonio

131 3267 272 3304 coss.
312 3254 537 3307 suffectis
562 3272 703 3311 reum
733 3256 978 3317 fecerunt,
1009 3260 1149 3321 quod
1174 3259 1278 3325 ipsi
1299 3255 1588 3315 aeneam,
1616 3258 1754 3322 apud
1775 3270 1849 3315 se,
1877 3270 2036 3318 quum
2071 3261 2206 3303 essct

132 3321 191 3369 in
228 3320 354 3371 Asia
399 3325 595 3375 devicto
628 3325 903 3387 Pharnace,
942 3326 1229 3377 (ieret-santi
1255 3324 1468 3378 insidias
1487 3331 1737 3391 parasset,
1763 3339 1976 3386 eamque
1995 3335 2203 3373 accusa-

130 3392 328 3439 tionem
364 3392 509 3453 quasi
526 3394 671 3443 testis
702 3392 911 3445 sceleris
934 3392 1233 3461 Phidippus,
1267 3394 1494 3446 medicus
1515 3392 1762 3457 Deiotari,
1795 3392 1858 3441 ab
1877 3393 1986 3442 eius
2018 3390 2200 3457 legatis

1699 3460 1820 3525 13*
