2459 3817
222 147 350 214 230
445 149 523 206 ΙΝ
545 150 611 209 L.
636 146 1059 208 CATILINAM
1085 145 1312 207 ORAT.
1338 147 1434 206 111.
1470 146 1634 206 CAP.
1669 151 1833 202 1-2.
1862 149 1914 218 ς.
1940 150 2104 204 1—5.

229 310 472 372 ratione
513 311 880 388 investigata
913 319 974 372 et
1015 311 1461 386 comprehensa
1503 309 1639 384 Sint,
1649 323 1795 379 VOS,
1834 305 1939 383 qui
1976 304 2271 383 Ignoratis

241 402 302 452 et
335 395 739 469 exspectatis,
771 395 930 455 scire
957 394 2305 469 possitis..

391 478 718 554 Principio,
748 486 816 539 ut
843 477 1096 538 Catilina
1125 475 1341 552 paucis
1369 483 1507 538 ante
1537 477 1755 538 diebus
1780 476 1980 554 erupit
2007 493 2087 537 ex
2116 478 2284 549 urbe,

229 580 415 640 quum
439 562 689 623 sceleris
719 559 815 622 sui
844 559 1084 634 socios,
1129 559 1385 621 huiusce
1414 560 1629 620 nefarii
1660 561 1801 622 belli
1824 559 2155 622 acerrimos
2178 561 2285 620 du·

229 665 357 722 ces,
385 647 618 707 Romae
648 642 1028 719 reliquisset,
1061 660 1307 718 semper
1339 641 1583 718 vigilavi
1612 652 1672 704 et
1706 643 1975 720 pro-vidi,
2009 643 2288 716 QuiriteS,

230 746 412 806 quem
441 729 518 788 ad
562 727 807 788 modum
846 725 906 785 in
938 725 1119 786 tantis
1162 733 1223 787 et
1264 734 1383 787 tam
1426 726 1804 788 absconditis
1844 725 2085 787 insidiis
2132 725 2287 792 salui

227 829 370 873 esse
401 827 748 886 possemus.
824 811 896 868 Il.
953 809 1104 869 Nam
1132 817 1276 881 tum,
1312 827 1497 885 quum
1532 825 1610 870 ex
1646 810 1797 870 urbe
1832 809 2145 870 Catilinam
2169 807 2282 870 'eii-

227 895 465 956 ciebam
497 929 582 940 -
611 909 733 953 non
764 890 924 953 enim
953 890 1070 952 iam
1100 908 1323 952 vereor
1348 891 1529 954 huius
1559 892 1731 953 verbi
1760 891 2068 964 invidiam,
2105 908 2287 968 quum

226 976 331 1038 illa
359 975 553 1052 magis
584 975 662 1037 sit
689 975 973 1047 timenda,
1006 976 1170 1050 quod
1205 974 1383 1036 vivus
1408 975 1623 1036 exierit
1650 1009 1753 1049 —,
1784 978 1895 1037 sed
1921 985 2063 1047 tum,
2102 992 2288 1050 quum

227 1063 400 1121 illum
417 1057 806 1120 exterminari
827 1058 1125 1132 volebam,
1151 1067 1257 1120 aut
1269 1059 1567 1135 reliquam
1582 1058 2029 1120 coniuratorum
2046 1075 2287 1118 manum

229 1143 410 1205 Simul
422 1143 714 1205 exituram
736 1151 841 1204 aut
854 1158 984 1214 eoS,
1012 1141 1508 1218 quirestitissent,
1534 1142 1809 1208 infirmos
1826 1141 1957 1204 sine
1977 1141 2081 1203 illo
2096 1157 2169 1202 ac
2184 1143 2286 1202 de-

227 1225 384 1287 biles
405 1226 538 1287 fore
561 1225 865 1301 putabam.
896 1223 956 1285 4.
973 1227 1176 1301 Atque
1199 1241 1335 1300 ege,
1359 1235 1424 1288 ut
1448 1225 1590 1299 vidi,
1616 1243 1773 1300 quos
1798 1225 2060 1286 maximo
2086 1226 2288 1286 furore

228 1316 290 1370 et
311 1311 543 1370 scelere
556 1324 699 1370 esse
712 1307 1118 1370 inflammatos
1143 1307 1430 1384 sciebam,
1459 1325 1569 1370 eos
1582 1307 1901 1371 nobiscum
1930 1325 2073 1371 esse
2094 1309 2287 1370 etRo-

228 1407 365 1452 mae
394 1393 795 1465 remansisse,
827 1391 889 1451 in
923 1408 998 1452 eo
1030 1407 1244 1452 omnes
1275 1391 1408 1452 dies
1438 1402 1776 1468 noctesque
1808 1391 2192 1467 consumpsi,
2226 1400 2289 1452 ut

231 1473 382 1550 quid
406 1481 675 1548 agerent,
700 1472 849 1550 quid
871 1473 1241 1546 molirentur,
1274 1475 1561 1536 sentirem
1584 1491 1659 1536 ac
1684 1475 1953 1536 viderem
1968 1523 1984 1552 ,
2011 1485 2107 1550 ut,
2136 1491 2285 1550 quo-

229 1557 389 1618 niam
420 1556 672 1619 auribus
694 1555 916 1617 vestris
945 1565 1196 1632 propter
1219 1556 1635 1634 incredibilem
1663 1557 2134 1633 magnitudinem
2157 1573 2283 1618 Sce-

231 1639 374 1702 leris
399 1638 692 1701 minorem
714 1640 896 1700 fidem
921 1642 1148 1702 faceret
1162 1641 1355 1702 oratio
1371 1657 1523 1713 mea,
1550 1657 1679 1702 rem
1707 1641 1789 1704 ita
1812 1642 2286 1717 comprehende-

227 1739 376 1796 rem,
409 1731 474 1786 ut
495 1732 622 1785 tum
652 1723 894 1784 demum
922 1722 1139 1784 animis
1175 1723 1355 1786 saluti
1386 1732 1626 1786 vestrae
1651 1722 2075 1800 provideretiS,
2105 1740 2287 1799 quum

231 1807 428 1868 oculis
461 1805 872 1868 maleficium
855 1823 1058 1883 ipsum
1085 1806 1397 1870 videretis.
1431 1809 1643 1882 ltaque
1664 1816 1730 1869 ut
1729 1807 2025 1904 comperi
2054 1810 2286 1881 legatos

230 1891 629 1965 Allobrogum
651 1891 794 1951 belli
804 1889 1187 1966 Transalpini
1207 1899 1269 1952 et
1287 1893 1579 1954 tumultus
1594 1879 1805 1952 Gallici
1820 1890 2123 1952 excitandi
2148 1907 2286 1951 cau—

231 1989 304 2034 sa
319 1989 356 2032 a
377 1974 440 2032 P.
461 1973 715 2035 Lentulo
748 1989 891 2036 csse
906 1973 1284 2050 sollicitatOS,
1308 1991 1544 2050 eosque
1566 1974 1629 2035 in
1652 1973 1904 2036 Galliam
1930 1975 2009 2035 ad
2032 1990 2183 2036 Suos
2206 1971 2285 2032 ci-

228 2071 343 2115 ves
372 2055 714 2131 eodemque
759 2054 974 2119 itinere
1015 2075 1150 2118 cum
1178 2057 1389 2119 litteris
1424 2057 1853 2133 mandatisque
1874 2059 1954 2118 ad
1979 2055 2286 2118 Catilinam

231 2139 375 2198 esse
407 2138 662 2213 missoS,
698 2140 1103 2215 comitemque
1133 2139 1209 2200 iis
1241 2140 1589 2202 adiunctum
1620 2157 1765 2202 esse
1790 2141 1855 2200 T.
1891 2140 2285 2205 vultui-cium,

229 2228 418 2294 atque
458 2219 600 2280 huic
627 2237 772 2282 esse
804 2223 883 2282 ad
913 2222 1222 2283 Catilinam
1253 2225 1427 2285 datas
1474 2224 1732 2298 litteras,
1769 2225 2110 2285 facultatem
2145 2219 2285 2281 mihi

231 2303 494 2366 oblatam
523 2303 748 2378 putavi,
780 2315 862 2378 ut,
896 2305 1063 2380 quod
1086 2315 1214 2368 erat
1233 2306 1647 2369 difficillimum
1675 2308 1965 2383 quodque
1989 2323 2105 2382 ego
2130 2321 2283 2366 sem-

229 2403 342 2461 pcr
357 2387 641 2462 optabam
665 2387 741 2447 ab
759 2387 853 2448 dis
870 2387 1327 2461 immortalibuS,
1351 2399 1476 2452 tota
1488 2407 1589 2451 res
1611 2407 1734 2453 non
1758 2392 1957 2451 solum
1979 2407 2017 2450 a
2036 2405 2151 2461 me,
2176 2387 2285 2448 sed

233 2467 414 2530 etiam
443 2487 480 2528 a
512 2478 728 2531 senatu
755 2479 816 2531 et
847 2489 884 2532 a
911 2473 1090 2534 vobis
1113 2473 1434 2535 manifesto
1466 2474 1891 2553 deprehendet
1892 2483 2041 2535 etur
2084 2473 2143 2532 5.
2174 2472 2285 2530 Ita-

232 2568 354 2624 que
403 2552 688 2614 hesterno
737 2553 836 2615 dle
875 2555 943 2614 L.
983 2555 1267 2616 Flaccum
1322 2565 1382 2618 et
1432 2557 1493 2616 C.
1536 2557 1916 2632 Pomptinum
1950 2563 2286 2632 praetoreS,

231 2633 598 2697 fortissimos
629 2645 814 2712 atque
834 2637 1286 2700 amantissimos
1319 2641 1405 2700 rei
1429 2639 1713 2720 publicae
1734 2639 1923 2712 virOS,
1955 2640 2036 2700 ad
2059 2654 2155 2699 me
2179 2653 2281 2697 vo·

231 2716 388 2792 cavi,
417 2734 544 2778 rem
573 2720 854 2794 exposui,
885 2721 1034 2796 quid
1061 2722 1192 2783 fieri
1224 2724 1494 2798 placeret
1515 2711 1775 2784 ostendi.
1818 2723 1909 2783 Illi
1932 2732 2149 2794 autern,
2184 2717 2287 2794 qui

233 2799 438 2860 omnla
471 2802 550 2862 de
577 2819 643 2862 re
673 2805 916 2878 publica
949 2806 1265 2880 praeclara
1294 2814 1479 2881 atque
1512 2804 1760 2882 egregia
1788 2806 2109 2880 sentirent,
2154 2802 2287 2864 sine

228 2883 614 2945 recusatione
634 2903 707 2946 ac
730 2885 863 2947 sine
888 2889 1010 2948 ulla
1029 2905 1200 2948 mora
1224 2890 1535 2964 negotium
1562 2897 1967 2964 susceperunt
1988 2896 2067 2963 et,
2105 2903 2290 2962 quum

229 2965 352 3026 adv
355 2979 804 3042 espeiasceret,
864 2973 1100 3032 occulte
1146 2972 1224 3031 ad
1260 2981 1508 3046 pontem
1542 2970 1835 3034 Mulvium
1880 2978 2291 3047 pervenerunt

227 3057 412 3126 atque
443 3048 614 3112 ibim
643 3052 942 3128 proximis
972 3054 1130 3113 villis
1177 3053 1261 3115 ita
1299 3053 1583 3130 bipertito
1628 3056 1901 3126 fuerunt,
1962 3064 2029 3115 ut
2054 3051 2291 3114 Tiberis

227 3129 384 3192 inter
407 3149 518 3194 eos
547 3143 608 3195 et
637 3153 798 3210 pons
827 3134 1168 3197 interesset.
1211 3137 1442 3198 Eodem
1468 3146 1665 3198 autem
1688 3147 1746 3199 et
1775 3135 1898 3212 ipsi
1927 3136 2061 3198 sine
2084 3137 2291 3198 cuius-

230 3231 409 3288 quam
449 3216 793 3291 suspitione
846 3220 1068 3280 multos
1113 3220 1302 3280 fortes
1333 3220 1498 3281 viros
1534 3221 1902 3294 eduxerant,
1962 3227 2025 3280 et
2064 3235 2180 3294 ego
2212 3234 2293 3278 ex

228 3298 610 3370 piaesectura
639 3299 896 3360 Reatina
931 3302 1277 3374 complures
1323 3303 1611 3365 delectos·
1639 3303 2100 3376 adolescenteS,
2136 3317 2293 3376 quo-

228 3394 359 3437 rum
393 3394 584 3449 opera
603 3389 739 3442 utor
760 3381 1020 3442 adsidue
1049 3383 1112 3442 in
1135 3399 1203 3443 re
1236 3384 1509 3458 publica,
1554 3386 1862 3462 praesidio
1904 3401 2042 3446 cum
2069 3381 2295 3460 gladiis
