2459 3817
250 157 293 219 4
846 157 995 218 PRO
1022 157 1086 217 Ρ.
1120 155 1372 220 SULLA
1403 157 1708 222 ORATIO.

246 308 429 383 mari,
496 324 596 370 me
651 305 939 383 singulari
994 307 1368 371 immanitate
1423 319 1486 371 et
1542 309 1896 373 crudelitate
1951 311 2316 388 praeditum.

246 395 307 454 8.
352 393 525 452 Hanc
554 389 699 450 mihi
732 399 795 452 tu
825 389 879 451 si
907 401 1160 467 propter
1189 409 1360 454 meas
1389 410 1492 454 res
1524 403 1730 468 gestas
1759 394 2023 471 imponis
2055 394 2118 454 in
2148 399 2317 458 omni

247 477 371 536 vita
400 489 551 546 mea,
579 473 901 548 Torquate,
933 491 1277 551 personam,
1312 476 1703 538 vehementer
1729 493 1918 539 erras.
1972 479 2070 538 Me
2102 488 2325 542 natura

248 556 724 626 misericordem,
762 556 956 631 patria
985 574 1287 632 severum,
1331 561 1638 621 crudelem
1668 576 1782 621 nec
1814 561 2013 636 patria
2057 577 2172 622 nec
2208 579 2315 622 na-

246 649 383 698 tura
409 654 554 699 esse
584 638 792 700 voluit.
880 641 1157 716 Denique
1191 641 1369 703 istam
1399 642 1595 718 ipsam
1630 659 1958 719 personam
1986 644 2316 705 vehemen-

247 731 371 782 tem
398 730 459 783 et
485 736 719 795 acrem,
764 740 946 798 quam
976 724 1119 785 mihi
1150 734 1276 786 tum
1317 733 1557 801 tempus
1587 735 1648 787 et
1688 743 1790 788 res
1831 727 2077 802 publica
2121 727 2318 804 impo-

250 805 387 877 suit,
424 804 544 865 iam
566 807 850 868 voluntas
880 816 942 870 et
968 817 1181 869 natura
1214 808 1354 883 ipsa
1375 808 1652 870 detraxit.
1695 810 1802 869 Illa
1831 810 1989 870 enim
2020 811 2100 870 ad
2129 811 2320 872 breve

246 899 489 964 tempus
520 879 905 951 severitatem
938 891 1300 967 postulavit·
1351 891 1550 953 haec
1533 908 1594 951 m
1628 892 1791 952 omni
1823 894 1945 954 vita
1974 892 2318 955 misericor-

249 973 411 1033 diam
439 972 873 1049 lenitatemque
919 974 1250 1036 desiderat.
1335 975 1396 1035 9.
1439 976 1568 1048 Qua
1609 991 1678 1036 re
1713 975 1857 1036 nihil
1897 984 1994 1038 est
2038 977 2206 1051 quod
2236 993 2320 1038 ex

252 1063 416 1118 tanto
450 1056 739 1118 comitatu
772 1056 1038 1118 virorum
1067 1057 1582 1132 amplissimorum
1622 1074 1720 1118 me
1750 1075 1937 1119 unum
1964 1059 2319 1120 abstrahas=

250 1139 512 1216 simplex
568 1139 837 1201 officium
870 1149 1057 1216 atque
1104 1157 1227 1203 una
1281 1143 1582 1202 bonorum
1632 1149 1730 1203 est
1777 1142 2046 1202 omnium
2097 1158 2317 1204 causae

253 1221 400 1282 nihil
423 1222 537 1283 erit
556 1225 723 1298 quod
753 1225 1050 1284 admirere
1093 1224 1383 1299 posthac,
1426 1226 1478 1286 si
1507 1224 1569 1285 in
1599 1241 1674 1285 ea
1704 1234 1904 1300 parte,
1951 1223 2012 1285 in
2050 1241 2172 1301 qua
2199 1224 2318 1286 hos

250 1305 517 1365 animum
548 1307 904 1379 adverteris,
937 1325 1034 1366 me
1063 1307 1322 1367 videbis.
1365 1307 1541 1368 Nulla
1569 1316 1665 1369 est
1692 1307 1852 1368 enim
1878 1306 1940 1367 in
1969 1325 2035 1369 re
2071 1307 2318 1384 publica

252 1403 388 1448 mea
416 1405 605 1449 causa
635 1389 917 1464 propriae
946 1398 1190 1465 tempus
1225 1391 1446 1464 agendi
1477 1391 1587 1451 fuit
1613 1392 1756 1452 mihi
1786 1392 1979 1468 magis
2005 1390 2320 1466 proprium

254 1486 438 1546 quam
512 1470 764 1543 ceteriS,
812 1472 1044 1532 doloris
1098 1488 1244 1532 vero
1284 1482 1345 1533 et
1389 1472 1623 1534 timoris
1652 1483 1713 1535 et
1758 1473 2016 1548 periculi
2066 1474 2177 1535 fuit
2214 1473 2320 1534 illa

253 1569 441 1614 causa
471 1553 840 1615 communiae
882 1571 1083 1630 neque
1118 1554 1276 1615 enim
1313 1572 1429 1631 ego
1460 1565 1602 1617 tunc
1631 1555 1920 1632 princeps
1954 1558 2035 1617 ad
2063 1558 2320 1618 salutem

254 1653 398 1699 esse
433 1638 790 1713 potuissem,
829 1635 883 1699 si
909 1656 1054 1702 esse
1084 1639 1185 1700 alii
1216 1640 1472 1702 comites
1508 1638 1866 1700 noluissent.
1955 1641 2085 1714 Qua
2111 1657 2182 1701 re
2214 1657 2319 1700 ne-

256 1737 435 1783 cesse
463 1728 588 1794 est,
629 1721 798 1798 quod
826 1720 973 1782 mihi
1006 1722 1247 1783 consuli
1285 1723 1680 1799 praecipuum
1721 1723 1833 1784 fuit
1871 1731 2112 1797 praeter
2141 1723 2315 1797 aliOS,

253 1804 313 1866 id
347 1802 467 1866 iam
494 1807 731 1881 privato
767 1822 906 1867 cum
976 1805 1194 1867 ceteris
1227 1823 1371 1867 esse
1401 1823 1739 1867 commune.
1807 1807 2020 1881 Neque
2051 1823 2168 1881 ego
2201 1806 2318 1868 hoc

254 1888 612 1964 partiendae
635 1887 917 1962 invidiae,
936 1890 1048 1950 sed
1073 1889 1613 1951 communicandae
1636 1890 1834 1950 laudis
1861 1905 2050 1950 causa
2069 1892 2294 1964 loquor

259 1971 466 2033 oneris
497 1971 616 2032 mei
653 1981 885 2047 partem
920 1972 1146 2032 nemini
1176 1973 1488 2049 impet-tic,
1534 1973 1764 2049 gloriae
1792 1972 1974 2032 bonis
2017 1972 2318 2033 omnibus.

257 2054 359 2115 10.
403 2055 472 2112 In
500 2053 862 2114 Autronium
893 2055 1301 2116 testimonium
1334 2055 1559 2126 dixisti,
1591 2055 1816 2131 inquit=
1853 2055 2082 2116 Sullam
2110 2056 2318 2116 defen·

257 2137 374 2197 dis.
461 2136 595 2196 Hoc
624 2144 816 2198 totum
851 2137 986 2198 eius
1018 2138 1184 2198 modi
1215 2148 1339 2208 est,
1387 2139 1655 2211 iudiceS,
1695 2147 1791 2211 ut,
1821 2137 1875 2200 si
1906 2154 2022 2213 ego
2062 2155 2198 2199 sum
2231 2138 2320 2198 in·

258 2227 551 2282 constans
582 2235 656 2279 ac
678 2219 853 2292 leviS,
877 2236 991 2280 nec
1015 2219 1363 2281 testimonio
1395 2222 1579 2280 fidem
1617 2220 1796 2283 tribui
1827 2221 2184 2282 convenerit
2206 2237 2322 2282 nec

258 2301 603 2365 defensioni
636 2303 1085 2364 auctoritatem.
1121 2303 1215 2362 sin
1251 2312 1344 2364 est
1371 2302 1431 2362 in
1463 2321 1560 2364 me
1593 2305 1746 2365 ratio
1777 2303 1866 2364 rei
1895 2304 2197 2379 publicae,
2226 2319 2320 2364 re-

256 2386 404 2461 ligio
436 2384 655 2481 privati
686 2384 892 2459 officii,
943 2384 1207 2446 studium
1237 2386 1592 2447 retinendae
1631 2389 1960 2449 voluntatis
1999 2388 2322 2462 bonorum,

258 2468 405 2529 nihil
448 2469 648 2528 minus
679 2475 1005 2529 accusator
1042 2468 1225 2530 debet
1264 2470 1470 2530 dicere
1511 2487 1694 2545 quam
1721 2486 1759 2529 a
1785 2487 1882 2530 me
1912 2471 2158 2532 defendi
2188 2471 2322 2530 Sul·

260 2554 400 2626 lam,
431 2551 779 2613 testimonio
812 2553 1046 2612 laesum
1074 2569 1219 2613 esse
1250 2554 1632 2614 Autronium.
1723 2553 1954 2615 Videor
1996 2553 2157 2616 enim
2201 2554 2327 2614 iam

259 2651 384 2694 non
431 2635 630 2695 solum
676 2635 945 2696 studium
985 2635 1065 2695 ad
1106 2636 1528 2697 defendendas
1569 2653 1825 2709 causas,
1885 2653 2100 2698 verum
2143 2636 2324 2697 etiam

263 2715 571 2790 opinionis
594 2716 825 2793 aliquid
848 2726 909 2779 et
930 2717 1309 2780 auctoritatis
1331 2721 1599 2780 adferrez
1637 2736 1759 2796 qua
1785 2736 1902 2795 ego
1926 2730 1987 2782 et
2009 2721 2327 2781 moderate

261 2809 411 2874 utar,
442 2799 696 2875 iudiceS,
727 2810 789 2862 et
816 2801 1064 2862 omnino
1096 2819 1219 2862 non
1250 2810 1468 2876 uterer,
1499 2803 1553 2864 si
1584 2803 1684 2863 ille
1714 2819 1810 2864 me
1838 2820 1961 2864 non
1994 2802 2324 2878 coegisset.

427 2883 532 2943 lv.
579 2882 679 2947 11.
723 2886 895 2946 Duae
926 2885 1378 2947 coniurationes
1407 2887 1520 2946 abs
1562 2895 1639 2960 te,
1669 2888 1994 2962 Torquate,
2031 2885 2320 2946 constitu-

262 2973 472 3038 untur,
517 2983 668 3040 una,
713 2985 870 3043 quae
897 2969 1134 3044 Lepido
1166 2978 1227 3030 et
1253 2969 1534 3030 Volcatio
1579 2969 1969 3046 consulibuS,
2009 2976 2182 3044 patre
2215 2975 2325 3029 tuo

265 3049 520 3111 consule
550 3049 902 3125 designato,
938 3054 1098 3113 facta
1132 3068 1277 3112 esse
1306 3053 1552 3125 dicitur,
1594 3054 1812 3126 altera,
1863 3068 2020 3128 quae
2049 3067 2146 3110 me
2175 3066 2326 3111 con-

264 3135 425 3194 sule-2
457 3133 670 3192 harum
696 3131 758 3192 in
786 3141 1046 3210 utraque
1082 3135 1312 3194 Sullam
1347 3134 1500 3196 dicis
1535 3135 1744 3197 fuisse.
1830 3134 2022 3196 Patris
2055 3133 2160 3205 tui,
2203 3133 2325 3194 for—

264 3214 482 3277 tissimi
515 3215 631 3277 viri
658 3224 844 3292 atque
874 3215 1085 3292 optimi
1129 3217 1434 3291 consuliS,
1477 3219 1602 3279 scis
1642 3235 1739 3280 me
1774 3218 2049 3280 consiliis
2083 3235 2204 3278 non
2235 3215 2326 3276 in-

266 3297 583 3360 terfuissez
627 3298 751 3360 scis
790 3315 918 3374 me,
963 3315 1149 3373 quum
1186 3299 1642 3362 mihisummus
1682 3311 1882 3362 tecum
1931 3319 2085 3364 usus
2138 3316 2309 3362 esset

267 3389 468 3441 tamen
523 3381 762 3445 illorum
814 3390 1127 3457 expertem
1177 3390 1520 3457 temporum
1576 3392 1636 3444 et
1691 3399 2039 3444 sermonum
2098 3382 2321 3444 fuisses

22 3693 279 3762 ᾳ
