2459 3817
708 0 2455 43 *—

859 187 1020 247 CAP.
1049 194 1315 248 26—28.
1358 191 1409 252 S.
1441 192 1703 248 71--78.
2230 180 2313 245 21

261 336 670 398 innocentiam
697 343 933 411 poterat
955 352 1097 397 esse
1111 381 1128 409 ,
1163 334 1224 395 in
1245 333 1493 396 rusticis
1514 335 1787 396 moribus
1801 380 1818 408 ,
1846 334 1909 395 in
1933 334 2097 396 victu
2116 333 2307 410 arido,

257 421 322 481 in
351 421 464 480 hac
493 420 740 481 horrida
757 418 1106 493 incultaque
1137 418 1258 479 vita
1278 416 1457 479 istius
1478 418 1644 478 modi
1667 416 1965 478 maleficia
1992 416 2158 493 gigni
2186 434 2309 478 non

259 506 480 563 solere.
543 504 622 564 Ut
649 519 771 562 non
803 516 1042 561 omnem
1072 503 1307 575 frugem
1332 516 1534 575 neque
1562 501 1843 561 arborem
1874 499 1935 559 in
1968 501 2130 560 omni
2159 516 2308 574 agro

255 584 530 660 reperire
555 584 797 660 possiS,
837 582 929 644 sic
957 600 1080 645 non
1116 600 1297 645 omne
1326 582 1562 645 facinus
1589 583 1651 642 in
1682 583 1845 644 omni
1869 582 1992 643 vita
2018 582 2286 644 nascitur

254 670 326 727 ln
352 667 504 727 urbe
529 666 800 727 luxuries
831 674 1098 737 creatur3
1129 683 1210 726 ex
1235 665 1473 727 luxuria
1496 664 1755 727 exsistat
1774 663 2027 725 avaritia
2048 680 2307 726 necesse

257 760 374 824 est,
403 766 480 809 ex
508 748 760 809 avaritia
787 759 1063 824 erumpat
1089 748 1378 820 audacia;
1408 749 1551 808 Inde
1580 747 1782 809 omnia
1813 750 2051 809 scelera
2082 764 2157 807 ac
2180 764 2311 807 ma-

253 832 458 894 leficia
496 832 838 907 gignuntur.
905 831 1048 891 Vita
1087 840 1290 892 autem
1327 831 1479 890 haec
1512 830 1769 902 rustica,
1812 847 1995 906 quam
2042 837 2107 890 tu
2134 846 2307 905 agre·

255 924 414 976 stem
445 930 660 988 vocas,
695 912 1136 988 parcimoniae,
1179 911 1554 988 diligentiae,
1585 912 1851 973 iustitiae
1878 912 2165 987 magistra
2194 921 2307 973 est.

252 996 523 1057 XXVIII.
546 994 646 1059 76.
687 998 918 1055 Verum
937 996 1091 1056 haec
1119 996 1311 1057 missa
1339 996 1515 1056 facio.
1558 995 1714 1056 Illud
1737 1011 1966 1071 quaero
1980 1038 1997 1067 ,
2023 994 2079 1057 is
2101 996 2305 1068 homo,

257 1080 390 1154 qui,
420 1087 488 1139 ut
513 1087 638 1139 tute
667 1078 851 1151 dicis,
889 1094 1217 1153 numquam
1246 1078 1401 1139 inter
1428 1078 1707 1139 homines
1744 1076 1952 1148 ruerit,
1998 1093 2110 1153 per
2148 1094 2306 1153 quos

257 1161 542 1222 homines
569 1162 688 1221 hoc
715 1170 946 1221 tantum
974 1162 1233 1235 facinuS,
1262 1169 1382 1221 tam
1413 1163 1733 1231 occultum,
1768 1162 1997 1220 absens
2024 1176 2304 1235 praeser-

257 1243 394 1311 tim,
431 1243 734 1303 conficere
766 1242 1049 1317 potuerit.
1107 1244 1301 1303 Multa
1324 1251 1467 1305 sunt
1495 1245 1677 1313 falsa,
1722 1242 1990 1316 iudiceS,
2028 1259 2187 1317 quae
2221 1251 2304 1303 ta-

257 1340 398 1385 men
441 1324 613 1397 argui
653 1324 1004 1399 suspiciose
1041 1334 1333 1399 possunt;
1378 1325 1440 1385 in
1482 1324 1579 1385 his
1607 1326 1791 1386 rebus
1823 1324 1877 1385 si
1908 1324 2183 1401 suspicio
2212 1342 2304 1384 re-

253 1414 431 1483 perta
459 1405 596 1479 erit,
648 1408 886 1482 culpam
915 1406 1123 1469 inesse
1163 1408 1516 1470 concedam.
1586 1408 1819 1467 Romae
1860 1406 2004 1468 Sex.
2040 1406 2305 1469 Roscius

253 1488 567 1561 occiditur,
601 1506 787 1565 quum
813 1490 876 1549 in
899 1505 1047 1566 agro
1068 1490 1359 1552 Amerino
1380 1499 1547 1552 esset
1566 1490 1749 1553 filius.
1788 1490 2067 1562 Litteras,
2098 1491 2305 1563 crede,

253 1570 418 1632 misit
443 1572 622 1633 alicui
645 1571 900 1633 sicario:
944 1571 1048 1648 qui
1068 1574 1303 1634 Romae
1325 1580 1581 1634 noverat
1601 1572 1921 1634 neminem.
1962 1572 2307 1633 Arcessivit

253 1653 547 1729 aliquem=
597 1671 778 1730 quem
812 1663 918 1715 aut
956 1658 1246 1730 quando?
1298 1654 1585 1717 Nuntium
1632 1655 1822 1716 misit=
1868 1671 2051 1728 quem
2082 1662 2187 1715 aut
2224 1656 2306 1714 ad

255 1743 479 1811 quem?
498 1737 720 1815 Pretio,
751 1736 958 1811 gratia,
978 1754 1109 1813 spe,
1133 1736 1459 1813 promissis
1470 1738 1710 1797 induxit
1720 1738 2001 1810 aliquem.
2021 1735 2181 1794 Nihil
2194 1736 2303 1797 ho-

249 1834 386 1879 rum
416 1836 494 1879 ne
519 1819 786 1893 confingi
818 1819 1064 1892 quidem
1086 1828 1323 1894 potest,
1351 1827 1413 1879 et
1439 1828 1641 1879 tamen
1666 1833 1855 1877 causa
1876 1818 1955 1877 de
1976 1817 2303 1891 parricidio

255 1900 489 1961 dicitur.
551 1904 880 1983 Reliquum
914 1910 1010 1961 est
1037 1910 1103 1961 ut
1133 1917 1245 1974 per
1277 1916 1495 1962 servos
1531 1898 1595 1958 id
1628 1898 1955 1963 admiserit.
2014 1896 2115 1963 77.
2160 1899 2205 1959 Ο
2241 1901 2303 1961 di

251 1981 658 2044 immortales!
704 1998 838 2041 rem
867 1981 1152 2043 miseram
1188 1991 1249 2044 et
1280 1981 1719 2055 calamitosam,
1758 1983 1926 2059 quod
1956 1982 2018 2045 in
2050 1984 2155 2044 tali
2190 1984 2302 2043 cri-

253 2064 420 2123 mine
466 2066 634 2140 quod
672 2064 985 2124 innocenti
1015 2064 1208 2126 saluti
1248 2067 1407 2127 solet
1448 2081 1591 2127 esse
1633 2074 1702 2127 ut
1746 2081 1963 2127 servos
2006 2067 2069 2127 in
2115 2084 2305 2143 quae-

255 2145 517 2207 stionem
549 2146 938 2222 polliceatur,
979 2147 1042 2207 id
1074 2146 1218 2211 Sex.
1251 2148 1481 2209 Roscio
1512 2150 1714 2209 facere
1750 2166 1873 2211 non
1909 2148 2069 2212 licet.
2142 2154 2297 2225 voa,

253 2227 362 2304 qui
391 2228 552 2291 hunc
579 2230 916 2303 accusatiS,
952 2245 1164 2293 omnes
1193 2234 1327 2293 eius
1362 2248 1580 2293 servos
1612 2231 1884 2303 habetis3
1915 2251 2077 2293 unus
2110 2250 2295 2308 puer,

247 2310 448 2373 victus
479 2312 768 2373 cotidiani
797 2312 1180 2387 administer,
1213 2330 1293 2375 ex
1324 2323 1489 2376 tanta
1520 2313 1743 2375 familia
1768 2312 1912 2374 Sex.
1938 2315 2169 2376 Roscio
2203 2332 2298 2376 re-

248 2396 427 2455 lictus
473 2412 594 2455 non
636 2404 748 2457 est.
823 2396 907 2455 Te
950 2412 1112 2457 nunc
1154 2398 1424 2474 appello,
1450 2392 1518 2452 P.
1543 2392 1773 2467 Scipio,
1797 2400 1881 2466 te,
1910 2395 1991 2454 M.
2021 2395 2296 2457 Metelle=

248 2476 430 2538 vobis
475 2478 824 2551 advocatiS‚
859 2478 1058 2541 -vobis
1103 2480 1426 2555 agentibus
1468 2476 1835 2552 aliquotiens
1876 2478 2036 2540 duos
2080 2494 2296 2539 servos

249 2567 541 2634 paternos
572 2560 635 2620 in
666 2561 1084 2634 quaestionem
1117 2564 1194 2623 ab
1218 2560 1592 2623 adversariis
1616 2560 1760 2621 Sex.
1795 2560 2060 2622 Roscius
2082 2570 2295 2637 postu-

251 2640 412 2701 lavit.
493 2642 934 2705 Meministisne
967 2646 1032 2705 T.
1077 2645 1370 2708 Roscium
1414 2649 1750 2705 recusare?
1809 2642 2008 2717 Quidv
2060 2643 2099 2703 ii
2133 2641 2297 2705 serv‘i

252 2723 353 2785 ubi
397 2731 580 2786 sunt?
667 2726 1157 2803 chrysogonum,
1221 2726 1487 2799 iudices,
1548 2733 1884 2787 sectantum
1941 2726 2107 2802 apud
2156 2742 2296 2785 eum

237 2814 394 2869 ,sunt
421 2808 483 2866 in
511 2807 746 2869 honore
778 2815 838 2868 et
869 2809 930 2868 in
957 2811 1174 2885 pretio.
1248 2809 1447 2870 Etiam
1474 2825 1637 2869 nunc
1670 2816 1737 2869 ut
1770 2826 1849 2869 ex
1869 2808 1945 2869 iis
1972 2818 2295 2885 quaeratur

249 2905 367 2965 ego
401 2891 676 2964 postulo,
711 2889 813 2950 hic
844 2899 976 2951 orat
1006 2899 1191 2967 atque
1223 2894 1524 2953 obsecrat.
1590 2889 1689 2954 78.
1738 2891 1895 2965 Quid
1914 2891 2155 2953 facitis?
2186 2906 2295 2951 cur

246 2971 546 3033 recusatis
560 2979 591 3031 v
638 2972 922 3033 Dubitate
955 2974 1136 3035 etiam
1166 2990 1355 3046 nunc,
1390 2972 1625 3035 iudices
1641 3020 1658 3049 ,
1690 2974 1745 3035 si
1778 2974 2065 3049 potestis,
2100 2991 2137 3033 a
2170 2988 2291 3047 quo

249 3054 329 3115 sit
359 3054 500 3115 Sex.
527 3053 792 3117 Roscius
826 3056 1090 3128 occisus,
1125 3058 1203 3116 ab
1238 3072 1411 3129 eone,
1446 3057 1549 3131 qui
1582 3065 1835 3132 propter
1856 3056 2016 3117 illius
2038 3064 2291 3117 mortem

246 3136 309 3196 in
345 3145 614 3211 egestate
645 3145 707 3199 et
737 3138 976 3200 insidiis
1006 3147 1315 3213 versatur,
1349 3138 1446 3201 cui
1476 3156 1553 3200 ne
1583 3138 1915 3215 quaerendi
1946 3138 2191 3214 quidem
2213 3136 2291 3197 de

247 3228 440 3280 morte
470 3219 662 3295 patris
695 3228 975 3295 potestas
1019 3220 1411 3296 permittitur,
1456 3239 1533 3281 an
1574 3223 1653 3282 ab
1688 3222 1795 3293 ila,
1841 3220 1943 3296 qui
1984 3219 2291 3293 quaestio-

247 3318 388 3363 nem
421 3301 701 3377 fugitant,
734 3304 900 3363 bona
924 3305 1279 3379 possident,
1312 3304 1375 3363 in
1408 3304 1598 3365 caede
1632 3313 1815 3377 atque
1859 3318 1938 3361 ex
1982 3299 2172 3361 caede
2203 3300 2290 3359 vi-

246 3392 416 3445 vunt.
482 3384 723 3460 Omnia,
753 3383 1018 3461 iudices,
1058 3386 1120 3445 in
1150 3387 1269 3447 hac
1300 3402 1491 3471 causa
1534 3393 1674 3445 sunt
1715 3383 1937 3443 misera
1976 3390 2158 3457 atque
2200 3382 2288 3443 in-
