<?xml version="1.0" encoding="UTF-8"?>
<!DOCTYPE html PUBLIC "-//W3C//DTD XHTML 1.0 Transitional//EN"
    "http://www.w3.org/TR/xhtml1/DTD/xhtml1-transitional.dtd">
<html xmlns="http://www.w3.org/1999/xhtml" xml:lang="en" lang="en">
 <head>
  <title>
</title>
<meta http-equiv="Content-Type" content="text/html;charset=utf-8" />
  <meta name='ocr-system' content='tesseract 3.04.00' />
  <meta name='ocr-capabilities' content='ocr_page ocr_carea ocr_par ocr_line ocrx_word'/>
</head>
<body>
  <div class='ocr_page' id='page_1' title='image "./mtulliiciceroni00klotgoog_0145.png"; bbox 0 0 2459 3817; ppageno 0'>
   <div class='ocr_carea' id='block_1_1' title="bbox 199 112 1782 207">
    <p class='ocr_par' dir='ltr' id='par_1_1' title="bbox 199 112 1782 207">
     <span class='ocr_line' id='line_1_1' title="bbox 199 112 1782 207; baseline -0.001 -9"><span class='ocrx_word' id='word_1_1' title='bbox 199 134 320 199; x_wconf 84' lang='lat'><strong>134</strong></span> <span class='ocrx_word' id='word_1_2' title='bbox 394 112 425 155; x_wconf 58' lang='lat'><strong>”³</strong></span> <span class='ocrx_word' id='word_1_3' title='bbox 674 145 753 206; x_wconf 76' lang='lat' dir='ltr'><strong>m</strong></span> <span class='ocrx_word' id='word_1_4' title='bbox 786 144 851 207; x_wconf 91' lang='lat' dir='ltr'><strong>c.</strong></span> <span class='ocrx_word' id='word_1_5' title='bbox 877 140 1205 203; x_wconf 76' lang='lat' dir='ltr'>VERREM</span> <span class='ocrx_word' id='word_1_6' title='bbox 1230 138 1674 199; x_wconf 74' lang='lat' dir='ltr'><strong>Ac&#39;r.11.1.113.</strong></span> <span class='ocrx_word' id='word_1_7' title='bbox 1707 138 1782 197; x_wconf 87' lang='lat' dir='ltr'><strong>v.</strong></span> 
     </span>
    </p>
   </div>
   <div class='ocr_carea' id='block_1_2' title="bbox 188 283 2257 3408">
    <p class='ocr_par' dir='ltr' id='par_1_2' title="bbox 191 283 2252 1031">
     <span class='ocr_line' id='line_1_2' title="bbox 192 283 2247 375; baseline -0.007 -17"><span class='ocrx_word' id='word_1_8' title='bbox 192 295 527 375; x_wconf 79' lang='lat' dir='ltr'><strong>frequentis</strong></span> <span class='ocrx_word' id='word_1_9' title='bbox 562 294 623 355; x_wconf 90' lang='lat' dir='ltr'><strong>in</strong></span> <span class='ocrx_word' id='word_1_10' title='bbox 664 294 820 356; x_wconf 88' lang='lat' dir='ltr'><strong>aede</strong></span> <span class='ocrx_word' id='word_1_11' title='bbox 847 292 1145 353; x_wconf 81' lang='lat' dir='ltr'>Bellonae</span> <span class='ocrx_word' id='word_1_12' title='bbox 1186 286 1687 350; x_wconf 77' lang='lat' dir='ltr'><strong>admurmuratio!</strong></span> <span class='ocrx_word' id='word_1_13' title='bbox 1749 283 2040 345; x_wconf 85' lang='lat' dir='ltr'><strong>Memoria</strong></span> <span class='ocrx_word' id='word_1_14' title='bbox 2081 293 2247 345; x_wconf 87' lang='lat' dir='ltr'><strong>tene·</strong></span> 
     </span>
     <span class='ocr_line' id='line_1_3' title="bbox 191 368 2250 455; baseline -0.007 -12"><span class='ocrx_word' id='word_1_15' title='bbox 191 381 303 455; x_wconf 64' lang='grc' dir='ltr'><strong>εἰς,</strong></span> <span class='ocrx_word' id='word_1_16' title='bbox 329 380 596 451; x_wconf 87' lang='lat' dir='ltr'><strong>iudices,</strong></span> <span class='ocrx_word' id='word_1_17' title='bbox 642 393 826 453; x_wconf 91' lang='lat' dir='ltr'><strong>quum</strong></span> <span class='ocrx_word' id='word_1_18' title='bbox 856 375 1402 449; x_wconf 80' lang='lat' dir='ltr'><strong>advesperasceret</strong></span> <span class='ocrx_word' id='word_1_19' title='bbox 1431 379 1494 431; x_wconf 91' lang='lat' dir='ltr'><strong>et</strong></span> <span class='ocrx_word' id='word_1_20' title='bbox 1536 369 1743 445; x_wconf 87' lang='lat' dir='ltr'><strong>paullo</strong></span> <span class='ocrx_word' id='word_1_21' title='bbox 1783 375 1923 428; x_wconf 90' lang='lat' dir='ltr'><strong>ante</strong></span> <span class='ocrx_word' id='word_1_22' title='bbox 1963 375 2133 429; x_wconf 88' lang='lat' dir='ltr'><strong>esset</strong></span> <span class='ocrx_word' id='word_1_23' title='bbox 2171 368 2250 428; x_wconf 89' lang='lat' dir='ltr'><strong>de</strong></span> 
     </span>
     <span class='ocr_line' id='line_1_4' title="bbox 192 449 2248 536; baseline -0.008 -12"><span class='ocrx_word' id='word_1_24' title='bbox 192 464 313 524; x_wconf 89' lang='lat' dir='ltr'><strong>hoc</strong></span> <span class='ocrx_word' id='word_1_25' title='bbox 334 463 677 536; x_wconf 85' lang='lat' dir='ltr'><strong>Tempsano</strong></span> <span class='ocrx_word' id='word_1_26' title='bbox 708 457 1093 519; x_wconf 87' lang='lat' dir='ltr'><strong>incommodo</strong></span> <span class='ocrx_word' id='word_1_27' title='bbox 1127 454 1484 522; x_wconf 79' lang='lat' dir='ltr'><strong>nuntiatum,</strong></span> <span class='ocrx_word' id='word_1_28' title='bbox 1525 468 1710 527; x_wconf 89' lang='lat' dir='ltr'><strong>quum</strong></span> <span class='ocrx_word' id='word_1_29' title='bbox 1739 449 2111 511; x_wconf 81' lang='lat' dir='ltr'><strong>inveniretur</strong></span> <span class='ocrx_word' id='word_1_30' title='bbox 2144 465 2248 509; x_wconf 90' lang='lat' dir='ltr'><strong>ne-</strong></span> 
     </span>
     <span class='ocr_line' id='line_1_5' title="bbox 193 531 2250 619; baseline -0.008 -12"><span class='ocrx_word' id='word_1_31' title='bbox 193 562 293 607; x_wconf 87' lang='lat' dir='ltr'><strong>mo</strong></span> <span class='ocrx_word' id='word_1_32' title='bbox 320 542 429 619; x_wconf 87' lang='lat' dir='ltr'><strong>¹qui</strong></span> <span class='ocrx_word' id='word_1_33' title='bbox 462 542 523 603; x_wconf 89' lang='lat' dir='ltr'><strong>in</strong></span> <span class='ocrx_word' id='word_1_34' title='bbox 552 540 655 603; x_wconf 89' lang='lat' dir='ltr'><strong>illa</strong></span> <span class='ocrx_word' id='word_1_35' title='bbox 676 543 813 601; x_wconf 88' lang='lat' dir='ltr'><strong>loca</strong></span> <span class='ocrx_word' id='word_1_36' title='bbox 840 556 978 599; x_wconf 91' lang='lat' dir='ltr'><strong>cum</strong></span> <span class='ocrx_word' id='word_1_37' title='bbox 1006 534 1260 613; x_wconf 87' lang='lat' dir='ltr'><strong>imperio</strong></span> <span class='ocrx_word' id='word_1_38' title='bbox 1284 535 1630 607; x_wconf 67' lang='lat' dir='ltr'><strong>mitteretur,</strong></span> <span class='ocrx_word' id='word_1_39' title='bbox 1663 532 1898 594; x_wconf 88' lang='lat' dir='ltr'><strong>dixisse</strong></span> <span class='ocrx_word' id='word_1_40' title='bbox 1927 531 2250 607; x_wconf 85' lang='lat' dir='ltr'><strong>quemdam</strong></span> 
     </span>
     <span class='ocr_line' id='line_1_6' title="bbox 193 612 2248 696; baseline -0.007 -8"><span class='ocrx_word' id='word_1_41' title='bbox 193 629 448 689; x_wconf 86' lang='lat' dir='ltr'><strong>Verrem</strong></span> <span class='ocrx_word' id='word_1_42' title='bbox 478 641 620 686; x_wconf 89' lang='lat' dir='ltr'><strong>esse</strong></span> <span class='ocrx_word' id='word_1_43' title='bbox 648 640 770 685; x_wconf 90' lang='lat' dir='ltr'><strong>non</strong></span> <span class='ocrx_word' id='word_1_44' title='bbox 799 624 979 696; x_wconf 86' lang='lat' dir='ltr'><strong>longe</strong></span> <span class='ocrx_word' id='word_1_45' title='bbox 1003 638 1044 680; x_wconf 87' lang='lat' dir='ltr'><strong>a</strong></span> <span class='ocrx_word' id='word_1_46' title='bbox 1066 621 1348 692; x_wconf 85' lang='lat' dir='ltr'><strong>Tempsa.</strong></span> <span class='ocrx_word' id='word_1_47' title='bbox 1403 617 1595 691; x_wconf 79' lang='lat' dir='ltr'><strong>Quam</strong></span> <span class='ocrx_word' id='word_1_48' title='bbox 1631 616 1808 676; x_wconf 89' lang='lat' dir='ltr'><strong>valde</strong></span> <span class='ocrx_word' id='word_1_49' title='bbox 1843 612 2114 675; x_wconf 88' lang='lat' dir='ltr'><strong>universi</strong></span> <span class='ocrx_word' id='word_1_50' title='bbox 2137 614 2248 673; x_wconf 83' lang='lat' dir='ltr'><strong>ad·—</strong></span> 
     </span>
     <span class='ocr_line' id='line_1_7' title="bbox 194 696 2251 780; baseline -0.008 -9"><span class='ocrx_word' id='word_1_51' title='bbox 194 714 746 779; x_wconf 86' lang='lat' dir='ltr'><strong>murmuraverunt,</strong></span> <span class='ocrx_word' id='word_1_52' title='bbox 788 720 969 780; x_wconf 90' lang='lat' dir='ltr'><strong>quam</strong></span> <span class='ocrx_word' id='word_1_53' title='bbox 999 704 1197 777; x_wconf 87' lang='lat' dir='ltr'><strong>palam</strong></span> <span class='ocrx_word' id='word_1_54' title='bbox 1226 700 1534 776; x_wconf 81' lang='lat' dir='ltr'><strong>principes</strong></span> <span class='ocrx_word' id='word_1_55' title='bbox 1564 698 1845 759; x_wconf 83' lang='lat' dir='ltr'><strong>dixerunt</strong></span> <span class='ocrx_word' id='word_1_56' title='bbox 1873 703 2114 757; x_wconf 79' lang='lat' dir='ltr'><strong>contrat</strong></span> <span class='ocrx_word' id='word_1_57' title='bbox 2177 696 2251 756; x_wconf 83' lang='lat' dir='ltr'><strong>Et</strong></span> 
     </span>
     <span class='ocr_line' id='line_1_8' title="bbox 192 778 2252 858; baseline -0.007 -5"><span class='ocrx_word' id='word_1_58' title='bbox 192 793 291 853; x_wconf 83' lang='lat' dir='ltr'><strong>his</strong></span> <span class='ocrx_word' id='word_1_59' title='bbox 319 799 407 854; x_wconf 91' lang='lat' dir='ltr'><strong>tot</strong></span> <span class='ocrx_word' id='word_1_60' title='bbox 434 788 782 851; x_wconf 83' lang='lat' dir='ltr'><strong>criminibus</strong></span> <span class='ocrx_word' id='word_1_61' title='bbox 810 783 1298 858; x_wconf 80' lang='lat' dir='ltr'><strong>testimoniisque</strong></span> <span class='ocrx_word' id='word_1_62' title='bbox 1329 781 1648 845; x_wconf 84' lang='lat' dir='ltr'><strong>convictus</strong></span> <span class='ocrx_word' id='word_1_63' title='bbox 1685 780 1749 841; x_wconf 88' lang='lat' dir='ltr'><strong>in</strong></span> <span class='ocrx_word' id='word_1_64' title='bbox 1777 796 1988 840; x_wconf 91' lang='lat' dir='ltr'><strong>eorum</strong></span> <span class='ocrx_word' id='word_1_65' title='bbox 2028 778 2252 839; x_wconf 82' lang='lat' dir='ltr'><strong>tabella</strong></span> 
     </span>
     <span class='ocr_line' id='line_1_9' title="bbox 196 862 2251 951; baseline -0.007 -15"><span class='ocrx_word' id='word_1_66' title='bbox 196 892 371 951; x_wconf 85' lang='lat' dir='ltr'><strong>spem</strong></span> <span class='ocrx_word' id='word_1_67' title='bbox 401 872 517 934; x_wconf 85' lang='lat' dir='ltr'><strong>sibi</strong></span> <span class='ocrx_word' id='word_1_68' title='bbox 545 872 809 947; x_wconf 85' lang='lat' dir='ltr'><strong>aliquam</strong></span> <span class='ocrx_word' id='word_1_69' title='bbox 838 868 1157 945; x_wconf 85' lang='lat' dir='ltr'><strong>proponit,</strong></span> <span class='ocrx_word' id='word_1_70' title='bbox 1198 881 1454 939; x_wconf 88' lang='lat' dir='ltr'><strong>quorum</strong></span> <span class='ocrx_word' id='word_1_71' title='bbox 1486 862 1751 925; x_wconf 86' lang='lat' dir='ltr'><strong>omnium</strong></span> <span class='ocrx_word' id='word_1_72' title='bbox 1785 864 2020 937; x_wconf 80' lang='lat' dir='ltr'><strong>palam,</strong></span> <span class='ocrx_word' id='word_1_73' title='bbox 2063 876 2251 921; x_wconf 88' lang='lat' dir='ltr'><strong>causa</strong></span> 
     </span>
     <span class='ocr_line' id='line_1_10' title="bbox 194 953 1242 1031; baseline -0.013 -12"><span class='ocrx_word' id='word_1_74' title='bbox 194 954 531 1031; x_wconf 84' lang='lat' dir='ltr'><strong>incognita,</strong></span> <span class='ocrx_word' id='word_1_75' title='bbox 570 969 723 1013; x_wconf 90' lang='lat' dir='ltr'><strong>voce</strong></span> <span class='ocrx_word' id='word_1_76' title='bbox 756 953 1076 1012; x_wconf 88' lang='lat' dir='ltr'><strong>damnatus</strong></span> <span class='ocrx_word' id='word_1_77' title='bbox 1106 955 1242 1010; x_wconf 75' lang='lat' dir='ltr'><strong>est?</strong></span> 
     </span>
    </p>

    <p class='ocr_par' dir='ltr' id='par_1_3' title="bbox 192 1023 2257 1930">
     <span class='ocr_line' id='line_1_11' title="bbox 360 1023 2248 1103; baseline -0.007 -4"><span class='ocrx_word' id='word_1_78' title='bbox 360 1038 547 1099; x_wconf 85' lang='lat' dir='ltr'><strong>xvu.</strong></span> <span class='ocrx_word' id='word_1_79' title='bbox 613 1034 713 1097; x_wconf 79' lang='lat'><strong>42.</strong></span> <span class='ocrx_word' id='word_1_80' title='bbox 780 1034 956 1094; x_wconf 82' lang='lat' dir='ltr'><strong>Esto=</strong></span> <span class='ocrx_word' id='word_1_81' title='bbox 1002 1031 1150 1093; x_wconf 88' lang='lat' dir='ltr'><strong>nihil</strong></span> <span class='ocrx_word' id='word_1_82' title='bbox 1188 1046 1268 1090; x_wconf 86' lang='lat' dir='ltr'><strong>cx</strong></span> <span class='ocrx_word' id='word_1_83' title='bbox 1297 1026 1685 1103; x_wconf 81' lang='lat' dir='ltr'><strong>fugitivorum</strong></span> <span class='ocrx_word' id='word_1_84' title='bbox 1715 1028 1874 1089; x_wconf 89' lang='lat' dir='ltr'><strong>bello</strong></span> <span class='ocrx_word' id='word_1_85' title='bbox 1904 1034 2010 1087; x_wconf 87' lang='lat' dir='ltr'><strong>aut</strong></span> <span class='ocrx_word' id='word_1_86' title='bbox 2047 1023 2248 1099; x_wconf 89' lang='lat' dir='ltr'><strong>suspi-</strong></span> 
     </span>
     <span class='ocr_line' id='line_1_12' title="bbox 196 1104 2250 1189; baseline -0.008 -6"><span class='ocrx_word' id='word_1_87' title='bbox 196 1122 373 1183; x_wconf 88' lang='lat' dir='ltr'><strong>cione</strong></span> <span class='ocrx_word' id='word_1_88' title='bbox 399 1118 542 1180; x_wconf 87' lang='lat' dir='ltr'><strong>belli</strong></span> <span class='ocrx_word' id='word_1_89' title='bbox 571 1117 771 1179; x_wconf 87' lang='lat' dir='ltr'><strong>laudis</strong></span> <span class='ocrx_word' id='word_1_90' title='bbox 790 1118 1055 1189; x_wconf 88' lang='lat' dir='ltr'><strong>adeptus</strong></span> <span class='ocrx_word' id='word_1_91' title='bbox 1082 1123 1208 1185; x_wconf 89' lang='lat' dir='ltr'><strong>cst,</strong></span> <span class='ocrx_word' id='word_1_92' title='bbox 1241 1111 1406 1187; x_wconf 90' lang='lat' dir='ltr'><strong>quod</strong></span> <span class='ocrx_word' id='word_1_93' title='bbox 1435 1125 1638 1185; x_wconf 89' lang='lat' dir='ltr'><strong>neque</strong></span> <span class='ocrx_word' id='word_1_94' title='bbox 1674 1110 1896 1171; x_wconf 88' lang='lat' dir='ltr'><strong>bellum</strong></span> <span class='ocrx_word' id='word_1_95' title='bbox 1925 1109 2058 1169; x_wconf 90' lang='lat' dir='ltr'><strong>eius</strong></span> <span class='ocrx_word' id='word_1_96' title='bbox 2086 1104 2250 1168; x_wconf 88' lang='lat' dir='ltr'><strong>modi</strong></span> 
     </span>
     <span class='ocr_line' id='line_1_13' title="bbox 196 1189 2252 1279; baseline -0.007 -15"><span class='ocrx_word' id='word_1_97' title='bbox 196 1219 397 1279; x_wconf 84' lang='lat' dir='ltr'><strong>neque</strong></span> <span class='ocrx_word' id='word_1_98' title='bbox 438 1200 581 1261; x_wconf 91' lang='lat' dir='ltr'><strong>belli</strong></span> <span class='ocrx_word' id='word_1_99' title='bbox 617 1199 947 1275; x_wconf 77' lang='lat' dir='ltr'><strong>perIculum</strong></span> <span class='ocrx_word' id='word_1_100' title='bbox 978 1196 1089 1257; x_wconf 78' lang='lat' dir='ltr'><strong>suit</strong></span> <span class='ocrx_word' id='word_1_101' title='bbox 1118 1196 1177 1256; x_wconf 92' lang='lat' dir='ltr'><strong>in</strong></span> <span class='ocrx_word' id='word_1_102' title='bbox 1209 1193 1414 1255; x_wconf 88' lang='lat' dir='ltr'><strong>Sicilia</strong></span> <span class='ocrx_word' id='word_1_103' title='bbox 1443 1208 1649 1267; x_wconf 83' lang='lat' dir='ltr'><strong>neque</strong></span> <span class='ocrx_word' id='word_1_104' title='bbox 1676 1192 1754 1252; x_wconf 92' lang='lat' dir='ltr'><strong>ab</strong></span> <span class='ocrx_word' id='word_1_105' title='bbox 1780 1191 1900 1253; x_wconf 87' lang='lat' dir='ltr'><strong>isto</strong></span> <span class='ocrx_word' id='word_1_106' title='bbox 1937 1189 2252 1265; x_wconf 86' lang='lat' dir='ltr'><strong>provisum</strong></span> 
     </span>
     <span class='ocr_line' id='line_1_14' title="bbox 195 1274 2252 1357; baseline -0.007 -11"><span class='ocrx_word' id='word_1_107' title='bbox 195 1296 293 1347; x_wconf 87' lang='lat' dir='ltr'><strong>est</strong></span> <span class='ocrx_word' id='word_1_108' title='bbox 319 1300 397 1345; x_wconf 87' lang='lat' dir='ltr'><strong>ne</strong></span> <span class='ocrx_word' id='word_1_109' title='bbox 426 1284 592 1357; x_wconf 90' lang='lat' dir='ltr'><strong>quod</strong></span> <span class='ocrx_word' id='word_1_110' title='bbox 616 1290 811 1343; x_wconf 82' lang='lat' dir='ltr'><strong>esset:</strong></span> <span class='ocrx_word' id='word_1_111' title='bbox 841 1288 903 1341; x_wconf 86' lang='lat' dir='ltr'><strong>at</strong></span> <span class='ocrx_word' id='word_1_112' title='bbox 930 1296 1077 1340; x_wconf 91' lang='lat' dir='ltr'><strong>vero</strong></span> <span class='ocrx_word' id='word_1_113' title='bbox 1110 1286 1322 1338; x_wconf 85' lang='lat' dir='ltr'><strong>contra</strong></span> <span class='ocrx_word' id='word_1_114' title='bbox 1343 1276 1565 1337; x_wconf 84' lang='lat' dir='ltr'><strong>bellum</strong></span> <span class='ocrx_word' id='word_1_115' title='bbox 1589 1275 1968 1350; x_wconf 87' lang='lat' dir='ltr'><strong>praedonum</strong></span> <span class='ocrx_word' id='word_1_116' title='bbox 1989 1274 2252 1333; x_wconf 85' lang='lat' dir='ltr'><strong>classem</strong></span> 
     </span>
     <span class='ocr_line' id='line_1_15' title="bbox 200 1352 2256 1434; baseline 0.003 -19"><span class='ocrx_word' id='word_1_117' title='bbox 200 1354 412 1417; x_wconf 83' lang='lat' dir='ltr'><strong>habuit</strong></span> <span class='ocrx_word' id='word_1_118' title='bbox 440 1363 719 1419; x_wconf 89' lang='lat' dir='ltr'><strong>ornatam</strong></span> <span class='ocrx_word' id='word_1_119' title='bbox 756 1352 1252 1429; x_wconf 84' lang='lat' dir='ltr'><strong>diligentiamque</strong></span> <span class='ocrx_word' id='word_1_120' title='bbox 1293 1356 1604 1429; x_wconf 74' lang='lat' dir='ltr'><strong>[adhibuit]</strong></span> <span class='ocrx_word' id='word_1_121' title='bbox 1643 1357 1705 1416; x_wconf 90' lang='lat' dir='ltr'><strong>in</strong></span> <span class='ocrx_word' id='word_1_122' title='bbox 1737 1372 1813 1417; x_wconf 92' lang='lat' dir='ltr'><strong>eo</strong></span> <span class='ocrx_word' id='word_1_123' title='bbox 1855 1356 2256 1434; x_wconf 78' lang='lat' dir='ltr'><strong>singularem:</strong></span> 
     </span>
     <span class='ocr_line' id='line_1_16' title="bbox 201 1436 2257 1512; baseline 0.003 -15"><span class='ocrx_word' id='word_1_124' title='bbox 201 1436 409 1512; x_wconf 83' lang='lat' dir='ltr'><strong>itaque</strong></span> <span class='ocrx_word' id='word_1_125' title='bbox 438 1439 516 1498; x_wconf 89' lang='lat' dir='ltr'><strong>ab</strong></span> <span class='ocrx_word' id='word_1_126' title='bbox 547 1438 666 1498; x_wconf 91' lang='lat' dir='ltr'><strong>isto</strong></span> <span class='ocrx_word' id='word_1_127' title='bbox 698 1439 1015 1511; x_wconf 88' lang='lat' dir='ltr'><strong>praeclare</strong></span> <span class='ocrx_word' id='word_1_128' title='bbox 1044 1436 1302 1497; x_wconf 78' lang='lat' dir='ltr'><strong>defensa</strong></span> <span class='ocrx_word' id='word_1_129' title='bbox 1330 1438 1648 1511; x_wconf 85' lang='lat' dir='ltr'><strong>provincia</strong></span> <span class='ocrx_word' id='word_1_130' title='bbox 1677 1447 1793 1500; x_wconf 89' lang='lat' dir='ltr'><strong>est.</strong></span> <span class='ocrx_word' id='word_1_131' title='bbox 1857 1440 1960 1501; x_wconf 90' lang='lat' dir='ltr'><strong>Sic</strong></span> <span class='ocrx_word' id='word_1_132' title='bbox 1987 1442 2068 1501; x_wconf 89' lang='lat' dir='ltr'><strong>de</strong></span> <span class='ocrx_word' id='word_1_133' title='bbox 2095 1443 2257 1503; x_wconf 82' lang='lat' dir='ltr'><strong>bello</strong></span> 
     </span>
     <span class='ocr_line' id='line_1_17' title="bbox 196 1518 2252 1597; baseline 0 -16"><span class='ocrx_word' id='word_1_134' title='bbox 196 1525 603 1597; x_wconf 87' lang='lat' dir='ltr'><strong>praedonum,</strong></span> <span class='ocrx_word' id='word_1_135' title='bbox 635 1522 725 1581; x_wconf 86' lang='lat' dir='ltr'><strong>sic</strong></span> <span class='ocrx_word' id='word_1_136' title='bbox 754 1522 833 1581; x_wconf 88' lang='lat' dir='ltr'><strong>de</strong></span> <span class='ocrx_word' id='word_1_137' title='bbox 867 1522 1069 1581; x_wconf 87' lang='lat' dir='ltr'><strong>classe</strong></span> <span class='ocrx_word' id='word_1_138' title='bbox 1098 1520 1430 1593; x_wconf 86' lang='lat' dir='ltr'><strong>Siciliensi,</strong></span> <span class='ocrx_word' id='word_1_139' title='bbox 1471 1521 1735 1593; x_wconf 76' lang='lat' dir='ltr'><strong>iudiceS‚</strong></span> <span class='ocrx_word' id='word_1_140' title='bbox 1767 1520 1994 1593; x_wconf 82' lang='lat' dir='ltr'><strong>dicam,</strong></span> <span class='ocrx_word' id='word_1_141' title='bbox 2041 1527 2108 1582; x_wconf 85' lang='lat' dir='ltr'><strong>ut</strong></span> <span class='ocrx_word' id='word_1_142' title='bbox 2129 1518 2252 1581; x_wconf 80' lang='lat' dir='ltr'><strong>hoc</strong></span> 
     </span>
     <span class='ocr_line' id='line_1_18' title="bbox 194 1602 2249 1677; baseline -0.001 -14"><span class='ocrx_word' id='word_1_143' title='bbox 194 1604 312 1665; x_wconf 88' lang='lat' dir='ltr'><strong>iam</strong></span> <span class='ocrx_word' id='word_1_144' title='bbox 340 1611 479 1664; x_wconf 88' lang='lat' dir='ltr'><strong>ante</strong></span> <span class='ocrx_word' id='word_1_145' title='bbox 506 1603 887 1677; x_wconf 86' lang='lat' dir='ltr'><strong>confirmem,</strong></span> <span class='ocrx_word' id='word_1_146' title='bbox 916 1602 976 1664; x_wconf 90' lang='lat' dir='ltr'><strong>in</strong></span> <span class='ocrx_word' id='word_1_147' title='bbox 1004 1602 1123 1664; x_wconf 87' lang='lat' dir='ltr'><strong>hoc</strong></span> <span class='ocrx_word' id='word_1_148' title='bbox 1150 1618 1274 1665; x_wconf 88' lang='lat' dir='ltr'><strong>uno</strong></span> <span class='ocrx_word' id='word_1_149' title='bbox 1303 1617 1528 1677; x_wconf 79' lang='lat' dir='ltr'><strong>genere</strong></span> <span class='ocrx_word' id='word_1_150' title='bbox 1555 1620 1769 1664; x_wconf 87' lang='lat' dir='ltr'><strong>omnes</strong></span> <span class='ocrx_word' id='word_1_151' title='bbox 1796 1602 2004 1673; x_wconf 82' lang='lat' dir='ltr'><strong>inesse</strong></span> <span class='ocrx_word' id='word_1_152' title='bbox 2033 1604 2249 1677; x_wconf 87' lang='lat' dir='ltr'><strong>culpas</strong></span> 
     </span>
     <span class='ocr_line' id='line_1_19' title="bbox 193 1683 2248 1760; baseline -0.002 -11"><span class='ocrx_word' id='word_1_153' title='bbox 193 1685 371 1749; x_wconf 81' lang='lat' dir='ltr'><strong>istius</strong></span> <span class='ocrx_word' id='word_1_154' title='bbox 414 1684 709 1747; x_wconf 89' lang='lat' dir='ltr'><strong>maximas</strong></span> <span class='ocrx_word' id='word_1_155' title='bbox 759 1685 1077 1760; x_wconf 88' lang='lat' dir='ltr'><strong>avaritiae,</strong></span> <span class='ocrx_word' id='word_1_156' title='bbox 1132 1683 1495 1759; x_wconf 80' lang='lat' dir='ltr'><strong>maiestatiS,</strong></span> <span class='ocrx_word' id='word_1_157' title='bbox 1550 1685 1920 1759; x_wconf 86' lang='lat' dir='ltr'><strong>dementiae,</strong></span> <span class='ocrx_word' id='word_1_158' title='bbox 1962 1683 2248 1759; x_wconf 88' lang='lat' dir='ltr'><strong>libidinis,</strong></span> 
     </span>
     <span class='ocr_line' id='line_1_20' title="bbox 192 1766 2249 1843; baseline -0.001 -14"><span class='ocrx_word' id='word_1_159' title='bbox 192 1768 586 1831; x_wconf 84' lang='lat' dir='ltr'><strong>crudelitatis.</strong></span> <span class='ocrx_word' id='word_1_160' title='bbox 650 1770 815 1830; x_wconf 88' lang='lat' dir='ltr'><strong>Haec</strong></span> <span class='ocrx_word' id='word_1_161' title='bbox 857 1770 1000 1829; x_wconf 87' lang='lat' dir='ltr'><strong>dum</strong></span> <span class='ocrx_word' id='word_1_162' title='bbox 1027 1768 1294 1829; x_wconf 87' lang='lat' dir='ltr'><strong>breviter</strong></span> <span class='ocrx_word' id='word_1_163' title='bbox 1322 1784 1590 1843; x_wconf 81' lang='lat' dir='ltr'><strong>expono,</strong></span> <span class='ocrx_word' id='word_1_164' title='bbox 1623 1784 1888 1843; x_wconf 87' lang='lat' dir='ltr'><strong>quaeso,</strong></span> <span class='ocrx_word' id='word_1_165' title='bbox 1921 1775 1988 1829; x_wconf 89' lang='lat' dir='ltr'><strong>ut</strong></span> <span class='ocrx_word' id='word_1_166' title='bbox 2017 1766 2249 1827; x_wconf 78' lang='lat' dir='ltr'><strong>fecistis</strong></span> 
     </span>
     <span class='ocr_line' id='line_1_21' title="bbox 194 1851 1263 1930; baseline -0.002 -19"><span class='ocrx_word' id='word_1_167' title='bbox 194 1852 414 1924; x_wconf 82' lang='lat' dir='ltr'><strong>adhuc,</strong></span> <span class='ocrx_word' id='word_1_168' title='bbox 446 1851 764 1927; x_wconf 84' lang='lat' dir='ltr'><strong>diligenter</strong></span> <span class='ocrx_word' id='word_1_169' title='bbox 792 1851 1101 1916; x_wconf 85' lang='lat' dir='ltr'><strong>attendite.</strong></span> <span class='ocrx_word' id='word_1_170' title='bbox 1260 1928 1263 1930; x_wconf 22' lang='grc'><strong>,</strong></span> 
     </span>
    </p>

    <p class='ocr_par' dir='ltr' id='par_1_4' title="bbox 188 1930 2254 3408">
     <span class='ocr_line' id='line_1_22' title="bbox 358 1930 2246 2008; baseline -0.002 -13"><span class='ocrx_word' id='word_1_171' title='bbox 358 1932 460 1995; x_wconf 85' lang='grc'><strong>43.</strong></span> <span class='ocrx_word' id='word_1_172' title='bbox 526 1936 677 1995; x_wconf 90' lang='lat' dir='ltr'><strong>Rem</strong></span> <span class='ocrx_word' id='word_1_173' title='bbox 706 1936 985 1995; x_wconf 87' lang='lat' dir='ltr'><strong>navalem</strong></span> <span class='ocrx_word' id='word_1_174' title='bbox 1006 1933 1268 2008; x_wconf 87' lang='lat' dir='ltr'><strong>primum</strong></span> <span class='ocrx_word' id='word_1_175' title='bbox 1295 1932 1377 1993; x_wconf 90' lang='lat' dir='ltr'><strong>ita</strong></span> <span class='ocrx_word' id='word_1_176' title='bbox 1406 1932 1546 1993; x_wconf 91' lang='lat' dir='ltr'><strong>dico</strong></span> <span class='ocrx_word' id='word_1_177' title='bbox 1579 1948 1722 1993; x_wconf 87' lang='lat' dir='ltr'><strong>esse</strong></span> <span class='ocrx_word' id='word_1_178' title='bbox 1750 1930 2246 2007; x_wconf 78' lang='lat' dir='ltr'><strong>administratam,</strong></span> 
     </span>
     <span class='ocr_line' id='line_1_23' title="bbox 196 2013 2250 2091; baseline -0.001 -14"><span class='ocrx_word' id='word_1_179' title='bbox 196 2031 318 2077; x_wconf 89' lang='lat' dir='ltr'><strong>non</strong></span> <span class='ocrx_word' id='word_1_180' title='bbox 354 2015 434 2077; x_wconf 89' lang='lat' dir='ltr'><strong>uti</strong></span> <span class='ocrx_word' id='word_1_181' title='bbox 472 2015 789 2091; x_wconf 89' lang='lat' dir='ltr'><strong>provincia</strong></span> <span class='ocrx_word' id='word_1_182' title='bbox 832 2017 1288 2087; x_wconf 79' lang='lat' dir='ltr'><strong>defenderetur,</strong></span> <span class='ocrx_word' id='word_1_183' title='bbox 1331 2016 1445 2076; x_wconf 90' lang='lat' dir='ltr'><strong>sed</strong></span> <span class='ocrx_word' id='word_1_184' title='bbox 1485 2018 1570 2079; x_wconf 89' lang='lat' dir='ltr'><strong>uti</strong></span> <span class='ocrx_word' id='word_1_185' title='bbox 1595 2013 1816 2083; x_wconf 82' lang='lat' dir='ltr'><strong>classis</strong></span> <span class='ocrx_word' id='word_1_186' title='bbox 1857 2013 2102 2075; x_wconf 89' lang='lat' dir='ltr'><strong>nomine</strong></span> <span class='ocrx_word' id='word_1_187' title='bbox 2145 2032 2250 2089; x_wconf 88' lang='lat' dir='ltr'><strong>pe-</strong></span> 
     </span>
     <span class='ocr_line' id='line_1_24' title="bbox 194 2097 2252 2173; baseline -0 -13"><span class='ocrx_word' id='word_1_188' title='bbox 194 2097 375 2161; x_wconf 87' lang='lat' dir='ltr'><strong>cunia</strong></span> <span class='ocrx_word' id='word_1_189' title='bbox 396 2107 807 2172; x_wconf 85' lang='lat' dir='ltr'><strong>quaereretur.</strong></span> <span class='ocrx_word' id='word_1_190' title='bbox 870 2097 1262 2171; x_wconf 80' lang='lat' dir='ltr'><strong>Superiomm</strong></span> <span class='ocrx_word' id='word_1_191' title='bbox 1287 2104 1632 2173; x_wconf 87' lang='lat' dir='ltr'><strong>praetorum</strong></span> <span class='ocrx_word' id='word_1_192' title='bbox 1661 2098 2038 2160; x_wconf 87' lang='lat' dir='ltr'><strong>consuetudo</strong></span> <span class='ocrx_word' id='word_1_193' title='bbox 2065 2115 2252 2173; x_wconf 88' lang='lat' dir='ltr'><strong>quum</strong></span> 
     </span>
     <span class='ocr_line' id='line_1_25' title="bbox 194 2179 2252 2257; baseline 0.001 -18"><span class='ocrx_word' id='word_1_194' title='bbox 194 2181 349 2243; x_wconf 85' lang='lat' dir='ltr'><strong>haec</strong></span> <span class='ocrx_word' id='word_1_195' title='bbox 390 2179 635 2255; x_wconf 85' lang='lat' dir='ltr'><strong>ruisset,</strong></span> <span class='ocrx_word' id='word_1_196' title='bbox 686 2188 752 2241; x_wconf 91' lang='lat' dir='ltr'><strong>ut</strong></span> <span class='ocrx_word' id='word_1_197' title='bbox 802 2196 993 2241; x_wconf 86' lang='lat' dir='ltr'><strong>naves</strong></span> <span class='ocrx_word' id='word_1_198' title='bbox 1037 2179 1377 2241; x_wconf 87' lang='lat' dir='ltr'><strong>civitatibus</strong></span> <span class='ocrx_word' id='word_1_199' title='bbox 1420 2189 1748 2257; x_wconf 85' lang='lat' dir='ltr'><strong>certusque</strong></span> <span class='ocrx_word' id='word_1_200' title='bbox 1789 2196 2075 2241; x_wconf 88' lang='lat' dir='ltr'><strong>numerus</strong></span> <span class='ocrx_word' id='word_1_201' title='bbox 2103 2197 2252 2241; x_wconf 87' lang='lat' dir='ltr'><strong>nau·</strong></span> 
     </span>
     <span class='ocr_line' id='line_1_26' title="bbox 194 2261 2252 2338; baseline -0.001 -13"><span class='ocrx_word' id='word_1_202' title='bbox 194 2274 387 2325; x_wconf 85' lang='lat' dir='ltr'><strong>tarum</strong></span> <span class='ocrx_word' id='word_1_203' title='bbox 419 2262 796 2337; x_wconf 87' lang='lat' dir='ltr'><strong>militumque</strong></span> <span class='ocrx_word' id='word_1_204' title='bbox 822 2263 1249 2337; x_wconf 81' lang='lat' dir='ltr'><strong>imperaretur,</strong></span> <span class='ocrx_word' id='word_1_205' title='bbox 1294 2261 1593 2326; x_wconf 87' lang='lat' dir='ltr'><strong>maximae</strong></span> <span class='ocrx_word' id='word_1_206' title='bbox 1632 2272 1696 2324; x_wconf 94' lang='lat' dir='ltr'><strong>et</strong></span> <span class='ocrx_word' id='word_1_207' title='bbox 1733 2262 2252 2338; x_wconf 85' lang='lat' dir='ltr'><strong>locupletissimae</strong></span> 
     </span>
     <span class='ocr_line' id='line_1_27' title="bbox 195 2342 2254 2420; baseline -0.001 -13"><span class='ocrx_word' id='word_1_208' title='bbox 195 2346 420 2408; x_wconf 87' lang='lat' dir='ltr'><strong>civitati</strong></span> <span class='ocrx_word' id='word_1_209' title='bbox 456 2342 847 2407; x_wconf 89' lang='lat' dir='ltr'><strong>Mamertinae</strong></span> <span class='ocrx_word' id='word_1_210' title='bbox 890 2343 1039 2404; x_wconf 87' lang='lat' dir='ltr'><strong>nihil</strong></span> <span class='ocrx_word' id='word_1_211' title='bbox 1077 2344 1292 2406; x_wconf 88' lang='lat' dir='ltr'><strong>horum</strong></span> <span class='ocrx_word' id='word_1_212' title='bbox 1336 2343 1732 2420; x_wconf 83' lang='lat' dir='ltr'><strong>imperavisti.</strong></span> <span class='ocrx_word' id='word_1_213' title='bbox 1795 2345 1884 2407; x_wconf 89' lang='lat' dir='ltr'><strong>Ob</strong></span> <span class='ocrx_word' id='word_1_214' title='bbox 1925 2346 2082 2406; x_wconf 85' lang='lat' dir='ltr'><strong>hanc</strong></span> <span class='ocrx_word' id='word_1_215' title='bbox 2123 2361 2254 2407; x_wconf 88' lang='lat' dir='ltr'><strong>rem</strong></span> 
     </span>
     <span class='ocr_line' id='line_1_28' title="bbox 195 2424 2248 2505; baseline -0.001 -16"><span class='ocrx_word' id='word_1_216' title='bbox 195 2427 341 2503; x_wconf 88' lang='lat' dir='ltr'><strong>quid</strong></span> <span class='ocrx_word' id='word_1_217' title='bbox 374 2428 477 2491; x_wconf 89' lang='lat' dir='ltr'><strong>tibi</strong></span> <span class='ocrx_word' id='word_1_218' title='bbox 510 2426 842 2488; x_wconf 87' lang='lat' dir='ltr'><strong>Mamertini</strong></span> <span class='ocrx_word' id='word_1_219' title='bbox 874 2429 1030 2487; x_wconf 90' lang='lat' dir='ltr'><strong>clam</strong></span> <span class='ocrx_word' id='word_1_220' title='bbox 1053 2426 1329 2488; x_wconf 87' lang='lat' dir='ltr'><strong>dederint</strong></span> <span class='ocrx_word' id='word_1_221' title='bbox 1357 2430 1682 2505; x_wconf 88' lang='lat' dir='ltr'><strong>pecuniae,</strong></span> <span class='ocrx_word' id='word_1_222' title='bbox 1727 2436 1900 2503; x_wconf 85' lang='lat' dir='ltr'><strong>post,</strong></span> <span class='ocrx_word' id='word_1_223' title='bbox 1932 2425 1986 2488; x_wconf 88' lang='lat' dir='ltr'><strong>si</strong></span> <span class='ocrx_word' id='word_1_224' title='bbox 2021 2424 2248 2489; x_wconf 84' lang='lat' dir='ltr'><strong>videbi-</strong></span> 
     </span>
     <span class='ocr_line' id='line_1_29' title="bbox 192 2506 2250 2586; baseline -0.002 -13"><span class='ocrx_word' id='word_1_225' title='bbox 192 2518 317 2581; x_wconf 89' lang='lat' dir='ltr'><strong>tur,</strong></span> <span class='ocrx_word' id='word_1_226' title='bbox 350 2528 425 2571; x_wconf 86' lang='lat' dir='ltr'><strong>ex</strong></span> <span class='ocrx_word' id='word_1_227' title='bbox 459 2512 731 2585; x_wconf 81' lang='lat' dir='ltr'><strong>ipsorum</strong></span> <span class='ocrx_word' id='word_1_228' title='bbox 762 2506 974 2579; x_wconf 79' lang='lat' dir='ltr'><strong>litteris</strong></span> <span class='ocrx_word' id='word_1_229' title='bbox 1017 2510 1396 2585; x_wconf 85' lang='lat' dir='ltr'><strong>testibusque</strong></span> <span class='ocrx_word' id='word_1_230' title='bbox 1425 2527 1810 2586; x_wconf 87' lang='lat' dir='ltr'><strong>quaeremus.</strong></span> <span class='ocrx_word' id='word_1_231' title='bbox 1871 2508 1974 2573; x_wconf 82' lang='lat'><strong>44.</strong></span> <span class='ocrx_word' id='word_1_232' title='bbox 2024 2510 2250 2569; x_wconf 87' lang='lat' dir='ltr'><strong>Navem</strong></span> 
     </span>
     <span class='ocr_line' id='line_1_30' title="bbox 193 2586 2248 2667; baseline 0.001 -20"><span class='ocrx_word' id='word_1_233' title='bbox 193 2604 347 2649; x_wconf 67' lang='lat' dir='ltr'><strong>vero</strong></span> <span class='ocrx_word' id='word_1_234' title='bbox 400 2589 746 2665; x_wconf 84' lang='lat' dir='ltr'><strong>[cybaeam]</strong></span> <span class='ocrx_word' id='word_1_235' title='bbox 799 2586 1155 2661; x_wconf 87' lang='lat' dir='ltr'><strong>maximam,</strong></span> <span class='ocrx_word' id='word_1_236' title='bbox 1205 2587 1469 2651; x_wconf 88' lang='lat' dir='ltr'><strong>triremis</strong></span> <span class='ocrx_word' id='word_1_237' title='bbox 1520 2590 1740 2665; x_wconf 88' lang='lat' dir='ltr'><strong>instar,</strong></span> <span class='ocrx_word' id='word_1_238' title='bbox 1783 2592 2248 2667; x_wconf 84' lang='lat' dir='ltr'><strong>pulcherrimam</strong></span> 
     </span>
     <span class='ocr_line' id='line_1_31' title="bbox 194 2670 2251 2750; baseline 0.002 -19"><span class='ocrx_word' id='word_1_239' title='bbox 194 2677 382 2745; x_wconf 88' lang='lat' dir='ltr'><strong>atque</strong></span> <span class='ocrx_word' id='word_1_240' title='bbox 432 2670 885 2733; x_wconf 88' lang='lat' dir='ltr'><strong>ornatissimam</strong></span> <span class='ocrx_word' id='word_1_241' title='bbox 936 2670 1229 2749; x_wconf 74' lang='lat' dir='ltr'><strong>cybaeam</strong></span> <span class='ocrx_word' id='word_1_242' title='bbox 1248 2716 1265 2745; x_wconf 92' lang='lat'><strong>,</strong></span> <span class='ocrx_word' id='word_1_243' title='bbox 1316 2674 1518 2748; x_wconf 87' lang='lat' dir='ltr'><strong>palam</strong></span> <span class='ocrx_word' id='word_1_244' title='bbox 1569 2674 1953 2737; x_wconf 86' lang='lat' dir='ltr'><strong>aedificatam</strong></span> <span class='ocrx_word' id='word_1_245' title='bbox 2001 2681 2251 2750; x_wconf 87' lang='lat' dir='ltr'><strong>sumptu</strong></span> 
     </span>
     <span class='ocr_line' id='line_1_32' title="bbox 198 2752 2252 2834; baseline 0.001 -21"><span class='ocrx_word' id='word_1_246' title='bbox 198 2752 461 2829; x_wconf 54' lang='lat' dir='ltr'><strong>publico,</strong></span> <span class='ocrx_word' id='word_1_247' title='bbox 494 2761 601 2816; x_wconf 91' lang='lat' dir='ltr'><strong>tuo</strong></span> <span class='ocrx_word' id='word_1_248' title='bbox 634 2754 909 2826; x_wconf 90' lang='lat' dir='ltr'><strong>nomine,</strong></span> <span class='ocrx_word' id='word_1_249' title='bbox 939 2753 1201 2829; x_wconf 86' lang='lat' dir='ltr'><strong>publice,</strong></span> <span class='ocrx_word' id='word_1_250' title='bbox 1232 2754 1470 2816; x_wconf 89' lang='lat' dir='ltr'><strong>sciente</strong></span> <span class='ocrx_word' id='word_1_251' title='bbox 1499 2762 1630 2817; x_wconf 87' lang='lat' dir='ltr'><strong>tota</strong></span> <span class='ocrx_word' id='word_1_252' title='bbox 1661 2756 1895 2830; x_wconf 86' lang='lat' dir='ltr'><strong>Sicilia,</strong></span> <span class='ocrx_word' id='word_1_253' title='bbox 1925 2772 2041 2834; x_wconf 88' lang='lat' dir='ltr'><strong>per</strong></span> <span class='ocrx_word' id='word_1_254' title='bbox 2071 2756 2252 2833; x_wconf 82' lang='lat' dir='ltr'><strong>magi·</strong></span> 
     </span>
     <span class='ocr_line' id='line_1_33' title="bbox 194 2836 2250 2917; baseline 0.002 -22"><span class='ocrx_word' id='word_1_255' title='bbox 194 2842 577 2911; x_wconf 86' lang='lat' dir='ltr'><strong>stratumque</strong></span> <span class='ocrx_word' id='word_1_256' title='bbox 604 2836 1024 2899; x_wconf 86' lang='lat' dir='ltr'><strong>Mamertinum</strong></span> <span class='ocrx_word' id='word_1_257' title='bbox 1066 2836 1173 2897; x_wconf 84' lang='lat' dir='ltr'><strong>tibi</strong></span> <span class='ocrx_word' id='word_1_258' title='bbox 1216 2838 1420 2898; x_wconf 86' lang='lat' dir='ltr'><strong>datam</strong></span> <span class='ocrx_word' id='word_1_259' title='bbox 1452 2840 1866 2917; x_wconf 87' lang='lat' dir='ltr'><strong>donatamque</strong></span> <span class='ocrx_word' id='word_1_260' title='bbox 1905 2856 2048 2901; x_wconf 87' lang='lat' dir='ltr'><strong>esse</strong></span> <span class='ocrx_word' id='word_1_261' title='bbox 2087 2840 2250 2901; x_wconf 88' lang='lat' dir='ltr'><strong>dico.</strong></span> 
     </span>
     <span class='ocr_line' id='line_1_34' title="bbox 190 2912 2252 2994; baseline -0.004 -11"><span class='ocrx_word' id='word_1_262' title='bbox 190 2922 355 2983; x_wconf 87' lang='lat' dir='ltr'><strong>Haec</strong></span> <span class='ocrx_word' id='word_1_263' title='bbox 386 2920 591 2993; x_wconf 87' lang='lat' dir='ltr'><strong>navis,</strong></span> <span class='ocrx_word' id='word_1_264' title='bbox 622 2928 843 2981; x_wconf 89' lang='lat' dir='ltr'><strong>onusta</strong></span> <span class='ocrx_word' id='word_1_265' title='bbox 876 2918 1107 2993; x_wconf 87' lang='lat' dir='ltr'><strong>pracda</strong></span> <span class='ocrx_word' id='word_1_266' title='bbox 1136 2917 1457 2989; x_wconf 90' lang='lat' dir='ltr'><strong>Siciliensi,</strong></span> <span class='ocrx_word' id='word_1_267' title='bbox 1496 2935 1684 2994; x_wconf 88' lang='lat' dir='ltr'><strong>quum</strong></span> <span class='ocrx_word' id='word_1_268' title='bbox 1708 2912 1848 2993; x_wconf 80' lang='lat' dir='ltr'><strong>ipsa</strong></span> <span class='ocrx_word' id='word_1_269' title='bbox 1878 2932 2130 2992; x_wconf 85' lang='lat' dir='ltr'><strong>quoque</strong></span> <span class='ocrx_word' id='word_1_270' title='bbox 2153 2932 2252 2975; x_wconf 90' lang='lat' dir='ltr'><strong>es·</strong></span> 
     </span>
     <span class='ocr_line' id='line_1_35' title="bbox 193 2996 2254 3079; baseline -0.003 -16"><span class='ocrx_word' id='word_1_271' title='bbox 193 3010 287 3063; x_wconf 89' lang='lat' dir='ltr'><strong>set</strong></span> <span class='ocrx_word' id='word_1_272' title='bbox 314 3018 389 3063; x_wconf 92' lang='lat' dir='ltr'><strong>ex</strong></span> <span class='ocrx_word' id='word_1_273' title='bbox 420 3002 677 3079; x_wconf 86' lang='lat' dir='ltr'><strong>praeda,</strong></span> <span class='ocrx_word' id='word_1_274' title='bbox 721 3001 898 3062; x_wconf 88' lang='lat' dir='ltr'><strong>simul</strong></span> <span class='ocrx_word' id='word_1_275' title='bbox 930 3018 1113 3075; x_wconf 90' lang='lat' dir='ltr'><strong>quum</strong></span> <span class='ocrx_word' id='word_1_276' title='bbox 1142 3000 1281 3076; x_wconf 89' lang='lat' dir='ltr'><strong>ipsc</strong></span> <span class='ocrx_word' id='word_1_277' title='bbox 1322 3001 1678 3073; x_wconf 86' lang='lat' dir='ltr'><strong>decederet,</strong></span> <span class='ocrx_word' id='word_1_278' title='bbox 1721 3002 1984 3076; x_wconf 87' lang='lat' dir='ltr'><strong>appulsa</strong></span> <span class='ocrx_word' id='word_1_279' title='bbox 2014 2996 2254 3059; x_wconf 87' lang='lat' dir='ltr'><strong>Veliam</strong></span> 
     </span>
     <span class='ocr_line' id='line_1_36' title="bbox 192 3080 2254 3161; baseline -0.003 -16"><span class='ocrx_word' id='word_1_280' title='bbox 192 3093 290 3146; x_wconf 89' lang='lat' dir='ltr'><strong>est</strong></span> <span class='ocrx_word' id='word_1_281' title='bbox 341 3102 479 3147; x_wconf 90' lang='lat' dir='ltr'><strong>cum</strong></span> <span class='ocrx_word' id='word_1_282' title='bbox 533 3084 806 3161; x_wconf 88' lang='lat' dir='ltr'><strong>plurimis</strong></span> <span class='ocrx_word' id='word_1_283' title='bbox 859 3084 1044 3145; x_wconf 89' lang='lat' dir='ltr'><strong>rebus</strong></span> <span class='ocrx_word' id='word_1_284' title='bbox 1086 3092 1149 3145; x_wconf 92' lang='lat' dir='ltr'><strong>et</strong></span> <span class='ocrx_word' id='word_1_285' title='bbox 1185 3082 1290 3157; x_wconf 84' lang='lat' dir='ltr'><strong>iis,</strong></span> <span class='ocrx_word' id='word_1_286' title='bbox 1347 3098 1504 3158; x_wconf 87' lang='lat' dir='ltr'><strong>quas</strong></span> <span class='ocrx_word' id='word_1_287' title='bbox 1557 3082 1671 3145; x_wconf 88' lang='lat' dir='ltr'><strong>iste</strong></span> <span class='ocrx_word' id='word_1_288' title='bbox 1713 3082 1968 3143; x_wconf 88' lang='lat' dir='ltr'><strong>Romam</strong></span> <span class='ocrx_word' id='word_1_289' title='bbox 2021 3080 2254 3141; x_wconf 87' lang='lat' dir='ltr'><strong>mittere</strong></span> 
     </span>
     <span class='ocr_line' id='line_1_37' title="bbox 188 3163 2254 3242; baseline -0.004 -13"><span class='ocrx_word' id='word_1_290' title='bbox 188 3184 325 3229; x_wconf 87' lang='lat' dir='ltr'><strong>cum</strong></span> <span class='ocrx_word' id='word_1_291' title='bbox 356 3167 612 3230; x_wconf 86' lang='lat' dir='ltr'><strong>caeteris</strong></span> <span class='ocrx_word' id='word_1_292' title='bbox 638 3166 811 3229; x_wconf 77' lang='lat' dir='ltr'><strong>furtis</strong></span> <span class='ocrx_word' id='word_1_293' title='bbox 844 3165 1051 3239; x_wconf 90' lang='lat' dir='ltr'><strong>noluit,</strong></span> <span class='ocrx_word' id='word_1_294' title='bbox 1088 3165 1256 3242; x_wconf 88' lang='lat' dir='ltr'><strong>quod</strong></span> <span class='ocrx_word' id='word_1_295' title='bbox 1284 3174 1455 3227; x_wconf 90' lang='lat' dir='ltr'><strong>erant</strong></span> <span class='ocrx_word' id='word_1_296' title='bbox 1487 3164 1840 3227; x_wconf 89' lang='lat' dir='ltr'><strong>carissimae</strong></span> <span class='ocrx_word' id='word_1_297' title='bbox 1865 3163 2254 3236; x_wconf 85' lang='lat' dir='ltr'><strong>maximeque</strong></span> 
     </span>
     <span class='ocr_line' id='line_1_38' title="bbox 191 3244 2253 3324; baseline -0.002 -15"><span class='ocrx_word' id='word_1_298' title='bbox 191 3266 331 3311; x_wconf 89' lang='lat' dir='ltr'><strong>eum</strong></span> <span class='ocrx_word' id='word_1_299' title='bbox 380 3250 779 3311; x_wconf 87' lang='lat' dir='ltr'><strong>delectabant.</strong></span> <span class='ocrx_word' id='word_1_300' title='bbox 854 3250 1004 3309; x_wconf 88' lang='lat' dir='ltr'><strong>Eam</strong></span> <span class='ocrx_word' id='word_1_301' title='bbox 1066 3266 1282 3309; x_wconf 88' lang='lat' dir='ltr'><strong>navem</strong></span> <span class='ocrx_word' id='word_1_302' title='bbox 1339 3264 1535 3323; x_wconf 89' lang='lat' dir='ltr'><strong>nuper</strong></span> <span class='ocrx_word' id='word_1_303' title='bbox 1582 3256 1824 3324; x_wconf 86' lang='lat' dir='ltr'><strong>egomet</strong></span> <span class='ocrx_word' id='word_1_304' title='bbox 1863 3246 1992 3309; x_wconf 90' lang='lat' dir='ltr'><strong>vidi</strong></span> <span class='ocrx_word' id='word_1_305' title='bbox 2041 3244 2253 3305; x_wconf 82' lang='lat' dir='ltr'><strong>Veliae</strong></span> 
     </span>
     <span class='ocr_line' id='line_1_39' title="bbox 196 3328 2254 3408; baseline -0.002 -17"><span class='ocrx_word' id='word_1_306' title='bbox 196 3331 486 3408; x_wconf 87' lang='lat' dir='ltr'><strong>multique</strong></span> <span class='ocrx_word' id='word_1_307' title='bbox 538 3331 638 3392; x_wconf 80' lang='lat' dir='ltr'><strong>alli</strong></span> <span class='ocrx_word' id='word_1_308' title='bbox 680 3331 985 3405; x_wconf 85' lang='lat' dir='ltr'><strong>viderunt,</strong></span> <span class='ocrx_word' id='word_1_309' title='bbox 1039 3330 1501 3407; x_wconf 86' lang='lat' dir='ltr'><strong>pulcherrimam</strong></span> <span class='ocrx_word' id='word_1_310' title='bbox 1557 3339 1740 3407; x_wconf 89' lang='lat' dir='ltr'><strong>atque</strong></span> <span class='ocrx_word' id='word_1_311' title='bbox 1789 3328 2254 3399; x_wconf 72' lang='lat' dir='ltr'><strong>omatissitnm,</strong></span> 
     </span>
    </p>
   </div>
  </div>
 </body>
</html>
