2459 3817
776 212 943 274 CAP.
973 221 1005 275 7
1014 222 1165 275 -9.
1209 220 1263 279 S.
1295 221 1551 275 19—25.
2084 220 2200 286 191

132 364 231 425 IX.
267 375 355 425 22.
388 364 751 438 Requiretur
776 365 1039 425 sortasse
1059 379 1218 423 nunc
1245 380 1422 437 quem
1445 364 1526 422 ad
1549 364 1812 436 modum,
1831 380 2019 438 quum
2039 363 2192 425 haec

130 446 215 506 ita
235 445 370 517 sint,
388 445 687 521 reliquum
706 446 905 521 possit
918 462 1361 521 magnum-esse
1379 448 1620 507 bellum.
1653 446 2034 521 cognoscite,
2051 446 2194 520 Qui-

130 527 305 591 rites=
337 542 461 588 non
482 526 641 588 enim
658 528 777 589 hoc
798 527 931 589 sine
956 544 1145 589 causa
1169 527 1382 603 quaeri
1401 528 1660 589 videtur.
1691 528 1953 589 Primum
1974 544 2055 589 ex
2075 544 2190 590 suo

129 624 322 685 regno
346 609 437 671 sic
456 608 835 672 Mithridates
868 610 1161 687 profugit,
1198 619 1263 671 ut
1293 628 1368 671 ex
1399 612 1619 671 eodem
1636 612 1830 672 Ponto
1853 611 2072 671 Medea
2093 611 2190 679 illa

134 694 440 768 quondam
480 692 831 769 profugisse
868 693 1111 765 dicitur,
1150 710 1331 767 quam
1355 693 1709 769 praedicant
1729 692 1790 754 in
1817 695 1960 769 fuga
1992 694 2190 755 fratris

132 775 229 837 sui
250 776 518 837 membra
538 774 599 835 in
620 775 695 837 iis
713 775 887 849 lociS,
914 794 1037 853 qua
1056 793 1125 837 se
1147 792 1372 852 parens
1395 786 1896 851 persequeretur,
1928 776 2194 851 dissipa-

132 858 319 935 visse,
340 867 640 920 uteorum
662 859 943 921 collectio
964 861 1248 934 dispersa
1267 874 1631 933 maerorque
1654 861 1884 934 patrius
1919 859 2192 920 celerita-

134 949 251 1001 tem
269 941 684 1018 persequendi
704 943 1057 1004 retardaret.
1093 941 1195 1002 Sic
1209 940 1588 1002 Mithridates
1611 938 1852 1016 fugiens
1871 940 2192 1001 maximam

128 1024 251 1084 vim
288 1026 419 1085 auri
452 1034 637 1099 atque
680 1024 914 1099 argenti
955 1022 1616 1101 pulcherrimarumque
1658 1039 1860 1084 rerum
1907 1022 2192 1097 omnium,

131 1124 287 1183 quas
318 1114 381 1168 et
406 1124 443 1168 a
470 1106 804 1169 maioribus
835 1116 1161 1184 acceperat
1187 1116 1250 1167 et
1279 1107 1416 1182 ipse
1445 1108 1604 1168 bello
1627 1104 1946 1182 superiore
1966 1121 2046 1166 ex
2069 1114 2193 1167 tota

134 1190 284 1251 Asia
313 1189 585 1265 direptas
606 1190 668 1249 in
700 1204 1157 1263 suum.regnum
1192 1198 1606 1264 congesserat,
1636 1188 1696 1249 in
1728 1190 1918 1250 Ponto
1951 1204 2190 1249 omnem

134 1270 394 1345 reliquit.
452 1272 623 1331 Haec
665 1271 810 1332 dum
851 1272 1045 1331 nostri
1089 1270 1380 1345 colligunt
1421 1271 1626 1331 omnia
1662 1270 2040 1347 diligentiuS,
2081 1288 2189 1332 rex

130 1352 271 1429 ipse
299 1370 335 1413 e
364 1352 645 1414 manibus
676 1352 906 1429 effugit.
965 1354 1053 1414 Ita
1090 1353 1255 1415 illum
1295 1372 1334 1415 a
1366 1353 1775 1429 persequendi
1799 1352 2002 1415 studio
2028 1370 2192 1415 mae-

128 1452 264 1510 ror,
308 1435 426 1498 hos
456 1434 679 1497 laetitia
722 1436 999 1497 tardavit.
1060 1435 1162 1498 23.
1215 1437 1392 1498 Hunc
1432 1436 1492 1497 in
1541 1436 1642 1497 illo
1684 1436 1900 1499 timore
1944 1445 2004 1499 et
2047 1438 2188 1513 suga

126 1518 450 1594 Tigranes,
496 1534 609 1579 rex
635 1518 989 1592 ArmeniuS,
1038 1521 1281 1595 excepit
1310 1519 1813 1598 diffidentemque·
1841 1521 2028 1582 rebus
2058 1522 2188 1581 suis

128 1600 508 1662 confirmavit
536 1609 596 1662 et
622 1600 935 1663 adflictum
958 1602 1152 1664 erexit
1172 1602 1599 1678 perditumque
1619 1604 1937 1666 recreavit.
2003 1604 2188 1665 Cuius

127 1683 188 1744 in
218 1700 471 1760 regnum
501 1690 721 1760 postea
754 1702 933 1761 quam
961 1686 1027 1745 L.
1051 1686 1340 1745 Lucullus
1373 1702 1508 1748 cum
1542 1687 1814 1748 exercitu
1845 1686 2026 1759 venit,
2057 1688 2190 1760 plu-

128 1784 231 1828 res
277 1766 459 1828 etiam
502 1772 718 1841 gentes
776 1776 988 1829 contra
1046 1770 1472 1843 imperatorem
1521 1776 1796 1830 nostrum
1845 1767 2187 1829 concitatae

127 1858 287 1911 sunt.
317 1850 463 1911 Erat
483 1848 643 1909 enim
664 1858 861 1911 metus
886 1850 1145 1911 iniectus
1169 1848 1246 1910 iis
1270 1849 1634 1924 nationibuS,
1669 1866 1826 1927 quas
1855 1866 2186 1925 numquam

129 1934 393 2009 populus
422 1934 735 1994 Romanus
778 1948 981 2010 neque
1022 1934 1420 1993 lacessendas
1461 1934 1622 1993 bello
1655 1948 1859 2007 neque
1891 1940 2184 2007 temptan-
2239 1966 2245 1970 -
2363 1934 2366 1937 ’

127 2015 241 2077 das
283 2014 545 2091 putavitz
587 2023 718 2076 erat
761 2016 941 2075 etiam
982 2014 1102 2075 alia
1140 2014 1348 2089 gravis
1377 2022 1560 2090 atque
1595 2016 1928 2077 vehemens
1957 2014 2185 2091 opinio,

128 2114 284 2172 quae
322 2098 560 2159 animos
600 2096 869 2174 gentium
902 2098 1292 2158 barbararum
1329 2106 1712 2173 pervaserat,
1761 2096 1882 2159 fani
1916 2100 2184 2175 locuple-

126 2180 342 2241 tissimi
371 2190 433 2243 et
457 2178 906 2257 religiosissimi
935 2180 1258 2255 diripiendi
1292 2198 1482 2242 causa
1511 2180 1570 2241 in
1603 2198 1711 2242 eas
1743 2198 1884 2243 oras
1908 2191 2183 2243 nostrum

122 2278 269 2324 esse
304 2262 635 2325 exercitum
654 2264 1003 2325 adductum.
1063 2265 1153 2325 Ita
1172 2263 1452 2326 nationes
1475 2266 1697 2326 multae
1719 2273 1906 2339 atque
1927 2280 2184 2339 magnae

120 2362 289 2407 novo
334 2347 600 2421 quodam
640 2354 872 2408 terrore
900 2362 976 2407 ac
1008 2355 1171 2407 metu
1202 2346 1677 2409 concitabantur.
1733 2347 1958 2408 Noster
1982 2355 2181 2407 autem

122 2428 461 2503 exercituS,
504 2427 744 2490 tametsi
786 2430 999 2491 urbem
1032 2446 1113 2489 ex
1138 2428 1380 2503 Tigrani
1412 2446 1600 2506 regno
1631 2439 1879 2505 ceperat
1906 2438 1968 2491 et
2001 2445 2180 2505 proe-

122 2509 221 2571 liis
260 2526 413 2573 usus
441 2519 571 2572 erat
599 2510 924 2585 secundis,
972 2520 1170 2573 tamen
1212 2511 1397 2572 nlmia
1437 2512 1878 2587 longinquitate
1911 2514 2182 2579 locorum

120 2610 197 2653 ac
226 2593 535 2655 desiderio
570 2608 821 2655 suorum
852 2595 1365 2657 commovebatur.
1422 2592 1522 2655 24.
1559 2593 1671 2655 Hic
1697 2594 1814 2655 iam
1851 2597 2026 2670 plura
2060 2611 2180 2655 non

120 2675 353 2737 dicam:
420 2676 535 2738 fuit
562 2678 721 2737 'enim
748 2675 899 2737 illud
928 2684 1292 2749 extremum,
1333 2685 1398 2737 ut
1426 2693 1506 2738 ex
1538 2677 1612 2737 iis
1643 2677 1796 2737 locis
1828 2693 1866 2736 a
1895 2676 2181 2738 militibus

118 2760 345 2821 nostris
377 2758 611 2821 reditus
638 2760 834 2837 magis
862 2767 1133 2821 maturus
1166 2776 1345 2835 quam
1377 2762 1696 2835 processio
1725 2760 1966 2836 longior
1996 2776 2180 2836 quae-

118 2850 369 2903 reretur.
434 2842 809 2905 Mithridates
838 2850 1040 2905 autem
1067 2851 1129 2904 et
1158 2859 1330 2903 suam
1361 2858 1604 2902 manum
1643 2840 1759 2901 iam
1797 2842 2183 2904 confirmarat

120 2933 183 2986 et
210 2940 453 3001 eorum,
485 2924 591 3001 qui
622 2943 691 2986 se
720 2942 798 2987 ex
832 2924 1030 3001 ipsius
1057 2940 1248 2999 regno
1279 2926 1676 3000 collegerant,
1722 2932 1782 2985 et
1806 2924 2044 3002 magnis
2073 2927 2179 2986 ad-

124 3006 671 3083 venticiisauxiliis
696 3011 1018 3070 multorum
1038 3024 1252 3084 regum
1275 3015 1334 3067 et
1354 3006 1664 3069 nationum
1689 3006 2025 3069 iuvabatur.
2055 3010 2179 3068 Iam
2221 3029 2227 3035 ’

121 3090 241 3150 hoc
281 3091 409 3151 sere
452 3090 544 3151 sic
582 3090 715 3151 fieri
749 3092 952 3153 solere
984 3091 1367 3167 accepimuS,
1399 3098 1468 3151 ut
1499 3108 1710 3165 regum
1743 3091 2027 3153 adflictae
2059 3093 2178 3151 for-

122 3180 305 3233 tunae
338 3172 515 3257 facile
545 3175 867 3235 multorum
899 3190 1054 3251 opes
1084 3173 1372 3235 adliciant
1397 3175 1478 3233 ad
1505 3174 2010 3246 misericordiam,
2053 3188 2178 3232 ma·

116 3254 409 3331 ximeque
436 3272 675 3329 eorum,
724 3258 827 3333 qui
858 3264 961 3319 aut
988 3271 1168 3333 reges
1200 3265 1344 3317 sunt
1375 3265 1478 3317 aut
1509 3256 1724 3319 vivunt
1755 3256 1815 3316 in
1849 3271 2072 3330 regno,
2113 3268 2180 3316 ut

116 3336 195 3399 iis
243 3355 463 3401 nomen
496 3342 699 3415 regale
728 3352 1007 3415 magnum
1032 3347 1091 3401 et
1114 3347 1387 3401 sanctum
1417 3356 1562 3401 esse
1580 3339 1876 3399 videatur.
1931 3336 2032 3397 25.
2063 3338 2178 3397 Ita·

117 3438 239 3495 que
285 3430 513 3483 tantum
554 3422 752 3484 victus
795 3424 1041 3484 efficere
1070 3423 1291 3499 potuit,
1343 3430 1630 3498 quantum
1659 3419 1980 3481 incolumis
2009 3435 2178 3479 num·
