2459 3817
828 131 995 194 cAP.
1024 141 1288 197 34-37.
1331 139 1384 202 S.
1413 139 1676 200 90—96.
1783 185 1809 200 .,
2163 131 2284 198 151

220 291 537 360 acceptam
565 291 628 346 et
652 283 989 359 periculum
1020 282 1323 360 reliquum
1351 287 1686 350 nuntiabat.
1757 287 2024 351 XXXVI.
2091 288 2286 362 Quum

218 377 467 445 praetor
521 375 915 444 quaereretur
960 375 1023 428 et
1048 371 1686 432 constaret'neminem
1729 369 1787 431 ei
1817 369 2136 432 nuntiasse
2160 417 2178 446 ,
2221 371 2288 432 fit

216 453 299 513 ad
330 453 579 514 domum
613 450 747 512 eius
778 467 916 512 eum
947 452 1212 512 clamore
1243 467 1584 514 concursus
1616 461 1805 529 atque
1829 454 2119 530 impetus.
2181 452 2286 515 94.

216 537 365 597 Tum
398 536 515 596 iste
547 533 847 595 excitatus
890 534 1059 596 audit
1086 551 1215 594 rem
1247 552 1486 597 omnem
1518 553 1598 597 ex
1623 536 2027 599 Timarchidee
2069 553 2284 613 sagum

220 619 425 682 sumit.
490 617 761 680 Lucebat
788 617 909 678 iam
936 618 1095 678 fere=
1142 619 1426 694 procedit
1454 619 1517 680 in
1550 620 1847 696 medium,
1873 619 2030 694 vini,
2065 620 2286 697 somni,

222 703 419 778 stupri
446 702 689 778 plenus·
749 699 1069 777 Excipitur
1096 702 1174 762 ab
1204 701 1490 764 omnibus
1521 701 1653 764 eius
1681 705 1847 764 modi
1877 705 2172 778 clamore,
2218 712 2290 765 ut

220 785 277 846 ei
306 781 711 862 Lampsaceni
758 783 1013 860 periculi
1063 783 1394 847 similitudo
1442 795 1796 848 versaretur
1845 795 1986 848 ante
2045 787 2282 849 oculos.

212 871 347 930 Hoe
376 868 557 930 etiam
584 866 779 929 maius
806 867 929 930 hoc
958 866 1308 942 videbatm,
1363 870 1532 945 quod
1563 867 1633 928 -in
1665 869 1808 931 odio
1851 868 2030 930 simili
2086 869 2286 932 multi·

215 953 363 1014 tudo
394 951 709 1014 hominum
738 951 893 1012 haec
923 959 1054 1020 erat
1092 952 1374 1012 maxima.
1423 953 1572 1014 Tum
1600 951 1777 1016 istius
1815 960 1990 1014 actae
2019 968 2284 1014 comme·

214 1036 626 1108 morabantur,
658 1042 785 1097 tum
811 1033 1117 1109 flagitiosa
1161 1034 1269 1095 illa
1297 1034 1610 1097 conviviaae
1651 1043 1780 1098 tum
1821 1035 2286 1111 appellabantur

211 1136 250 1180 a
278 1117 657 1180 multitudine
686 1118 973 1178 mulieres
1014 1117 1367 1180 nominatim
1381 1141 1398 1174 ε
1439 1127 1567 1180 tum
1585 1119 1974 1195 quaerebant
2009 1135 2088 1180 ex
2164 1119 2284 1184 isto

213 1203 453 1278 palam,
481 1207 571 1262 tot
598 1199 731 1262 dies
754 1199 1117 1276 continuos,
1160 1216 1276 1275 per
1306 1219 1466 1276 quos
1507 1219 1839 1279 numquam
1877 1203 2052 1264 visus
2096 1209 2282 1276 esset,

211 1283 319 1345 ubi
354 1281 591 1358 fuisset,
628 1281 778 1358 quid
804 1283 1077 1358 egisset?
1118 1290 1244 1344 tum
1272 1281 1604 1359 imperator
1631 1286 1708 1346 ab
1737 1284 1858 1347 isto
1886 1284 2283 1362 praepositus

214 1369 576 1430 Cleomenes
599 1365 1009 1449 flagitabatur,
1044 1383 1250 1443 neque
1273 1367 1604 1443 quidquam
1633 1369 1892 1446 propius
1921 1371 2284 1443 estfactum,

216 1467 401 1526 quam
428 1457 495 1511 ut
517 1448 670 1511 illud
699 1449 992 1511 Uticense
1027 1451 1378 1526 exemplum
1407 1452 1489 1513 de
1511 1453 1819 1514 Hadriano
1853 1454 2314 1517 transferretur.

218 1535 589 1612 Syracusas,
614 1541 682 1594 ut
707 1533 829 1594 duo
860 1535 1147 1609 sepulcra
1180 1535 1440 1596 duorum
1468 1545 1822 1611 praetorum
1863 1535 2282 1612 improborum

212 1617 453 1679 duabus
502 1614 566 1676 in
616 1615 951 1692 provinciis
1000 1617 1528 1680 constituerentur.
1587 1621 1816 1680 Verum
1863 1618 2070 1680 habita
2109 1626 2204 1680 est
2245 1634 2283 1676 a

213 1697 593 1763 multitudine
620 1698 775 1760 ratio
802 1698 1130 1775 temporis,
1154 1699 1364 1762 habita
1392 1703 1715 1773 tumultus,
1747 1699 1956 1762 habita
1983 1701 2166 1761 etiam
2193 1699 2282 1760 di·

216 1783 463 1858 gnitatis
494 1781 1089 1858 existimationisque
1116 1783 1488 1857 communis,
1528 1785 1698 1858 quod
1727 1783 1784 1844 is
1815 1791 1913 1844 est
1938 1791 2282 1845 conventus

216 1864 549 1945 Syracusis
600 1863 823 1926 civium
872 1867 1320 1940 Romanorum,
1375 1874 1442 1926 ut
1478 1882 1602 1928 non
1649 1867 1837 1927 modo
1879 1864 1984 1927 illa
2034 1864 2282 1942 provin-

212 1949 339 2024 cia,
381 1964 595 2010 verum
651 1948 830 2010 etiam
874 1949 991 2009 hac
1043 1963 1112 2008 re
1160 1945 1410 2024 publica
1447 1946 1842 2024 dignissimus
1883 1949 2282 2011 existimetur.

209 2032 315 2096 95.
381 2031 751 2092 Confirmant
798 2030 919 2106 ipsi
968 2046 1067 2105 se,
1122 2049 1312 2108 quum
1353 2031 1451 2092 hic
1493 2031 1676 2094 etiam
1713 2041 1846 2095 tum
1872 2033 2282 2094 semisomnus

213 2123 517 2192 stuperem
564 2129 732 2174 arma
758 2115 1035 2190 capiunt=
1077 2122 1271 2178 totum
1299 2116 1496 2178 forum
1547 2123 1732 2192 atque
1765 2119 2066 2190 Insulam,
2121 2131 2284 2192 quae

215 2209 309 2262 est
342 2197 527 2260 urbis·
555 2214 777 2273 magna
819 2213 997 2273 pars,
1043 2200 1368 2275 complent.
1442 2199 1637 2260 Unam
1680 2199 1846 2262 illam
1885 2210 2129 2262 noctem
2180 2214 2282 2260 so·

216 2295 333 2344 lam
391 2281 741 2358 praedones
795 2281 874 2342 ad
926 2283 1217 2344 Helorum
1273 2283 1630 2344 commorati
1651 2329 1669 2358 ,
1744 2301 1936 2359 quum
1979 2285 2284 2344 fumantes

216 2365 395 2427 etiam
426 2373 669 2426 nostras
704 2381 896 2426 naves
934 2365 1360 2442 reliquissent,
1403 2368 1702 2428 accedere
1730 2366 2028 2442 incipiunt
2053 2366 2130 2426 ad
2167 2365 2283 2440 Sy-

214 2465 487 2511 racusas.
554 2447 669 2522 Qui
698 2447 983 2509 videlicet
1010 2465 1203 2526 saepe
1242 2449 1566 2513 'audissent
1611 2450 1760 2511 nihil
1808 2467 1953 2512 esse
2008 2447 2283 2525 pulcrius

212 2549 397 2608 quam
426 2531 874 2609 Syracusarum
900 2532 1145 2593 moenia
1170 2549 1245 2594 ae
1291 2542 1537 2609 portUS,
1579 2540 1915 2596 statuerant
1953 2549 2056 2607 se,
2105 2530 2160 2592 si
2210 2547 2287 2592 ea

210 2618 408 2676 Verre
419 2623 703 2690 praetore
716 2633 843 2676 non
862 2614 1181 2690 vidissent,
1196 2633 1528 2693 numquam
1539 2632 1688 2678 esse
1701 2615 1966 2678 visuros.
1986 2614 2284 2676 XXXVII.

209 2699 315 2760 96.
360 2701 467 2758 Ac·
484 2697 679 2774 primo
702 2698 789 2760 ad
814 2699 919 2759 illa
945 2698 1179 2762 aestiva
1210 2700 1510 2775 praetoris
1539 2700 1858 2773 accedunt,
1889 2697 2092 2774 ipsam
2120 2696 2286 2757 illam

211 2783 293 2842 ad
320 2789 557 2856 partem
586 2779 833 2854 littoris,
878 2781 984 2842 ubi
1019 2782 1141 2844 iste
1170 2799 1284 2858 per
1311 2799 1422 2844 eos
1453 2781 1618 2856 dies,
1662 2781 2074 2844 tabernaculis
2115 2778 2285 2856 posi-

208 2865 323 2939 tis,
358 2873 561 2926 castra
592 2863 873 2926 luxuriae
904 2865 1251 2926 collocarat.
1320 2865 1512 2938 Quem
1554 2872 1772 2940 postea
1814 2882 1998 2941 quam
2039 2864 2286 2926 inanem

208 2950 419 3011 locum
452 2949 843 3010 offenderunt
888 2956 951 3009 et
1004 2957 1352 3024 praetorem
1401 2964 1753 3010 commosse
1795 2965 1874 3010 ex
1895 2965 1980 3010 .eo
2008 2948 2149 3010 loeo
2185 2963 2286 3008 ca·

208 3041 337 3092 stra
364 3038 721 3106 senserunt,
756 3029 959 3093 statim
993 3031 1129 3093 sine
1160 3033 1286 3093 ullo
1310 3041 1473 3106 metu
1503 3032 1566 3092 in
1595 3032 1798 3108 ipsum
1831 3041 2073 3110 portum
2097 3046 2288 3107 pene·-

206 3125 371 3178 trare
406 3123 761 3191 coeperunt.
830 3117 1027 3188 Quum
1056 3114 1119 3175 in
1150 3123 1394 3190 portum
1431 3114 1604 3190 dico,
1634 3115 1904 3192 iudiceS,
1944 3148 2032 3162 --
2075 3113 2284 3188 expla-

207 3200 481 3260 nandum
520 3205 617 3260 est
644 3196 805 3258 enim
840 3199 1191 3273 diligentius
1221 3216 1437 3262 eorum
1458 3216 1685 3275 causa,
1742 3201 1847 3276 qui
1881 3199 2085 3261 locum
2113 3195 2286 3270 igno·

204 3289 347 3342 rant
371 3313 455 3325 —-
484 3279 546 3341 in
570 3283 782 3343 urbem
810 3281 949 3343 dico
979 3290 1165 3358 atque
1193 3279 1256 3340 in
1285 3282 1456 3344 urbis
1483 3281 1752 3344 intimam
1782 3289 2016 3356 partem
2038 3277 2290 3340 venisse

209 3363 462 3442 piratas.
522 3364 657 3426 Non
684 3363 845 3425 enim
872 3372 1057 3440 portu
1085 3363 1238 3426 illud
1271 3365 1568 3442 oppidum
1607 3363 1936 3438 clauditur,
1983 3362 2098 3422 sed
2135 3361 2290 3424 urbe
