2459 3817
788 103 951 164 CAP.
986 113 1140 163 ιο-
1161 110 1247 164 12.
1291 108 1342 168 s.
1373 111 1634 164 πει-δι.
2163 101 2242 168 41

194 263 418 315 sterum
446 263 509 314 et
540 254 592 312 si
624 252 845 328 quibus
874 251 1225 327 regionibus
1251 250 1410 313 vitae
1432 251 1695 328 spatium
1726 251 2250 328 circumscriptum

194 345 319 408 est,
358 334 589 395 eisdem
629 351 843 396 omnes
873 333 1272 409 cogitationes
1311 335 1658 396 terminaret
1697 351 1872 410 suaa,
1923 351 2038 396 nec
2068 337 2251 397 tantis

196 435 265 479 se
306 418 616 478 laboribus
661 419 965 492 frangeret
997 434 1195 493 neque
1236 425 1324 479 tot
1351 419 1514 480 curis
1541 417 1890 494 vigiliisque
1927 428 2249 494 angeretur

194 517 309 561 nec
336 501 559 561 totiens
588 501 667 561 de
694 499 832 576 ipsa
860 500 987 560 vita
1010 499 1340 564 dimicaret.
1406 501 1579 562 Nunc
1605 499 1830 561 insidet
1859 503 2158 576 quaedam
2187 502 2248 562 in

196 583 426 659 optimo
458 599 705 658 quoque
746 581 966 656 virtuS,
1012 601 1171 659 quae
1211 593 1426 645 noctes
1453 601 1526 646 ae
1561 583 1694 643 dies
1724 583 1988 645 animum
2017 583 2252 658 gloriae

196 666 449 726 stimulis
479 666 742 729 concitat
766 675 951 741 atque
980 666 1268 728 admonet
1295 683 1415 727 non
1450 683 1586 727 cum
1617 665 1776 726 vitae
1808 675 2078 742 tempore
2105 683 2250 728 esse

196 748 619 810 dimetiendam
634 748 1267 810 commemorationem
1281 750 1542 809 nominis
1557 747 1766 821 nostri,
1790 750 1903 809 sed
1927 765 2063 809 cum
2085 749 2250 808 omni

195 830 547 906 posteritate
578 832 1062 906 adaequandam.
1121 832 1251 891 XII.
1283 831 1385 892 30.
1413 833 1513 892 An
1544 847 1694 891 vero
1725 838 1844 891 tam
1871 831 2044 906 parvi
2065 831 2250 890 animi

194 914 511 974 videamur
538 931 682 975 esse
714 931 961 986 omneS,
1004 912 1109 989 qui
1148 914 1209 972 in
1242 930 1309 972 re
1350 914 1593 988 publica
1631 921 1817 986 atque
1857 914 1923 972 in
1953 913 2048 973 his
2090 915 2252 974 vitae

191 995 483 1073 perieulis
512 995 948 1070 laboribusque
975 1012 1324 1069 versamur,
1365 1005 1460 1068 ut,
1502 1012 1688 1070 quum
1717 1012 1916 1068 usque
1943 996 2022 1055 ad
2055 1003 2236 1055 extre-

194 1097 359 1139 mum
396 1078 659 1153 spatium
704 1080 934 1138 nullum
987 1079 1373 1152 tranquillum
1411 1087 1597 1153 atque
1653 1078 1920 1138 otiosum
1975 1076 2254 1152 spiritum

197 1161 583 1232 duxerimuS,
610 1159 930 1220 nobiscum
960 1158 1138 1220 simul
1166 1160 1456 1221 moritura
1481 1159 1682 1222 omnia
1710 1160 2112 1222 arbitremur?
2153 1162 2253 1220 An

196 1252 429 1304 statuas
452 1251 513 1303 et
534 1240 859 1317 imagineS‚
886 1259 1009 1303 non
1032 1241 1369 1304 animorum
1397 1243 1746 1315 simulacra,
1775 1244 1888 1303 sed
1905 1260 2249 1318 corporum.

197 1325 475 1386 studiose
494 1327 660 1386 multi
690 1326 906 1386 summi
928 1325 1207 1386 homines
1226 1326 1632 1401 reliquerunt,
1655 1326 2051 1387 consiliorum
2072 1327 2242 1386 relin-

198 1425 387 1483 quere
424 1423 500 1468 ac
557 1407 839 1468 virtutum
884 1416 1225 1469 nostrarum
1279 1409 1542 1484 effigiem
1585 1426 1787 1470 nonne
1838 1412 2024 1470 multo
2072 1412 2254 1470 malle

196 1492 519 1566 debemus,
555 1491 805 1552 summis
834 1491 1092 1566 ingeniis
1128 1508 1486 1566 expressam
1517 1502 1578 1553 et
1607 1493 1899 1568 politam?
1935 1493 2067 1567 Ego
2103 1508 2253 1553 vero

195 1573 425 1646 omnia,
458 1591 615 1648 quae
646 1576 963 1648 gerebam,
994 1575 1109 1634 iam
1140 1584 1266 1634 tum
1303 1575 1366 1636 in
1411 1576 1681 1650 gerendo
1725 1591 2016 1650 spargere
2044 1591 2140 1634 me
2178 1591 2259 1634 ac

194 1655 595 1718 disseminare
634 1657 967 1718 arbitrabar
1004 1657 1063 1716 in
1109 1657 1276 1718 orbis
1316 1665 1514 1717 terrae
1542 1656 1891 1716 memoriam
1939 1657 2249 1730 sempiter-

194 1757 353 1798 nam.
412 1741 581 1798 Haec
611 1754 756 1798 vero
787 1738 919 1798 sive
947 1754 985 1797 a
1011 1755 1147 1798 meo
1180 1757 1371 1798 sensu
1401 1747 1540 1812 post
1569 1747 1820 1799 mortem
1893 1739 2130 1798 al'utura
2158 1745 2254 1797 est

194 1822 361 1893 sive,
394 1828 461 1880 ut
492 1818 929 1892 sapientissimi
967 1819 1244 1880 homines
1279 1829 1671 1894 putaverunt,
1717 1821 1792 1879 ad
1835 1819 2100 1895 aliquam
2133 1819 2256 1879 mei·

196 1912 429 1978 partem
475 1900 827 1975 pertinebit,
878 1917 1039 1960 nunc
1084 1901 1330 1976 quidem
1371 1910 1533 1962 certe
1575 1901 1940 1978 cogitatione
1990 1903 2261 1977 quadam

198 2001 435 2061 speque
465 1985 751 2044 delector.

362 2066 467 2128 31.
514 2067 645 2141 Qua
682 2083 751 2126 re
795 2076 1184 2141 conservate,
1225 2066 1491 2140 iudices,
1525 2067 1827 2127 hominem
1871 2067 2108 2142 pudore
2152 2083 2247 2139 eo,

195 2168 377 2225 quem
398 2149 731 2220 amicorum
756 2147 975 2210 videtis
1000 2149 1385 2224 comprobari
1408 2166 1594 2224 quum
1616 2149 1904 2225 dignitate
1925 2159 2050 2210 tum
2071 2149 2261 2210 etiam

198 2240 521 2310 vetustate,
573 2231 819 2307 ingenio
848 2241 1049 2294 autem
1077 2241 1276 2306 tanto,
1309 2241 1599 2308 quantum
1631 2231 1695 2292 id
1725 2232 2009 2294 convenit
2041 2231 2246 2292 existi-

196 2317 371 2387 mari,
406 2316 572 2390 quod
600 2331 972 2376 summorum
998 2314 1307 2376 hominum
1338 2315 1595 2391 ingeniis
1625 2315 1956 2390 expetitum
1989 2331 2133 2376 esse
2162 2316 2245 2373 vi·

196 2396 423 2470 deatiS,
454 2413 641 2456 causa
672 2414 819 2458 vero
850 2396 983 2458 eius
1007 2397 1204 2471 modi,
1249 2415 1406 2474 quae
1435 2398 1734 2459 beneficio
1764 2398 1948 2473 legis,
1989 2396 2248 2458 auctori-

196 2487 318 2538 tate
346 2479 683 2554 municipii,
719 2480 1063 2541 testimonio
1092 2480 1355 2553 Luculli,
1390 2481 1606 2542 tabulis
1634 2481 1861 2541 Metelli
1888 2480 2248 2555 comprobe-

198 2570 311 2620 tur.
372 2561 539 2634 Quae
573 2578 709 2622 cum
754 2561 837 2623 ita
878 2561 1027 2634 sint,
1074 2562 1333 2638 petimus
1375 2581 1414 2624 a
1455 2564 1664 2637 vobiS,
1707 2562 1975 2636 iudioeS,
2029 2561 2084 2623 si
2127 2578 2256 2635 qua

193 2658 319 2702 non
360 2644 542 2705 modo
590 2645 883 2717 humana,
934 2661 1145 2706 verum
1186 2646 1365 2706 etiam
1415 2645 1622 2706 divina
1669 2647 1729 2705 in
1769 2645 1952 2706 tantis
1991 2643 2258 2719 ingeniis

195 2725 638 2785 commendatio
668 2727 851 2787 debet
876 2743 1049 2801 esse,
1094 2736 1160 2788 ut
1187 2746 1353 2800 eum,
1401 2728 1506 2802 qui
1543 2745 1691 2800 vos,
1734 2727 1841 2802 qui
1873 2735 2113 2788 vestros
2142 2727 2248 2787 im-

194 2816 542 2882 peratoreS‚
572 2807 675 2882 qui
704 2808 916 2883 populi
944 2811 1201 2870 Romani
1227 2827 1330 2870 res
1353 2818 1560 2884 gestas
1590 2826 1833 2885 semper
1860 2809 2112 2883 ornavit,
2143 2809 2256 2884 qui

194 2889 377 2950 etiam
414 2889 511 2950 his
555 2889 902 2951 recentibus
935 2891 1161 2952 nostris
1190 2892 1538 2965 vestrisque
1577 2891 1928 2952 domesticis
1964 2893 2256 2968 perieulis

194 2980 505 3033 aeternum
534 2989 604 3033 se
628 2971 1038 3034 testimonium
1066 2973 1266 3033 laudis
1298 2975 1575 3033 daturum
1613 2991 1756 3036 esse
1785 2968 2102 3051 profitetur
2127 2983 2246 3034 est-

196 3071 319 3129 que
347 3072 428 3116 ex
454 3072 531 3116 eo
565 3071 851 3126 numero,
886 3056 989 3130 qui
1017 3073 1260 3130 semper
1285 3056 1452 3131 apud
1486 3073 1698 3118 omnes
1730 3057 1924 3118 sancti
1966 3065 2108 3118 sunt
2143 3056 2249 3115 ha-

191 3135 301 3197 biti
330 3136 534 3213 itaque
564 3137 738 3210 dicti,
770 3137 860 3198 sic
892 3137 953 3197 in
988 3146 1252 3199 vestram
1285 3137 1600 3213 accipiatis
1641 3139 1853 3212 fidem,
1881 3147 1948 3200 ut
1975 3135 2238 3198 humaui-

190 3227 315 3281 iate
338 3228 540 3280 vestra
560 3222 796 3280 levatus
817 3219 1023 3295 potius
1047 3237 1228 3296 quam
1245 3222 1570 3282 acerbitate
1594 3223 1856 3282 violatus
1878 3235 2020 3280 esse
2041 3216 2244 3278 videa»
