2459 3817
738 150 903 247 CAR.
936 158 1196 213 scs—59.
1244 156 1293 216 s.
1331 157 1655 212 120—126.
2150 152 2238 216 89

166 302 438 378 tempori-
453 318 592 365 meo
624 302 976 375 defuerunt,
1009 318 1207 377 eaque
1240 302 1505 377 populus
1527 302 1839 361 Romanus
1874 314 1997 359 non
2034 299 2237 360 solum

168 386 424 461 plausu,
473 386 585 447 sed
627 384 806 447 etiam
848 384 1076 461 gemitu
1120 402 1235 445 suo
1286 384 1757 460 comprobavitz-
1794 390 1996 445 utrum
2050 380 2241 455 igitur

167 468 322 530 haec
346 469 664 543 Aesopum
695 468 898 543 potius
930 484 1042 543 pro
1072 484 1168 527 me
1196 476 1303 529 aut
1330 468 1588 529 Accium
1622 466 1828 528 dicere
1858 463 2143 539 oportuit,
2180 465 2239 526 si

169 553 440 627 populus
467 552 784 613 Romanus
812 552 966 615 liber
995 560 1190 624 esse-t,
1233 567 1309 611 an
1344 550 1653 626 principes
1684 548 1993 611 civitatis!
2029 549 2227 609 Nomi-

169 636 356 698 natim
393 652 530 695 sum
569 637 914 711 appellatus
943 633 1006 695 in
1037 637 1225 697 Bruto
1244 658 1260 691 z
1312 636 1563 709 Mlius,
1597 636 1706 709 qui
1728 635 2055 695 libertatem
2078 635 2235 695 civi-

167 720 274 779 bus
309 720 686 781 stabiliverat.
743 718 986 779 Miliens
1030 727 1382 780 revocatum
1411 728 1526 779 est.
1580 718 1886 777 Parumne·
1915 716 2243 777 videbatur

170 802 440 877 populus
467 803 779 864 Romanus
822 802 1096 867 iudicare
1138 802 1202 863 id
1242 819 1281 861 a
1308 816 1404 863 me
1432 810 1494 863 et
1518 818 1556 863 a
1584 809 1803 861 senatu
1830 815 1975 861 esse
2006 799 2231 861 consti-

170 893 393 958 tutum,
435 887 604 961 quod
642 885 862 962 perditi
889 886 1064 947 cives
1097 886 1403 947 sublatum
1434 902 1545 961 per
1573 900 1689 945 nos
1716 882 2239 945 criminabantur?

174 966 314 1029 124.
337 968 666 1030 Maximum
698 986 845 1031 vero
880 970 1096 1045 populi
1117 968 1379 1030 Romani
1422 968 1714 1029 iudicium
1762 965 2037 1026 universi
2086 982 2231 1026 con-

170 1066 352 1113 sessu
381 1050 742 1125 gladiatorio
775 1052 1150 1112 declaratum
1179 1060 1293 1113 est.
1355 1052 1499 1112 Erat
1545 1050 1707 1111 enim
1737 1066 1959 1111 munus
1995 1048 2228 1125 Scipio-

168 1133 266 1193 nis
299 1133 550 1208 dignum
579 1142 638 1194 et
668 1150 744 1195 eo
771 1133 914 1209 ipso
945 1142 1007 1194 et
1032 1133 1136 1194 illo
1167 1134 1236 1207 Q.
1259 1135 1535 1208 Metello,
1565 1134 1663 1194 cui
1690 1134 1965 1193 dabatur.
2023 1133 2093 1193 Id
2126 1150 2233 1193 au·

170 1224 292 1276 tem
323 1216 661 1291 spectaculi
687 1233 884 1292 genus
913 1225 1060 1289 erat,
1093 1219 1263 1293 quod
1294 1217 1457 1279 omni
1486 1216 1827 1293 frequentia
1854 1225 2041 1291 atque
2068 1214 2233 1277 omni

169 1314 399 1374 genere
429 1297 741 1361 hominum
773 1300 1140 1373 celebratur,
1173 1317 1297 1375 quo
1326 1300 1645 1362 multitudo
1674 1298 1939 1360 maxime
1968 1300 2232 1361 delecta·

171 1392 286 1442 tur.
343 1382 408 1441 In
445 1382 609 1443 hunc
641 1400 1005 1445 consessum
1033 1385 1096 1442 P.
1131 1382 1403 1458 SestiuS,
1442 1384 1719 1445 tribunus
1768 1382 1999 1458 plebiS,
2044 1400 2235 1458 quum

169 1473 382 1541 ageret
413 1464 561 1525 nihil
593 1467 757 1527 aliud
787 1468 848 1527 in
877 1483 952 1528 eo
983 1466 1341 1543 magistratu
1376 1467 1495 1529 nisi
1526 1484 1725 1527 meam
1754 1482 2036 1539 causam,
2068 1466 2233 1527 venit

169 1557 230 1609 et
259 1564 330 1609 se
361 1550 592 1625 populo
623 1550 810 1625 dedit,
838 1568 958 1612 non
987 1554 1243 1627 plausus
1268 1550 1616 1627 cupiditate,
1640 1550 1753 1611 sed
1776 1557 1843 1611 ut
1863 1549 1983 1625 ipsi
2006 1548 2236 1609 inimici

171 1632 364 1693 nostri
394 1635 766 1695 voluntatem
799 1634 1068 1695 universi
1099 1634 1312 1710 populi
1342 1635 1637 1696 viderent.
1696 1632 1911 1707 Venit,
1938 1642 2009 1694 ut
2040 1632 2235 1704 scitiS,

167 1718 244 1777 ab
289 1718 577 1776 columna
619 1714 878 1775 Maenia.
976 1718 1207 1778 Tantus
1254 1725 1351 1778 est
1410 1734 1489 1777 ex
1546 1714 1830 1777 omnibus
1861 1714 2235 1789 spectaculis

168 1810 370 1867 usque
399 1810 438 1854 a
466 1794 782 1870 Capitone,
811 1804 1015 1858 tantus
1045 1815 1124 1858 ex
1153 1798 1270 1858 fori
1300 1798 1589 1859 cancellis
1624 1799 1881 1871 plausus
1912 1797 2229 1869 excitatuS,

171 1886 237 1939 ut
281 1894 612 1953 numquam
659 1879 852 1939 maior
894 1880 1226 1941 consensio
1276 1889 1381 1940 aut
1418 1880 1689 1956 apertior
1729 1879 1946 1955 populi
1972 1880 2235 1940 Romani

167 1961 440 2022 universi
485 1962 680 2021 fuisse
721 1963 848 2022 ulla
874 1960 936 2021 in
965 1978 1156 2023 causa
1185 1964 1505 2025 diceretur.
1570 1961 1712 2025 125.
1757 1962 1875 2023 Ubi
1908 1971 2079 2023 erant
2107 1973 2237 2024 tum

167 2043 252 2104 iili
284 2043 638 2105 contionum
667 2046 1118 2119 moderatoreS,
1152 2048 1355 2121 legum
1391 2045 1651 2119 domini,
1685 2044 1909 2106 civium
1938 2049 2227 2121 expulso·

167 2134 312 2187 res?
351 2127 592 2187 aliusne
617 2138 714 2189 est
739 2127 962 2203 aliquis
992 2129 1287 2205 improbis
1316 2130 1553 2191 civibus
1582 2129 1909 2205 peculiaris
1938 2132 2236 2206 populuS,

166 2208 265 2271 cui
295 2226 412 2271 nos
449 2210 672 2271 offensi
699 2212 1006 2289 invisique
1038 2212 1375 2274 fuerimus?

333 2294 482 2354 LIX.
535 2293 842 2371 Equidem.
880 2296 1160 2359 existimo
1206 2299 1435 2357 nullum
1476 2306 1721 2375 tempus
1760 2314 1905 2359 esse
1945 2296 2226 2373 freq-uen-

167 2374 337 2437 tioris
369 2378 581 2453 populi
613 2395 796 2454 quam
827 2379 977 2440 illud
1008 2380 1431 2456 gladiatorium
1461 2399 1665 2458 neque
1692 2380 1997 2443 contionis
2046 2380 2234 2441 ullius

165 2477 368 2535 neque
407 2478 556 2523 vero
596 2464 858 2523 ullorum
899 2462 1299 2526 comitiorum.
1362 2467 1529 2525 Haec
1564 2465 1747 2540 igitur
1773 2464 2233 2525 innumerabilis

165 2544 474 2606 hominum
521 2546 871 2620 multitude,
914 2548 1068 2608 haec
1111 2548 1325 2624 populi
1353 2549 1611 2609 Romani
1658 2558 1821 2611 tanta
1864 2545 2233 2623 significatio

167 2625 300 2687 sine
345 2628 469 2689 ulla
512 2630 804 2691 varietate
847 2630 1150 2705 universi,
1197 2648 1383 2707 quum
1424 2632 1544 2692 illis
1587 2632 1741 2707 ipsis
1772 2632 1994 2692 diebus
2026 2632 2103 2691 de
2132 2646 2234 2689 me

163 2718 365 2771 actum
397 2711 470 2771 iri
511 2722 856 2791 putaretur,
907 2714 1054 2791 quid
1097 2714 1431 2775 declaravit
1458 2714 1579 2775 nisi
1608 2714 1975 2790 optimorum
2007 2712 2231 2773 civium

165 2794 418 2855 salutem
449 2803 510 2865 et
539 2796 897 2870 dignitatem
925 2800 1158 2873 populo
1184 2800 1459 2858 Romano
1485 2814 1689 2857 caram
1718 2813 1863 2858 esse
1895 2792 2235 2857 universo?

169 2876 306 2939 126.
347 2880 430 2937 At
464 2892 614 2938 vero
637 2879 740 2937 ille
777 2888 1048 2953 praetor,
1087 2881 1295 2953 quide
1318 2896 1415 2940 me
1439 2895 1562 2941 non
1587 2878 1956 2954 patrisfflvi,
1994 2881 2233 2956 proavi,

163 2960 460 3022 maiorum
477 2959 748 3035 denique
771 2977 1026 3022 suorum
1051 2964 1338 3034 omnium,
1364 2963 1477 3023 sed
1494 2964 1931 3024 Graeculorum
1954 2962 2237 3025 instituto

166 3044 518 3104 contionem
545 3044 930 3120 interrogare
957 3044 1232 3107 solebat:
1268 3048 1533 3107 velletne
1558 3062 1659 3109 me
1677 3046 1899 3120 redire,
1926 3054 2005 3117 et,
2044 3063 2235 3122 quum

166 3135 297 3188 erat
311 3130 703 3189 reclamatum
721 3127 1040 3189 semivivis
1054 3130 1617 3191 mercennariorum
1634 3130 1913 3203 vocibus,
1936 3134 2234 3206 populum

165 3209 503 3272 Romanum
533 3226 760 3287 negare
789 3210 1060 3285 dicebat,
1088 3212 1173 3285 is,
1207 3228 1395 3287 quum
1428 3210 1652 3273 cotidie
1682 3212 2053 3287 gladiatores
2088 3224 2232 3283 spe·

162 3300 383 3365 ctaret‚
420 3310 752 3371 numquam
781 3304 878 3356 est
905 3302 1308 3371 conspectuS‚
1344 3313 1529 3371 quum
1558 3296 1806 3355 veniret.
1869 3292 2238 3365 Emergebat

165 3374 399 3451 subito,
445 3392 630 3453 quum
673 3379 790 3439 sub
832 3378 1070 3439 tabulas
1124 3379 1548 3453 subrepserat,
1588 3386 1654 3438 ut
1682 3378 1882 3437 Mater
1908 3384 1963 3436 te
1993 3378 2237 3451 appello
