2459 3817
262 141 341 206 16
860 138 1006 198 PRO
1037 137 1097 194 P.
1132 132 1380 194 SULLA
1413 127 1715 191 ORATlo.

256 305 384 360 tare
408 311 550 356 esse
573 291 859 353 amissum
878 332 892 359 ,
948 287 1000 345 si
1045 283 1192 360 quid
1235 290 1332 344 est
1365 279 1473 344 tibi
1499 278 1820 342 remissum
1849 283 2034 354 atque
2063 292 2324 338 conces-

264 399 417 444 sum.
474 380 667 452 Quum
697 374 833 432 illae
862 369 1067 428 valent
1093 368 1259 443 apud
1288 382 1383 424 me
1417 363 1848 426 excusationes
1878 360 2132 421 iniuriae
2160 369 2326 432 tuae,

261 465 450 526 iratus
482 459 719 520 animus
750 462 919 525 tuus,
947 459 1149 523 aetaS‚
1180 448 1444 510 amicitia
1475 456 1712 519 nostra,
1747 452 1871 506 tum
1903 445 2171 504 nondum
2203 451 2329 503 sta-

264 558 370 609 tuo
404 554 464 604 te
491 540 704 600 virium
736 535 885 596 satis
914 535 1169 606 habere,
1211 539 1276 592 ut
1317 547 1432 607 ego
1464 538 1664 591 tecum
1693 527 1905 589 luctari
1942 536 2002 587 et
2031 525 2328 600 congredi

266 627 541 690 debeam.
625 620 802 695 Quod
842 619 895 678 si
929 631 1105 678 esses
1147 631 1266 675 usu
1295 623 1479 689 atque
1507 621 1703 674 aetate
1731 610 2069 682 robustior,
2119 625 2329 670 essem

264 710 427 770 idem
458 704 564 782 qui
588 706 779 776 soleo,
816 717 1001 777 quum
1028 716 1163 760 sum
1194 697 1550 758 lacessitum
1577 711 1746 755 nunc
1778 703 1976 755 tecum
2009 691 2101 752 sic
2129 708 2332 766 agam,

266 792 481 854 tulisse
528 798 596 850 ut
646 784 849 862 potius
898 783 1176 844 iniuriam
1228 798 1407 856 quam
1455 778 1761 840 rettulisse
1803 776 2056 851 gratiam
2096 775 2331 834 videar.

264 876 451 938 XVII.
481 871 583 936 48.
623 872 835 945 Neque
865 884 1012 928 vero
1040 866 1186 942 quid
1216 864 1362 925 mihi
1390 864 1658 924 irascare
1689 860 2021 934 intelligere
2051 874 2330 933 possum.

269 959 354 1034 Si,
387 958 552 1034 quod
587 972 727 1017 eum
771 951 1067 1023 defendo,
1115 964 1297 1023 quem
1342 955 1405 1007 tu
1445 961 1735 1017 accusas,
1778 958 1889 1002 cur
1918 941 2025 1002 tibi
2056 957 2172 1016 ego
2205 956 2328 999 non

263 1051 628 1105 suscense0,
655 1035 823 1108 quod
847 1049 1107 1094 accusas
1132 1048 1290 1103 eum,
1316 1046 1498 1105 quem
1524 1045 1640 1104 ego
1664 1030 1972 1090 defendo?
2013 1028 2332 1087 Inimicum

263 1134 411 1194 ego,
456 1118 693 1193 inquis,
726 1133 957 1178 accuso
990 1132 1211 1176 meum.
1265 1117 1342 1174 Et
1369 1113 1626 1174 amicum
1659 1129 1775 1188 ego
1807 1112 2073 1172 defendo
2103 1125 2331 1170 meum.

264 1203 397 1263 Non
425 1201 619 1262 debes
649 1208 716 1261 tu
749 1217 1118 1275 quemquam
1156 1198 1217 1259 in
1253 1196 1692 1259 coniurationis
1730 1194 2092 1270 quaestione
2120 1195 2332 1254 defen·

266 1287 433 1345 dere.
476 1286 665 1344 Immo
688 1300 871 1344 nemo
887 1282 1082 1356 magis
1102 1299 1261 1354 eum,
1291 1283 1370 1341 de
1385 1298 1508 1355 quo
1531 1280 1676 1340 nihil
1698 1295 1986 1353 umquam
2013 1284 2110 1337 est
2130 1275 2332 1351 suspi-

264 1375 460 1438 catuS,
492 1381 671 1441 quam
702 1366 774 1438 is,
809 1365 913 1438 qui
945 1367 1024 1425 de
1045 1364 1180 1424 aliis
1215 1367 1401 1424 multa
1433 1363 1746 1439 cogitavit.
1797 1364 1916 1422 Cur
1936 1359 2142 1422 dixisti
2164 1358 2334 1419 testi-

264 1448 535 1509 monium
559 1447 620 1509 in
645 1448 841 1508 alios?
872 1448 1024 1521 Quia
1046 1456 1302 1509 coactus
1327 1463 1481 1507 sum.
1531 1448 1650 1507 Cur
1672 1446 1940 1507 damnati
1962 1445 2142 1506 sunt?
2177 1443 2338 1514 Quia

266 1531 563 1593 creditum
595 1538 711 1592 est.
776 1532 1055 1606 Regnum
1080 1538 1176 1590 est
1190 1531 1410 1591 dicere
1436 1529 1496 1589 in
1523 1546 1706 1604 quem
1730 1529 1884 1589 velis
1915 1536 1977 1589 et
1999 1525 2339 1588 defendere

271 1630 453 1692 quem
495 1614 669 1676 velis.
756 1617 945 1676 Immo
987 1614 1258 1675 servitus
1303 1621 1399 1674 est
1437 1629 1561 1674 non
1605 1613 1814 1672 dicere
1851 1613 1910 1671 in
1949 1627 2132 1688 quem
2172 1609 2336 1669 velis

270 1708 333 1761 et
361 1716 485 1761 non
518 1700 852 1760 defendere
884 1715 1066 1774 quem
1101 1699 1280 1759 velis.
1365 1701 1460 1758 Ac
1500 1697 1554 1757 si
1594 1695 1990 1757 considerare
2029 1691 2336 1768 coeperis,

273 1786 471 1839 utrum
500 1775 694 1851 magis
726 1775 871 1835 mihi
898 1778 1017 1835 hoc
1051 1790 1312 1836 necesse
1341 1775 1520 1836 fuerit
1551 1776 1753 1834 facere
1781 1791 1857 1833 an
1885 1775 2047 1834 istud
2079 1775 2206 1848 tibi,
2245 1774 2330 1832 in·

273 1860 510 1936 telliges
549 1858 868 1920 honestius
905 1867 966 1918 te
1006 1857 1448 1919 inimicitiarum
1481 1859 1726 1917 modum
1755 1865 2022 1918 statuere
2056 1857 2334 1932 potuisse

275 1960 453 2017 quam
487 1958 585 2002 me
623 1939 1030 2006 humanitatis,
1115 1940 1216 2002 49.
1258 1943 1355 2001 An
1398 1956 1548 2001 vero
1593 1957 1778 2015 quum
1812 1940 2012 2001 honos
2041 1942 2336 2015 agebatur

274 2023 537 2084 familiae
582 2034 825 2084 vestrae
862 2022 1308 2098 amplissimus,
1357 2024 1474 2084 hoc
1514 2033 1610 2084 est
1657 2025 2011 2084 consulatus
2061 2021 2335 2098 parentis

274 2106 388 2178 tui,
434 2104 929 2180 sapientissimus
970 2106 1063 2165 vir
1102 2105 1583 2166 familiarissimis
1621 2105 1748 2167 suis
1779 2106 2134 2168 suscensuit
2164 2114 2338 2181 pater

274 2198 434 2261 tuuS,
472 2205 658 2263 quum
689 2189 918 2248 Sullam
950 2196 1012 2248 et
1039 2188 1442 2248 defenderent
1469 2196 1529 2248 et
1561 2190 1916 2250 laudarent?
1959 2190 2339 2264 Intelligebat

275 2273 431 2332 hanc
471 2271 650 2331 nobis
691 2287 729 2330 a
768 2270 1099 2331 maioribus
1135 2287 1278 2332 esse
1316 2270 1593 2332 traditam
1627 2271 2043 2347 disciplinam.
2098 2281 2167 2333 ut
2205 2273 2335 2332 nul-

274 2356 390 2415 iius
420 2353 683 2414 amicitia
710 2355 789 2413 ad
822 2353 1093 2429 pericula
1127 2357 1548 2430 propulsanda
1576 2354 2022 2430 impediremur.
2103 2359 2186 2418 At
2210 2361 2334 2414 erat

273 2437 415 2497 huic
445 2435 671 2497 iudicio
708 2438 889 2512 longe
926 2436 1242 2498 dissimilis
1271 2438 1374 2498 illa
1409 2439 1741 2500 contentio:
1793 2447 1950 2513 tum,
1993 2437 2239 2498 adflicto
2269 2437 2332 2495 P.

274 2521 460 2592 Sulla,
498 2521 850 2581 consulatus
878 2518 1057 2580 vobis
1086 2521 1447 2595 pariebatur,
1485 2521 1663 2582 sicuti
1688 2530 1894 2597 partus
1924 2530 2046 2583 est:
2083 2519 2337 2582 honoris

273 2610 403 2664 erat
432 2611 767 2663 certamem
822 2611 1097 2678 ereptum
1136 2613 1416 2678 repetere
1448 2622 1565 2665 vos
1607 2605 2035 2679 clamitabatis,
2086 2612 2152 2665 ut
2193 2600 2339 2662 victi

272 2685 331 2745 in
369 2701 584 2761 campo
624 2687 685 2746 in
723 2689 857 2748 foro
898 2684 1256 2769 vinceretisz
1310 2695 1435 2747 tum
1478 2687 1584 2762 qui
1615 2696 1824 2748 contra
1855 2705 1969 2750 vos
2001 2705 2111 2762 pro
2151 2685 2339 2745 huius

273 2770 469 2829 salute
508 2771 885 2845 pugnabant,
936 2761 1288 2831 amicissimi
1328 2769 1546 2843 vestri,
1601 2769 1822 2845 quibus
1860 2788 1982 2831 non
2027 2769 2340 2830 irasceba-

273 2849 448 2925 mini,
490 2856 870 2915 consulatum
904 2854 1081 2914 vobis
1114 2853 1479 2928 eripiebant,
1523 2852 1743 2914 honori
1787 2863 1990 2914 vestro
2030 2868 2339 2928 repugna-

271 2935 445 3006 bant,
504 2944 563 2996 et
603 2946 803 2998 tamen
845 2936 910 2996 id
944 2936 1236 2998 inviolata
1263 2946 1467 2998 vestra
1501 2935 1789 3008 amicitia,
1837 2936 2072 3012 integro
2108 2934 2338 3009 officim

270 3026 481 3079 vetere
522 3021 805 3094 exemplo
856 3028 1040 3094 atque
1082 3019 1356 3081 instituto
1406 3018 1614 3093 optimi
1665 3021 1962 3095 cuiusque
2011 3019 2336 3079 faciebant.

270 3101 482 3162 XVIII.
514 3100 612 3162 50.
654 3103 783 3176 Ego
828 3119 974 3162 vero
1021 3102 1241 3176 quibus
1286 3103 1654 3163 ornamentis
1688 3104 1985 3165 adversor
2022 3102 2184 3164 tuis?
2232 3109 2341 3160 aut

270 3183 371 3245 cui
414 3183 687 3260 dignitati
726 3192 970 3245 vestrae
1008 3192 1327 3258 repugno?
1384 3185 1538 3257 Quid
1585 3193 1680 3246 est
1725 3187 1892 3260 quod
1931 3188 2049 3246 iam
2093 3186 2171 3244 ab
2217 3183 2338 3243 hoc

270 3275 569 3340 expetas?
642 3269 856 3328 Honos
897 3269 975 3326 ad
1016 3275 1285 3341 patrem,
1336 3266 1598 3340 insignia
1635 3268 1889 3328 honoris
1919 3270 1998 3328 ad
2036 3277 2096 3328 te
2136 3267 2340 3326 delata

272 3357 430 3409 sunt.
518 3351 606 3414 Tu
646 3359 893 3410 ornatus
934 3348 1175 3409 exuviis
1210 3347 1390 3409 huius
1425 3348 1600 3409 venis
1636 3350 1714 3410 ad
1757 3367 1894 3410 eum
1925 3351 2341 3426 lacerandum,
