2459 3817
267 200 311 261 2
456 259 476 269 ,
573 198 720 258 PRO
767 198 932 257 SEX.
973 198 1247 258 ROSCIO
1286 198 1635 295 nMERINO
1680 197 1982 259 ORATIO.

263 348 412 407 ritas
445 354 539 407 est
565 355 748 420 atque
779 348 1140 421 amplitudo,
1183 348 1237 406 si
1269 348 1517 406 verbum
1551 346 1628 406 de
1668 362 1736 405 re
1766 346 2010 419 publica
2042 345 2317 422 fecisset,

269 429 330 487 id
359 428 526 502 quod
566 428 626 487 in
656 429 770 487 hac
800 445 986 489 causa
1015 428 1146 488 fieri
1175 444 1433 489 necesse
1461 436 1586 499 est,
1628 430 1813 489 multo
1858 432 2035 503 plura
2076 429 2319 491 dixisse

270 526 452 586 quam
498 510 758 571 dixisset
805 520 1141 587 putaretur:
1210 510 1270 575 3.
1323 526 1437 591 ego
1472 509 1709 569 etiamsi
1748 511 1975 583 omnia,
2023 528 2181 586 quae
2224 513 2319 571 di-

269 591 465 653 cenda
495 600 664 665 sunt,
695 594 882 653 libere
911 593 1154 666 dixero,
1185 608 1574 667 nequaquam
1601 601 1799 652 tamen
1825 593 2097 655 similiter
2119 594 2319 654 oratio

271 691 406 735 mea
444 674 610 734 exire
650 684 834 749 atque
869 675 932 734 in
975 677 1193 751 vulgus
1233 690 1517 735 emanare
1556 676 1805 749 poterit=
1879 675 2102 737 deinde
2144 678 2320 751 quod

271 764 647 817 caeterorum
670 774 873 831 neque
901 756 1126 819 dictum
1156 760 1485 818 obscurum
1517 765 1720 831 potest
1753 774 1895 817 esse
1923 766 2174 833 propter
2201 776 2315 818 no-

267 838 558 899 bilitatem
598 848 659 899 et
700 839 1151 915 amplitudinem
1187 855 1387 915 neque
1430 848 1656 900 temere
1686 838 1848 898 dicto
1885 838 2141 901 concedi
2170 856 2317 915 pro-

269 930 404 996 pter
432 928 689 983 aetatem
717 931 778 982 et
809 923 1215 996 prudentiam:
1259 938 1374 997 ego
1403 921 1457 982 si
1489 921 1635 997 quid
1664 920 1910 982 liberius
1940 920 2183 993 dixero,
2212 924 2317 981 vel

271 1004 572 1064 occultum
611 1020 782 1075 esse,
829 1012 1152 1079 propterea
1192 1005 1361 1079 quod
1401 1004 1671 1065 nondum
1715 1006 1796 1064 ad
1840 1020 1967 1065 rem
2007 1001 2319 1078 publicam

271 1085 539 1158 accessi,
569 1088 669 1145 vel
698 1086 932 1160 ignosci
953 1086 1403 1147 adolescentiae
1432 1102 1605 1146 meae
1632 1085 1879 1159 poterit=
1921 1086 2158 1147 tametsi
2187 1100 2318 1145 non

269 1168 452 1227 modo
475 1166 833 1241 ignoscendi
853 1167 1034 1241 ratio,
1059 1186 1271 1229 verum
1292 1168 1469 1228 etiam
1494 1169 1909 1241 cognoscendi
1931 1170 2319 1229 consuetudo

268 1250 388 1309 iam
407 1250 486 1311 de
505 1250 746 1312 civitate
767 1252 1003 1314 sublata
1023 1260 1134 1316 est.
1167 1250 1228 1316 4.
1250 1250 1508 1313 Accedit
1524 1249 1626 1309 illa
1646 1266 1892 1324 quoque
1913 1266 2119 1324 causa,
2144 1253 2319 1325 quod

269 1348 307 1391 a
346 1331 602 1392 caeteris
647 1332 898 1393 forsitan
946 1334 1030 1394 ita
1061 1333 1312 1408 petitum
1358 1331 1438 1393 sil.
1467 1339 1529 1393 ut
1570 1330 1868 1405 dicerent,
1914 1342 1977 1392 ut
2016 1331 2313 1393 utrumvis

271 1415 445 1473 salvo
482 1414 686 1473 efficio
731 1417 931 1475 facere
979 1432 1047 1475 se
1087 1431 1279 1489 posse
1312 1414 1771 1474 arbitrarentur=
1813 1431 1851 1473 a
1890 1432 1987 1475 me
2020 1423 2219 1476 autem
2251 1415 2317 1473 hi

273 1496 739 1569 contenderunt,
777 1496 879 1573 qui
900 1498 1063 1571 apud
1091 1514 1188 1557 me
1217 1506 1280 1557 et
1306 1495 1569 1557 amicitia
1597 1504 1657 1557 et
1683 1496 1999 1557 beneficiis
2030 1505 2091 1558 et
2120 1496 2302 1570 digni·

273 1586 393 1637 tate
432 1577 754 1651 plurimum
795 1588 1080 1653 possunt,
1153 1596 1417 1655 quorum
1473 1595 1590 1657 ego
1647 1594 1765 1643 nec
1820 1584 2318 1642 benevolentiam

271 1675 416 1733 erga
454 1675 552 1721 me
591 1658 872 1734 ignorare
911 1677 1026 1723 nec
1061 1661 1477 1723 auctoritatem
1526 1658 1841 1735 aspernari
1881 1676 1995 1721 nec
2035 1663 2315 1721 volunta·
2408 1710 2410 1741 3

269 1748 390 1800 tem
421 1740 728 1817 negligere
755 1743 1027 1803 debeam.
1068 1745 1140 1802 11.
1183 1742 1243 1803 5.
1282 1742 1393 1804 His
1422 1741 1501 1803 de
1532 1741 1737 1803 causis
1768 1757 1883 1819 ego
1918 1740 2059 1802 huic
2087 1758 2319 1805 causae
2408 1768 2410 1815 ξ

271 1832 560 1899 pau-onus
589 1825 818 1898 exstiti,
860 1842 982 1885 non
1009 1827 1239 1887 electus
1265 1842 1427 1889 unus
1468 1824 1572 1899 qui
1610 1823 1871 1884 maximo
1901 1822 2143 1899 ingenio
2161 1870 2175 1898 ,
2200 1827 2313 1885 sed

269 1906 516 1969 relictus
556 1923 636 1966 ex
683 1906 962 1973 omnibus
1021 1908 1126 1983 qui
1175 1908 1420 1969 minimo
1470 1906 1742 1983 periculo
1797 1922 2050 1985 possem
2090 1905 2315 1980 dicere,

270 2004 470 2061 neque
509 1987 598 2049 uti
638 1988 786 2049 satis
827 1990 999 2059 lirmo
1034 1991 1338 2064 pracsidio
1376 1989 1669 2051 defensus
1696 1988 1839 2053 Sex.
1870 1989 2165 2061 RosciuS,
2205 2007 2314 2051 ve-

269 2086 402 2129 rum
442 2068 528 2129 uti
569 2085 646 2129 ne
687 2069 930 2133 manino
971 2072 1253 2133 desertus
1296 2081 1480 2133 esset.
1547 2070 1821 2131 Forsitan
1872 2070 2176 2146 quaeratis
2207 2074 2311 2147 qui

270 2151 385 2211 iste
421 2160 613 2212 terror
655 2152 734 2213 sit
760 2158 821 2211 et
849 2168 1008 2227 quae
1035 2162 1201 2214 tanta
1228 2153 1517 2223 formido,
1557 2169 1714 2227 quae
1742 2161 1931 2215 totae
1958 2156 2111 2215 tales
2144 2153 2315 2216 viros

268 2233 559 2308 impediat
602 2252 722 2310 quo
771 2233 966 2294 minus
999 2251 1112 2309 pro
1156 2234 1351 2309 capite
1398 2244 1459 2295 et
1488 2235 1741 2295 fortunis
1783 2236 2061 2309 alterius,
2103 2254 2313 2312 quem-

2408 1830 2410 1882 l

269 2316 596 2377 admodum
613 2324 1088 2389 consueverunt,
1102 2332 1357 2377 causam
1374 2316 1562 2377 velint
1594 2317 1815 2377 dicere.
1908 2318 2083 2391 Quod
2110 2319 2314 2380 adhuc
2407 2310 2408 2325 ¹

270 2414 384 2458 vos
425 2398 710 2472 ignorare
746 2416 870 2459 non
911 2397 1126 2461 mirum
1165 2408 1289 2470 est,
1334 2408 1659 2475 propterea
1703 2400 1869 2473 quod
1910 2402 2189 2461 consulto
2232 2404 2314 2461 ab

270 2480 726 2544 accusatoribus
757 2482 889 2540 eius
915 2480 1036 2553 rei,
1083 2498 1243 2556 quae
1271 2480 1561 2543 conflavit
1587 2482 1705 2541 hoc
1732 2481 2050 2557 iudicium,
2084 2483 2312 2549 mentio

270 2564 429 2623 facta
466 2580 588 2624 non
642 2572 753 2625 est.
837 2563 898 2623 6.
942 2563 1106 2636 Quae
1145 2581 1247 2625 res
1280 2581 1356 2624 ea
1394 2570 1531 2625 cst?
1596 2565 1770 2625 Bona
1828 2564 2015 2638 patris
2055 2564 2315 2627 huiusce

269 2644 412 2704 Sex.
441 2644 680 2720 Roscii,
705 2662 862 2720 quae
891 2654 1032 2707 sunt
1053 2646 1405 2719 sexagiens,
1444 2662 1603 2720 qnae
1628 2646 1709 2707 de
1736 2645 1869 2707 viro
1886 2646 2229 2709 clarissimo
2254 2653 2321 2705 et

262 2724 615 2798 fortissimo,
676 2728 742 2787 L.
773 2727 972 2802 Sulla,
1020 2744 1200 2803 quem
1233 2727 1485 2791 honoris
1526 2744 1717 2789 causa
1746 2725 2023 2803 nomino,
2064 2729 2313 2789 duobus
2405 2734 2406 2797 ζ

266 2808 504 2870 milibus
539 2826 784 2871 numum
819 2826 962 2871 sese
1003 2811 1148 2871 dicit
1180 2810 1405 2890 emisse
1431 2812 1797 2873 adolescens
1828 2811 1927 2869 vel
1958 2810 2312 2885 potentissi-

265 2906 400 2952 mus
440 2892 558 2952 hoc
587 2901 860 2967 tempore
897 2900 1144 2953 nostrae
1182 2893 1472 2967 civitatiS,
1513 2894 1581 2953 L.
1622 2891 1935 2971 Cornelius
1962 2893 2314 2971 Chrysogo-

268 2990 406 3033 nus.
458 2976 522 3034 Is
550 2991 590 3035 a
617 2974 826 3047 vobis,
868 2974 1133 3049 iudiceS,
1179 2976 1297 3037 hoc
1328 2977 1623 3050 postulat,
1664 2984 1731 3037 ut
1758 2974 2045 3050 quoniam
2072 2976 2133 3037 in
2162 2976 2310 3037 alie·

267 3072 406 3115 nam
439 3056 760 3130 pecuniam
793 3065 914 3117 tam
943 3060 1183 3132 plenam
1211 3066 1396 3132 atque
1430 3059 1805 3132 praeclaram
1845 3059 2008 3119 nullo
2046 3058 2179 3119 iure
2218 3058 2309 3121 in·

264 3138 494 3199 vaserit
537 3138 948 3214 quoniamque
987 3138 1045 3201 ei
1087 3139 1387 3215 pecuniae
1440 3138 1561 3199 vita
1614 3140 1758 3202 Sex.
1798 3140 2011 3203 Roscii
2061 3143 2308 3203 obstare

263 3230 446 3296 atque
481 3221 730 3283 officere
760 3221 1063 3294 videatur,
1101 3224 1355 3283 deleatis
1400 3238 1479 3283 ex
1509 3223 1709 3285 animo
1739 3238 1854 3284 sue
1892 3223 2309 3299 suspicionem
2403 3212 2404 3256 ³

264 3320 504 3365 omnem
539 3312 885 3380 metumque
931 3303 1185 3367 tollatisa
1236 3320 1379 3365 sese
1417 3305 1536 3365 hoc
1562 3304 1851 3366 ineolumi
1889 3321 2014 3367 non
2054 3306 2307 3367 arbitra-

261 3400 358 3445 tur
396 3388 576 3449 huius
604 3387 942 3491 iun-ocentis
973 3386 1395 3461 patrimonium
1437 3394 1557 3447 tam
1588 3388 1853 3462 amptum
1889 3396 1949 3449 et
1982 3388 2305 3463 copiosum
