2459 3817
151 177 155 181 ,
208 118 295 184 88
647 114 723 173 IN
769 112 830 173 C.
874 112 1206 174 VERREM
1243 112 1412 172 ACT.
1443 113 1513 171 11.
1557 111 1701 171 LlB.
1737 113 1843 171 lv.

106 259 111 264 ’
213 266 273 328 in
305 265 529 342 templo
564 262 903 326 clarissimo
931 263 1163 338 populo
1193 263 1470 323 Romano
1501 270 1952 324 monumentum
1995 278 2144 322 suae
2171 278 2272 323 so·

213 348 448 409 cictatis
478 344 900 420 amicitiaeque
935 362 1077 405 esse
1107 344 1434 420 voluisset,
1456 343 1516 401 id
1546 344 1621 401 ab
1654 356 1726 400 se
1750 342 1811 401 C·
1833 345 2086 404 Verrem
2131 346 2270 406 abs-

212 430 459 492 tulisse:
500 430 580 489 de
624 427 880 489 caeteris
923 428 1213 503 operibus
1259 444 1337 486 ex
1369 444 1518 487 auro
1551 437 1612 488 et
1639 430 1922 503 gemmiS‚
1969 444 2129 502 quac
2159 445 2272 489 sua

212 530 405 589 penes
440 511 607 571 illum
636 519 874 582 essent,
911 526 981 570 se
1008 526 1133 570 non
1166 510 1473 570 laborare=
1506 511 1624 571 hoc
1657 509 1775 570 sibi
1805 507 1957 584 eripi
1982 509 2272 571 miserum

212 612 354 656 esse
408 602 468 653 et
516 593 849 667 indignum.
912 593 982 651 Id
1020 594 1134 653 etsi
1178 601 1356 653 antea
1402 594 1522 652 iarn
1562 602 1764 653 mente
1813 601 1874 652 et
1901 592 2270 667 cogitatione

212 694 325 738 sua
354 677 680 751 fratrisque
712 677 807 736 sui
838 684 1263 736 consecratum
1296 684 1490 749 esset,
1531 685 1730 736 tamen
1774 683 1898 735 tum
1931 692 2030 747 se,
2075 674 2134 733 in
2164 675 2270 735 illo

212 766 518 820 conventu
562 758 785 818 civium
818 760 1261 829 Romanorum,
1315 760 1489 828 dare,
1533 758 1795 832 donare,
1840 755 2076 829 dicare,
2123 774 2267 817 con

210 858 453 902 secrare
492 840 622 900 Iovi
662 840 892 917 optimo
936 842 1197 901 maximo
1243 848 1582 915 testemque
1623 840 1823 916 ipsum
1866 841 2076 900 Iovem
2119 856 2272 899 suae

210 922 537 984 voluntatis
568 939 642 983 ac
670 922 985 997 religionis
1020 922 1330 982 adhibere.

372 1006 553 1065 XXX.
620 1005 786 1080 Quae
818 1021 970 1077 vox,
1014 1021 1171 1079 quac
1210 1006 1424 1077 latera,
1469 1020 1631 1079 quae
1667 1004 1830 1066 vires
1866 1004 2046 1065 huius
2087 1002 2272 1064 unius

208 1070 475 1149 criminis
530 1087 967 1163 querimoniam
1010 1096 1274 1162 possunt
1326 1087 1669 1148 sustinere?
1721 1089 1854 1147 Rex
1906 1086 2262 1158 AntiochuS‚

209 1171 313 1246 qui
342 1173 575 1232 Romae
604 1178 743 1231 ante
775 1172 990 1232 oculos
1021 1169 1288 1229 omnium
1325 1178 1596 1230 nostrum
1643 1168 1954 1229 biennium
1995 1171 2122 1229 fere
2163 1184 2264 1227 co

208 1252 423 1314 mitatu
451 1252 621 1327 regio
648 1262 833 1327 atque
867 1261 1084 1312 ornatu
1114 1252 1360 1325 fuisset,
1407 1251 1462 1312 is
1495 1268 1680 1326 quum
1708 1252 1942 1312 amicus
1973 1260 2034 1311 et
2057 1250 2268 1313 socius

206 1336 420 1411 populi
454 1334 711 1395 Romani
742 1342 939 1405 esset,
972 1334 1341 1395 amicissimo
1375 1342 1574 1410 patre,
1606 1351 1745 1407 avo,
1774 1333 2126 1405 maioribus,
2159 1350 2263 1392 an-

205 1417 567 1492 tiquissimis
596 1425 657 1476 et
686 1416 1041 1476 clarissimis
1069 1416 1348 1489 regibuS,
1388 1416 1853 1491 opulentissimo
1898 1424 1960 1477 et
2001 1416 2270 1477 maximo.

205 1516 428 1573 regno,
478 1515 777 1573 praeceps
834 1498 1151 1571 provincia
1195 1498 1406 1573 populi
1445 1500 1704 1559 Romani
1751 1498 2110 1560 exturbatus
2151 1505 2263 1557 est.

206 1581 307 1643 68.
338 1581 527 1655 Quem
554 1582 634 1640 ad
663 1581 910 1641 modum
941 1581 1060 1639 hoc
1091 1589 1454 1655 accepturas
1485 1582 1763 1643 nationes
1789 1590 2052 1655 exteras»,
2085 1596 2265 1655 quem

204 1664 284 1723 ad
328 1664 575 1725 modum
618 1662 799 1723 huius
843 1662 932 1724 tui
961 1661 1103 1724 facti
1135 1664 1354 1723 famam
1387 1662 1447 1723 in
1481 1680 1671 1738 regna
1705 1663 1960 1725 aliorum
1989 1673 2174 1739 atque
2203 1664 2264 1721 in

206 1745 443 1808 ultimas
476 1754 669 1807 terras
700 1754 1125 1821 perventuram
1159 1744 1415 1820 putasti,
1463 1764 1646 1821 quum
1675 1745 1954 1807 audirent
2025 1763 2062 1807 a
2089 1761 2266 1821 prae-

204 1840 338 1890 tore
370 1829 579 1903 populi
609 1828 869 1888 Romani
898 1830 957 1888 in
988 1828 1307 1903 provincia
1335 1827 1623 1889 violatum
1655 1844 1893 1903 regem,
1939 1827 2264 1903 spoliatum

204 1912 536 1986 hospitem,
594 1912 850 1971 eiectum
896 1910 1133 1972 socium
1178 1910 1390 1987 populi
1427 1910 1685 1973 Romani
1735 1918 1918 1986 atque
1961 1910 2267 1971 amicum?

202 1995 434 2053 Nomen
467 2000 735 2052 vestrum
764 1994 1100 2067 populique
1126 1992 1385 2055 Romani
1421 1994 1563 2054 odio
1592 2001 1776 2068 atque
1805 1992 2116 2055 acerbitati
2144 1993 2262 2052 sci-

202 2083 329 2136 tote
359 2073 706 2135 nationibus
738 2075 981 2147 exteriS,
1009 2075 1264 2146 iudices,
1297 2076 1586 2148 futurum,
1622 2074 1676 2137 si
1703 2074 1880 2137 istius
1912 2076 2064 2135 haec
2097 2084 2263 2135 tanta

204 2157 424 2217 iniuria
451 2156 745 2231 impunita
775 2156 1149 2217 discesserit.
1218 2155 1322 2217 Sic
1351 2173 1561 2217 omnes
1584 2157 2049 2230 arbitrabuntur,
2085 2174 2261 2232 prae·

206 2239 413 2301 sertim
463 2256 651 2314 quum
692 2240 846 2298 haec
877 2240 1036 2298 fama
1076 2239 1154 2298 de
1196 2247 1541 2301 nostrorum
1582 2240 1892 2300 hominum
1923 2239 2174 2300 avaritia
2203 2249 2262 2301 et

206 2322 535 2397 cupiditate
576 2320 1047 2397 percrebruerit,
1090 2337 1211 2381 non
1253 2320 1429 2381 istius
1459 2323 1652 2383 solius
1681 2324 1800 2383 hoc
1830 2339 1972 2385 esse
2003 2324 2262 2395 facinuS,

208 2405 320 2465 scd
350 2421 559 2466 eorum
599 2403 809 2475 etiam,
856 2402 961 2477 qui
988 2402 1404 2478 approbarint.
1464 2404 1633 2465 Multi
1675 2422 1886 2480 reges,
1935 2408 2158 2465 multae
2191 2404 2260 2463 li·

204 2489 388 2548 berae
411 2487 703 2558 civitateS,
736 2486 906 2547 multi
934 2484 1153 2560 privati
1182 2486 1453 2561 opulenti
1475 2504 1548 2547 ac
1571 2496 1854 2562 potentes
1879 2489 2102 2548 habent
2117 2503 2260 2562 pro-

206 2571 364 2630 fecto
399 2568 460 2628 in
506 2568 704 2629 animo
737 2566 1095 2642 Capitolium
1124 2566 1213 2627 sic
1245 2584 1491 2641 ornare,
1529 2577 1596 2629 ut
1623 2570 1828 2644 templi
1859 2569 2121 2645 dignitas
2148 2570 2258 2630 im-

204 2652 481 2727 periique
524 2650 716 2712 nostri
761 2667 983 2711 nomen
1026 2648 1364 2710 desiderat=
1408 2650 1514 2726 qui
1543 2652 1596 2711 si
1636 2652 2040 2715 intellexerint
2077 2652 2258 2713 inter-

202 2750 385 2794 verso
427 2734 545 2794 hoc
572 2732 775 2807 'regali
805 2734 967 2793 dono
1000 2732 1266 2807 graviter
1294 2749 1408 2793 vos
1437 2734 1682 2807 tulisse,
1721 2738 1894 2809 grata
1919 2736 2051 2796 fore
2079 2734 2257 2795 vobis

204 2817 561 2892 populoque
588 2817 862 2876 Romano
899 2831 1014 2875 sua
1056 2813 1258 2875 studia
1293 2831 1368 2875 ac
1410 2816 1572 2875 dona
1615 2817 2077 2877 arbitrabuntur.
2151 2816 2257 2877 Sin

203 2900 323 2959 hoc
354 2914 468 2958 vos
497 2898 559 2958 in
586 2914 732 2973 rege
760 2904 879 2959 tam
914 2896 1100 2959 nobili
1118 2943 1133 2970 ‚
1162 2912 1230 2956 re
1258 2906 1380 2959 tam
1409 2896 1658 2973 eximia,
1689 2898 1908 2959 iniuria
1936 2908 2058 2959 tam
2087 2913 2256 2959 acer-

200 2982 281 3042 ba
310 2980 659 3056 neglexisse
694 2980 970 3053 audient,
1014 2996 1138 3041 non
1171 2989 1350 3041 erunt
1377 2988 1498 3041 tam
1530 2980 1833 3054 amentes,
1877 2990 1944 3041 ut
1985 2998 2252 3055 oporam,

204 3080 441 3137 curam,
484 3063 807 3139 pecuniam
850 3063 1206 3140 impendant
1249 3064 1310 3123 in
1345 3079 1453 3123 eas
1480 3078 1610 3136 reS‚
1655 3080 1810 3137 quas
1846 3061 2023 3123 vobis
2051 3071 2254 3137 gratas

200 3148 333 3209 fore
363 3163 485 3206 non
520 3144 900 3207 arbitrentur.

365 3229 569 3289 XXXI.
636 3228 735 3290 69.
797 3230 929 3290 Hoc
968 3230 1141 3303 loco,
1182 3229 1250 3302 Q.
1293 3228 1531 3300 Catule,
1576 3236 1634 3288 te
1677 3229 1942 3302 appello.
2005 3230 2256 3302 Loquor

90 3368 98 3373 ,
192 3312 357 3371 enim
396 3310 475 3372 de
517 3320 621 3371 tuo
665 3310 1000 3373 clarissimo
1059 3309 1596 3404 pulcherrimoque
1648 3318 2076 3371 monumento=
2131 3324 2252 3368 non
