2459 3817
172 188 295 254 180
622 190 703 250 IN
745 191 806 251 C.
842 190 1170 251 VERREM
1212 190 1380 251 ACT.
1423 192 1495 251 11.
1539 192 1682 251 LIB.
1718 192 1796 252 V.

172 338 498 401 discrimen
528 348 633 400 aut
660 337 948 402 iudicium
990 340 1299 401 vocandi?
1356 340 1495 403 180.
1565 341 1823 415 Quaeret
1851 340 2076 418 aliquis
2115 344 2268 404 ἴοι»
2375 426 2383 434 ,

172 432 371 485 tassee
415 431 725 484 tantumne
752 422 935 499 igitur
964 425 1266 496 laborem,
1307 432 1506 484 tantas
1533 422 1878 485 inimicitias
1917 432 2006 486 tot
2045 424 2236 487 homi·

169 523 314 568 num
349 514 753 581 suscepturus
786 513 899 568 es?
955 508 1088 567 Non
1120 506 1322 569 studio
1356 504 1605 582 quidem
1647 508 1894 568 hercule
1941 508 2064 569 ullo
2123 525 2227 569 ne-

170 606 291 667 que
319 591 662 651 voluntate=
704 588 818 651 sed
848 606 968 651 non
1004 589 1167 652 idem
1195 588 1335 651 licet
1363 590 1527 664 mihi,
1563 591 1727 665 quod
1763 589 1866 661 iis,
1903 590 2009 665 qui
2048 589 2236 652 nobili

165 690 392 749 genere
419 672 543 734 nati
569 681 727 747 sunt,
763 674 985 749 quibus
1019 672 1219 733 omnia
1244 672 1459 748 populi
1487 672 1746 733 Romani
1774 672 2073 734 beneficia
2095 675 2236 735 dor·-

165 755 492 818 mientibus
522 755 909 817 deferuntur=
940 758 1123 832 longe
1145 754 1265 815 alia
1300 756 1442 815 mihi
1496 758 1630 831 lege
1666 755 1726 816 in
1758 756 1872 816 hac
1905 755 2147 818 civitate
2175 766 2236 819 et

166 838 530 902 condicione
560 838 889 901 vivendum
925 849 1037 901 est.
1092 839 1276 901 Venit
1298 838 1443 899 mihi
1472 837 1535 899 in
1567 842 1827 901 mentem
1861 839 1939 902 M.
1971 839 2228 915 Catonia,

164 921 429 985 hominis
459 921 894 998 sapientissimi
937 932 999 985 et
1029 921 1501 999 vigilantissima
1549 924 1652 997 qui
1685 941 1870 999 quum
1902 938 1972 983 se
2001 922 2220 986 virtute

166 1025 290 1068 non
332 1024 590 1083 genere,
639 1008 871 1082 populo
929 1007 1206 1067 Romano
1263 1005 1675 1067 commendari
1726 1014 1990 1081 putaret,
2049 1024 2244 1082 quum*

164 1090 303 1167 ipse
335 1090 430 1151 sui
459 1089 705 1167 generis
734 1088 968 1151 initium
997 1105 1071 1149 ac
1102 1086 1366 1151 nominis
1395 1090 1473 1149 ab
1509 1106 1580 1149 se
1619 1089 1784 1165 gigni
1811 1098 1874 1151 et
1902 1088 2234 1166 propagari

164 1175 377 1249 vellet,
409 1173 722 1235 hominum
749 1172 1314 1248 potentissimorum
1350 1171 1624 1247 suscepit
1646 1171 1991 1233 inimicitIas
2020 1181 2083 1234 et
2110 1188 2234 1233 ma-

162 1256 345 1318 ximis
398 1256 458 1317 in
511 1257 823 1318 laboribus
870 1273 1072 1332 usque
1123 1257 1203 1316 ad
1247 1271 1544 1317 summam
1583 1264 1958 1317 senectutem
2001 1272 2236 1317 summa

167 1357 308 1401 cum
346 1340 539 1414 gloria
578 1338 748 1400 vixit.
814 1337 955 1401 181.
1020 1339 1244 1401 Postea
1294 1339 1360 1413 Q.
1404 1337 1760 1414 Pompeius,
1804 1338 2012 1401 humili
2051 1349 2234 1415 atque

164 1425 432 1484 obscuro
456 1424 593 1483 loeo
638 1431 845 1493 natuS‚
892 1438 1096 1483 nonne
1139 1421 1415 1497 plurimis
1458 1420 1784 1483 inimicitiis
1831 1422 2235 1499 maxinrisque

164 1507 295 1567 suis
337 1503 628 1579 periculis
674 1520 749 1565 ac
790 1503 1105 1566 laboribus
1159 1505 1580 1580 amplissimos
1623 1506 1895 1567 honores
1942 1515 2038 1567 est
2088 1508 2232 1567 ade-

166 1594 353 1665 ptus?
412 1588 599 1649 Modo
632 1588 695 1649 C.
724 1586 1079 1663 Fimbriam,
1129 1589 1191 1649 C.
1223 1587 1510 1659 Marium,
1554 1589 1616 1649 C.
1661 1588 1928 1650 Caelium
1969 1589 2234 1650 vidimus

166 1688 287 1734 non
330 1670 745 1733 mediocribus
785 1670 1111 1733 inimicitiis
1154 1688 1226 1732 ac
1270 1669 1583 1733 laboribus
1614 1674 2015 1746 contendere,
2059 1682 2126 1735 ut
2153 1673 2235 1733 ad

165 1755 318 1821 istos
362 1754 631 1817 honores
681 1755 1101 1832 pervenirent,
1152 1756 1232 1815 ad
1278 1772 1436 1831 quos
1479 1772 1596 1816 vos
1637 1772 1750 1831 per
1786 1756 1996 1818 ludum
2038 1764 2098 1817 et
2125 1772 2238 1832 per

166 1838 591 1916 negligentiam
635 1838 1022 1914 pervenistis.
1077 1840 1246 1899 Haec
1286 1840 1502 1899 eadem
1541 1847 1638 1901 est
1686 1848 1933 1900 nostrae
1981 1838 2234 1900 rationis

166 1922 333 1999 regio
386 1931 447 1983 et
494 1920 625 1983 via=
671 1923 887 1984 horum
937 1940 1053 1984 nos
1106 1922 1418 1983 hominum
1461 1931 1691 1983 sectam
1733 1930 1920 1997 atque
1965 1921 2237 1984 instituta

164 2005 610 2083 persequimur.
672 2006 875 2065 LXXI.
938 2004 1238 2067 Videmus
1271 2013 1497 2081 quanta
1531 2004 1610 2067 sit
1637 2004 1700 2066 in
1723 2004 1953 2066 invidia
1977 2013 2233 2082 quanto-

164 2087 375 2166 quein
410 2086 553 2149 odio
590 2088 755 2163 apud
786 2090 1087 2164 quosdam
1129 2086 1368 2150 nobiles
1399 2087 1680 2150 homines
1709 2104 2008 2150 novorum
2043 2090 2234 2153 homi·

162 2188 307 2233 num
359 2169 552 2231 virtus
606 2178 666 2231 et
717 2168 1040 2243 industria,
1094 2171 1146 2233 si
1197 2174 1492 2233 tantulum
1544 2174 1759 2234 oeulos
1811 2171 2234 2245 deiecerimuS,

163 2263 409 2333 praesto
466 2269 610 2315 esse
655 2252 941 2314 insidias:
1000 2254 1053 2314 si
1100 2256 1287 2315 ullum
1331 2255 1535 2315 locum
1566 2255 1988 2331 aperuerimus
2030 2254 2234 2331 suspi-

164 2338 327 2401 cioni
354 2346 459 2400 aut
488 2335 753 2410 crimini,
801 2335 1226 2412 accipiendum
1264 2339 1462 2399 statim
1503 2339 1729 2399 vulnus
1776 2355 1951 2400 essee
1987 2354 2235 2414 semper

163 2421 343 2483 nobis
383 2418 789 2497 vigilandum,
835 2436 1081 2495 semper
1108 2422 1507 2483 laborandum
1551 2420 1848 2483 videmus.
1912 2420 2052 2483 182.
2116 2421 2234 2481 Ini-

164 2503 429 2565 micitiae
458 2514 628 2565 sunta
675 2504 1023 2566 subeantur.
1087 2504 1317 2566 Labore
1361 2503 1750 2581 suscipiatur.
1809 2502 2044 2566 Etenim
2085 2503 2232 2563 taci-

162 2596 263 2649 tae
296 2585 491 2662 magis
525 2594 585 2647 et
617 2588 892 2647 occultae
937 2585 1286 2649 inimicitiae
1331 2586 1636 2649 timendae
1671 2596 1814 2650 sunt
1855 2604 2034 2663 quam
2075 2584 2234 2646 indi·

164 2680 300 2732 ctae
329 2679 515 2745 atque
548 2679 817 2745 apertae.
879 2669 1205 2732 Hominum
1245 2670 1537 2732 nobilium
1581 2687 1706 2731 non
1739 2674 1868 2733 fere
1908 2668 2234 2745 quisquam

162 2762 411 2815 nostrae
434 2751 771 2814 industriae
801 2753 993 2814 favet=
1029 2753 1211 2815 nullis
1237 2754 1464 2816 nostris
1494 2753 1716 2816 officiis
1742 2752 2236 2815 benevolentiam

161 2836 404 2899 illorum
437 2836 703 2897 adlicere
732 2853 1097 2912 possumus:
1145 2836 1326 2913 quasi
1357 2846 1572 2899 natura
1601 2846 1662 2899 et
1690 2854 1918 2914 genere
1948 2836 2238 2899 disiuncti

165 2918 316 2991 sint,
350 2922 431 2981 ita
462 2918 763 2981 dissident
786 2936 822 2980 a
849 2920 1029 2982 nobis
1059 2920 1262 2983 animo
1304 2937 1377 2981 ac
1411 2924 1740 2985 voluntate.
1807 2921 1935 2996 Qua
1976 2936 2043 2981 re
2087 2920 2234 2996 quid

162 3004 389 3064 habent
416 3018 627 3065 eorum
668 3001 1016 3064 inimicitiae
1050 3003 1334 3079 periculi,
1378 3022 1636 3081 quorum
1667 3003 1904 3065 animos
1947 3004 2068 3065 iam
2096 3014 2239 3064 ante

160 3086 451 3149 habueris
486 3084 764 3147 inimicos
810 3094 871 3147 et
917 3085 1193 3162 invidos»,
1241 3103 1422 3163 quam
1453 3088 1608 3149 ullas
1635 3086 1979 3148 inimicitias
2025 3102 2236 3149 susce-

161 3168 376 3246 peris?
443 3168 584 3232 183.
651 3168 841 3243 Quam
870 3169 949 3229 ob
976 3184 1104 3230 rem
1140 3168 1314 3242 mihi,
1353 3170 1608 3244 iudices,
1640 3180 1913 3247 optatum
1941 3169 2096 3231 illud
2122 3179 2238 3243 est,

162 3253 222 3313 in
252 3254 373 3318 hoc
399 3270 507 3315 reo
542 3252 725 3313 finem
756 3252 1091 3313 accusandi
1120 3254 1354 3327 facere,
1390 3270 1574 3328 quum
1605 3262 1666 3315 et
1695 3255 1928 3329 populo
1957 3254 2237 3315 Romano

164 3333 312 3397 satis
347 3337 570 3398 factum
606 3343 668 3397 et
694 3343 1006 3411 receptum
1048 3334 1315 3397 officium
1346 3335 1602 3411 Siculis,
1645 3336 2016 3399 necessariis
2063 3336 2237 3408 meis,

162 3417 277 3480 erit
318 3421 713 3495 persolutum.
777 3417 1185 3481 Deliberatum
1227 3427 1428 3481 autem
1480 3427 1606 3493 est,
1638 3418 1694 3481 si
1733 3437 1837 3481 res
1883 3419 2236 3495 opinionem
