2459 3817
829 159 1000 220 cAP.
1031 170 1082 219 1.
1115 189 1200 204 -
1226 166 1282 220 4.
1312 163 1345 224 S
1394 163 1593 220 3-9,
2128 161 2245 227 101

187 307 596 373 aecusatienIs
630 309 1050 373 condicionem
1081 325 1309 386 sequar
1327 354 1344 385 ,
1388 317 1495 373 aut
1542 306 1772 386 optime
1816 307 1895 370 de
1923 324 2029 370 me
2054 307 2248 372 meriti

183 396 354 455 salas
387 395 731 456 deserenda
757 403 874 458 est.

259 494 264 500 ·
307 479 410 538 ΙΙΙ.
442 478 570 540 Sed
595 493 734 553 ego,
759 477 1142 555 intereuntis,
1169 495 1421 542 eaeemn
1452 493 1553 540 nte
1584 486 1647 541 et
1672 476 2071 555 praeeipitem
2106 477 2247 538 ferri

183 562 480 622 confitear
503 561 566 622 in
592 577 814 634 eausa,
851 563 908 623 si
945 571 1010 624 te
1043 573 1156 624 ant
1179 580 1219 624 a
1244 563 1491 625 Plancio
1526 570 1637 624 aut
1672 563 1755 622 ab
1794 562 1917 622 ullo
1958 561 2250 637 dignitate

182 645 464 719 petuisse
507 645 791 721 superari
831 645 1066 708 dixero.
1151 648 1367 726 ltaque
1408 647 1723 708 discedam
1762 645 1840 705 ab
1881 662 1957 707 ea
2000 651 2248 706 eonten-

181 727 366 802 tione,
389 729 475 790 ad
503 745 692 804 qnam
713 738 780 790 tu
811 746 910 790 me
935 746 1140 804 vocas,
1169 739 1232 792 et
1256 731 1499 790 veniam
1528 729 1609 790 ad
1628 730 1810 801 illam,
1840 728 1919 788 ad
1946 744 2131 804 qnam
2152 743 2251 788 me

181 827 372 873 eausa
397 811 811 887 ipsededneit.
845 811 1096 888 tenid,
1123 823 1271 874 tune
1288 827 1495 874 aerem
1512 809 1823 886 dignitatis
1850 810 2113 873 iudicem
2136 827 2249 886 pu·

179 903 276 957 tas
303 911 450 958 esse
485 899 825 972 poputum
843 896 1135 957 Fortasse
1165 912 1289 956 non
1322 909 1655 972 numquam
1676 901 1788 955 est.
1828 893 2069 954 Utinam
2096 909 2249 954 vero

175 995 425 1054 semper
449 989 648 1042 esset!
677 978 806 1040 Sed
827 987 924 1040 est
949 995 1216 1053 perraro,
1244 985 1307 1040 et
1332 978 1391 1038 si
1412 978 1666 1052 quando
1700 982 1827 1050 est,
1854 975 1917 1036 in
1954 974 2033 1040 iis
2063 975 2249 1050 magi-

179 1062 472 1122 stratibus
497 1071 594 1123 est
619 1061 1015 1133 mandandis,
1053 1061 1283 1136 quihus
1326 1061 1583 1122 salutent
1616 1075 1792 1120 snam
1820 1056 2109 1121 committi
2134 1076 2250 1134 pu·

178 1152 290 1205 tat=
335 1143 432 1203 his
469 1144 806 1204 levioribus
839 1143 1100 1205 comitiis
1139 1142 1449 1220 diligentia
1474 1153 1537 1204 et
1568 1142 1762 1218 gratia
1789 1142 2113 1218 petitarum
2141 1142 2260 1216 hoff

177 1241 296 1286 nes
332 1223 590 1300 paritur,
633 1241 757 1287 nen
795 1225 874 1288 iis
911 1226 1309 1300 ornamentis,
1354 1242 1516 1304 qnae
1556 1241 1701 1287 esse
1744 1225 1807 1286 in
1847 1235 1909 1288 te
1950 1225 2250 1286 videmus.

175 1309 327 1369 Nam
365 1311 535 1384 qnod
573 1310 654 1370 ad
693 1311 990 1386 populum
1030 1309 1321 1386 pertinet,
1364 1325 1615 1386 semper
1652 1308 1963 1387 dignitatis
2000 1307 2250 1384 iniquus

177 1393 362 1454 iudex
395 1401 492 1454 est
531 1393 636 1468 qui
669 1400 777 1456 aut
806 1392 1038 1456 invidet
1061 1403 1170 1456 aut
1197 1394 1393 1456 favet:
1436 1409 1805 1470 quamquam
1865 1391 2013 1454 nihil
2066 1401 2246 1469 potes

175 1477 238 1537 in
265 1485 355 1550 te,
386 1475 769 1553 Laterensis,
797 1478 1170 1540 constituere
1215 1479 1388 1554 qnod
1416 1478 1498 1540 sit
1523 1477 1839 1554 preprium
1872 1476 2075 1539 landis
2105 1487 2247 1539 tuae

175 1558 322 1637 quin
351 1559 416 1620 id
455 1559 568 1622 ribi
604 1562 692 1624 sit
734 1577 1058 1624 commune
1096 1577 1239 1623 eum
1276 1561 1545 1624 Plancio.
1628 1560 1690 1624 8.
1734 1561 1863 1623 Sed
1909 1560 2029 1622 hoe
2056 1569 2251 1622 totum

176 1651 392 1718 agetur
417 1644 544 1704 alio
579 1647 751 1706 loeoz
779 1661 946 1707 nune
976 1653 1206 1708 tantum
1233 1641 1495 1721 dispute'
1516 1646 1598 1705 de
1628 1644 1759 1706 iure
1789 1643 2022 1719 populi,
2056 1647 2161 1719 qui
2190 1653 2253 1706 et

176 1733 386 1800 potest
407 1733 472 1786 et
503 1729 662 1788 solet
689 1744 813 1789 non
841 1745 1174 1803 nunqnam
1203 1726 1427 1802 dignos
1458 1726 1823 1802 praeterire,
1854 1742 1971 1786 nee
1992 1725 2114 1786 sia
2138 1741 2250 1800 po·

175 1805 330 1881 pulo
372 1805 738 1880 praeteritus
775 1814 880 1869 est
920 1823 1104 1882 quem
1155 1823 1285 1869 nen
1328 1807 1629 1885 oportuit,
1680 1824 1734 1867 a.
1768 1806 2074 1868 iudicibus
2114 1822 2257 1868 eon-

175 1887 562 1950 demnandus
603 1895 700 1950 est
737 1889 846 1964 qui
883 1891 1255 1964 praeteritus
1298 1907 1425 1952 non
1468 1897 1584 1952 est.
1670 1891 1821 1950 Nam
1850 1888 1908 1950 si
1946 1888 2033 1950 ita
2070 1898 2257 1961 esset,

177 1972 348 2046 quod
393 1979 604 2046 pau-es
649 1975 826 2048 apud
865 1972 1138 2035 maiores
1183 1981 1438 2034 nostros
1477 1980 1691 2034 tenere
1728 1987 1855 2034 non
1900 1979 2255 2048 potuerunt,

173 2062 246 2116 ut
281 2053 770 2130 reprehensores
813 2063 1028 2117 essent
1066 2055 1482 2127 comitiorum,
1542 2056 1609 2118 id
1658 2055 1959 2117 haberent
1992 2055 2253 2130 iudices,

177 2140 279 2198 vel
321 2138 493 2212 qnod
519 2139 710 2200 multe
741 2138 926 2200 etiam
953 2140 1156 2202 minus
1183 2148 1360 2204 esset
1389 2141 1739 2202 serendum:
1778 2148 1908 2200 tum
1938 2138 2098 2200 enim
2128 2153 2252 2199 ma-

175 2219 498 2294 gistratum
545 2237 670 2282 non
712 2223 970 2299 gerebat
1010 2222 1096 2296 is,
1137 2224 1248 2300 qni
1297 2237 1575 2302 ceperat,
1615 2223 1671 2285 si
1712 2229 1925 2298 pan-es
1962 2229 2254 2283 auctores

173 2318 300 2363 non
343 2311 522 2366 erant
557 2305 732 2366 faeti:
781 2320 947 2366 nune
989 2311 1343 2382 postulatur
1389 2324 1426 2369 a
1468 2306 1677 2376 vobis,
1726 2313 1797 2368 ut
1834 2305 1971 2366 eius
2008 2304 2253 2374 exsilio,

178 2385 284 2459 qni
325 2393 574 2449 creatus
611 2387 720 2461 sit,
751 2387 1044 2451 iudicium
1063 2391 1284 2468 populi
1313 2390 1573 2454 Romani
1594 2387 2083 2466 reprehendatis.
2138 2389 2253 2448 lta·

174 2483 299 2542 que
337 2469 488 2542 iam,
537 2473 832 2546 qnoniam
880 2489 1005 2548 qna
1035 2473 1206 2536 nolui
1238 2475 1425 2536 ianua
1462 2489 1600 2536 snm
1638 2473 1962 2548 ingressus
2000 2471 2063 2532 in
2106 2487 2253 2532 eau-

171 2567 337 2624 sam,
365 2568 620 2629 sperare
643 2553 860 2618 ¹ridem-
891 2562 1123 2618 tantum
1163 2555 1463 2616 afumram
1492 2568 1637 2616 esse
1682 2551 2021 2614 orationem
2054 2566 2253 2612 meam

168 2650 210 2695 a
231 2633 476 2700 minima
501 2636 848 2715 suspitione
889 2636 1255 2702 offensionis
1283 2646 1457 2710 tuae,
1494 2645 1557 2698 te
1584 2643 1653 2696 ιιι
1681 2635 1888 2711 ponus
1917 2633 2255 2710 obiurgem,

172 2719 342 2792 qnod
371 2717 646 2796 iniquum
674 2721 738 2784 in
765 2721 1095 2784 discrimen
1121 2721 1405 2782 addneas
1454 2718 1808 2794 dignitatem
1832 2726 1997 2780 tuam
2014 2763 2032 2790 ‚
2070 2733 2255 2792 quam

169 2808 239 2862 ut
261 2816 384 2875 ego
405 2817 542 2863 eam
571 2805 696 2864 ulia
723 2804 1094 2867 contumelia
1133 2819 1325 2864 eoner
1350 2801 1668 2877 attingere.
1756 2801 1862 2860 lv.
1893 2800 1955 2862 9.
1984 2801 2077 2863 Τιι
2106 2817 2253 2863 eon·

169 2881 508 2958 fluentiam,
540 2893 608 2948 tn
633 2884 992 2949 industriam
1008 2932 1027 2963 ,
1056 2896 1124 2948 ιιι
1149 2886 1417 2948 animum
1441 2886 1503 2945 in
1530 2900 1661 2946 rem
1686 2882 2011 2960 publicam,
2035 2892 2103 2946 ιιι
2131 2884 2254 2945 vir-

165 2973 377 3040 tutem,
404 2975 471 3030 ιιι
491 2967 922 3041 innocentiam,
951 2977 1018 3032 tu
1045 2970 1253 3044 fldem,
1282 2978 1349 3030 tu
1370 2969 1621 3030 labores
1644 2976 1805 3043 tues,
1836 2968 2007 3045 qnod
2034 2966 2252 3029 aedilis

165 3065 290 3112 non
313 3051 406 3112 sis
433 3053 663 3128 faetus,
689 3053 922 3115 (raetos
963 3069 1112 3115 esse
1149 3061 1214 3114 οι
1237 3050 1517 3114 abiectos
1544 3059 1609 3115 οι
1630 3050 1995 3128 repudiatos
2025 3059 2207 3126 putas
2222 3056 2254 3109 t

165 3130 330 3194 Vide
353 3137 630 3209 tandem,
660 3134 1036 3208 Laterensis,
1067 3144 1361 3212 qnantum
1390 3151 1508 3211 ego
1536 3151 1579 3196 a
1604 3142 1667 3198 te
1694 3132 2073 3196 dissentiam.
2162 3131 2253 3206 Si,

165 3215 408 3278 medius
433 3218 628 3291 fliius,
659 3220 872 3280 decem
905 3218 1026 3284 seli
1051 3226 1266 3281 essent
1290 3218 1353 3280 in
1386 3217 1630 3281 civitate
1662 3216 1775 3278 viri
1801 3217 1983 3290 boni,
2006 3211 2252 3290 sapien-

165 3306 262 3358 tes
285 3342 303 3372 ,
327 3298 472 3362 iusti
487 3347 506 3375 ,
537 3317 793 3378 suaves,
848 3301 952 3378 qni
993 3310 1056 3364 te
1081 3301 1398 3379 indignam
1436 3301 1747 3364 aedilitate
1786 3297 2252 3374 iudicavissent,

163 3380 414 3454 gravius
442 3384 522 3447 de
544 3393 607 3447 te
631 3385 962 3450 indieatum
988 3393 1287 3464 putarem,
1318 3401 1501 3464 qnam
1528 3393 1628 3449 est
1651 3384 1793 3456 hoc,
1824 3383 1995 3460 qued
2024 3389 2095 3446 tn
2122 3395 2251 3444 ms-
