2459 3817
855 146 1024 208 CAP.
1053 152 1222 208 4—0.
1260 153 1310 214 S.
1342 152 1549 208 9—14.
2090 141 2214 208 233
2294 205 2299 210 ,

161 316 292 385 tus,
326 319 450 373 tum
484 310 586 372 ille
618 309 822 373 subito
853 313 1091 372 scelere
1125 313 1385 373 demens
1416 319 1643 388 quanta
1678 307 2095 373 conscientiae
2126 309 2225 371 vis

165 403 335 456 esset
366 395 654 456 ostendit.
712 396 862 455 Nam
895 412 1083 470 quum
1115 394 1176 455 id
1208 405 1429 470 posset
1455 396 1717 466 infitiari,
1756 403 2013 471 repente
2044 412 2221 470 prae-

163 485 256 538 ter
285 479 637 553 opinionem
680 479 948 539 omnium
983 481 1313 540 confessus
1356 487 1470 540 est.
1544 481 1635 539 lta
1676 496 1814 540 eum
1864 495 1988 539 non
2032 481 2219 538 modo

163 559 472 636 ingenium
503 560 651 622 illud
681 569 744 621 et
771 561 1014 622 dicendi
1044 561 1419 634 exercitatio,
1454 579 1575 638 qua
1599 579 1843 638 semper
1863 563 2075 633 valuit,
2108 562 2222 621 sed

165 644 344 704 etiam
389 651 648 720 propter
689 644 810 704 vim
853 644 1158 706 manifesti
1207 652 1271 705 et
1313 647 1686 721 deprehensi
1728 647 1982 706 sceleris
2025 645 2217 720 impu«

165 726 401 799 dentia,
451 745 575 802 qua
621 730 958 804 superabat
994 745 1237 802 omneS,
1286 729 1775 804 improbitasque
1810 729 2052 789 defecit.
2122 727 2220 786 12.

165 812 522 872 Volturcius
569 827 716 871 vero
753 811 958 872 subito
1001 811 1232 872 litteras
1273 812 1538 886 proferri
1578 819 1765 886 atque
1800 812 2022 886 aperiri
2052 811 2222 871 iubet

169 911 322 968 quas
355 893 472 956 sibi
501 911 540 954 a
566 896 826 957 Lentulo
857 896 937 954 ad
969 895 1284 955 Catilinam
1314 895 1493 954 datas
1524 910 1667 954 esse
1690 893 1952 954 dicebat.
2014 896 2226 967 Atque

165 975 248 1035 ibi
287 977 830 1038 vehementissime
869 979 1263 1054 perturbatus
1308 979 1601 1038 Lentulus
1642 984 1843 1036 tamen
1883 984 1944 1036 et
1986 976 2224 1050 signum

169 1069 230 1119 et
239 1075 486 1120 manum
499 1077 674 1120 suam
689 1060 1002 1136 cognovit.
1047 1062 1237 1120 Erant
1250 1066 1451 1119 autem
1475 1059 1785 1134 [scriptae]
1806 1058 1941 1119 sine
1962 1059 2225 1128 nomine,

169 1143 283 1202 sed
311 1142 428 1202 ita:
478 1143 620 1213 Quis
643 1145 753 1202 sim
781 1146 930 1203 scies
964 1159 1045 1216 ex
1072 1159 1166 1214 eo,
1211 1159 1381 1217 quem
1415 1145 1503 1202 ad
1526 1151 1581 1203 te
1607 1146 1753 1203 misi.
1836 1143 1995 1202 Cura
2034 1149 2101 1202 ut
2136 1146 2229 1200 vir

170 1227 280 1296 sis,
322 1233 380 1284 et
407 1227 602 1297 coyita
633 1239 804 1299 quem
833 1227 896 1284 in
923 1228 1117 1286 locum
1153 1229 1235 1284 sis
1259 1241 1611 1300 proqressus
1624 1271 1640 1300 ,
1680 1234 1738 1286 et
1767 1227 1901 1286 vide
1933 1227 2081 1301 quid
2108 1228 2229 1284 iam

169 1309 278 1368 tibi
297 1309 376 1366 sit
399 1323 650 1376 necesse,
681 1315 742 1366 et
756 1323 910 1368 cura
935 1314 1004 1368 ut
1019 1311 1276 1368 omnium
1304 1310 1411 1368 tihi
1437 1312 1673 1370 auxilia
1692 1310 2019 1382 adiungas,
2055 1311 2229 1368 etiam

163 1393 519 1464 infimorum.
601 1388 892 1450 Gabinius
915 1390 1140 1450 deinde
1164 1388 1569 1463 introductus,
1604 1409 1788 1467 quum
1814 1391 2007 1468 primo
2034 1391 2227 1468 impu-

168 1475 388 1532 denter
414 1473 800 1548 respondere
823 1475 1156 1550 coepisset,
1187 1475 1267 1533 ad
1300 1482 1637 1535 extremum
1663 1475 1807 1537 nihil
1840 1492 1917 1536 ex
1944 1475 2035 1547 iis,
2070 1491 2229 1550 quae

172 1555 324 1615 Galli
357 1556 804 1628 insimulabant,
835 1557 1101 1632 negavit.
1196 1556 1291 1617 13.
1336 1560 1431 1619 Ac
1462 1559 1607 1619 mihi
1642 1559 1907 1634 quidem,
1944 1559 2224 1634 QuiriteS,

174 1655 358 1712 quum
388 1639 492 1699 illa
521 1640 864 1701 certissima
892 1641 1032 1700 visa
1058 1647 1202 1701 sunt
1233 1651 1591 1715 argumenta
1624 1651 1809 1715 atque
1843 1641 2069 1701 indicia
2095 1657 2229 1700 sce·

169 1721 330 1794 leris,
362 1723 656 1794 tabellae,
697 1723 900 1798 signa,
947 1739 1197 1800 manus,
1231 1724 1499 1797 denique
1530 1724 1711 1783 unius
1752 1723 2055 1796 cuiusque
2086 1739 2229 1782 con-

170 1804 362 1865 fessio
385 1811 510 1865 tum
535 1809 724 1866 multo
743 1805 1005 1866 certiora
1025 1805 1144 1877 illa,
1167 1807 1361 1876 color,
1376 1806 1558 1876 oculi,
1583 1807 1809 1874 vultuS‚
1828 1805 2229 1865 taciturnitas.

172 1886 274 1948 Sic
315 1886 476 1947 enim
521 1888 976 1963 obstipuerant,
1027 1887 1118 1948 sic
1154 1894 1379 1947 terram
1425 1887 1844 1957 intuebantur,
1894 1887 1987 1948 sic
2029 1888 2231 1948 furtim

99 1983 106 1987 ’
171 1985 296 2030 non
328 1985 662 2045 numquam
693 1971 853 2030 inter
879 1985 952 2030 se
991 1969 1402 2044 aspiciebant,
1444 1977 1666 2031 utnon
1707 1969 1827 2030 iam
1868 1970 1944 2029 ab
1976 1970 2111 2032 aliis
2146 1971 2231 2031 in-

173 2052 392 2124 dicari,
424 2053 538 2112 sed
565 2052 838 2112 indicare
867 2069 938 2113 se
968 2052 1090 2128 ipsi
1120 2051 1496 2114 viderentur.

339 2135 442 2196 v1.
491 2135 736 2196 Iudiciis
781 2137 1081 2212 expositis
1125 2142 1313 2210 atque
1356 2137 1567 2210 editiS,
1616 2135 1908 2212 QuiriteS,
1950 2147 2231 2200 senatum

175 2217 454 2280 consului
478 2221 557 2279 de
575 2235 812 2280 summa
831 2236 900 2280 re
921 2219 1167 2296 publica
1190 2216 1337 2294 quid
1362 2219 1496 2280 fieri
1519 2223 1808 2296 placeret.
1856 2221 2067 2283 Dictae
2090 2232 2234 2283 sunt

175 2319 212 2362 a
235 2302 610 2378 principibus
633 2304 970 2364 acerrimae
993 2319 1068 2364 ac
1091 2301 1465 2364 fortissimae
1481 2305 1842 2375 sententiae,
1870 2322 2026 2379 quas
2053 2322 2232 2365 sena-

175 2393 278 2446 tus
301 2385 434 2445 sine
463 2389 586 2446 ulla
606 2386 906 2448 varietate
939 2394 1034 2446 est
1069 2392 1341 2453 secutus.
1408 2388 1487 2448 Et
1516 2387 1805 2463 quoniam
1830 2390 2102 2449 nondum
2138 2395 2235 2449 est

175 2468 583 2544 perscriptum
608 2477 863 2531 senatus
897 2472 1263 2543 consultum,
1296 2485 1375 2530 ex
1399 2471 1693 2532 memoria
1717 2470 1916 2542 vobiS‚
1950 2472 2232 2547 QuiriteS‚

178 2551 326 2626 quid
355 2559 610 2613 senatus
643 2554 954 2614 censuerit
987 2568 1316 2630 exponam.
1396 2554 1492 2615 14.
1534 2555 1797 2615 Primum
1828 2555 1971 2614 mihi
2000 2555 2236 2632 gratiae

175 2635 380 2696 verbis
413 2633 806 2711 amplissimis
849 2645 1140 2714 aguntur,
1187 2637 1359 2712 quod
1398 2637 1652 2711 virtute,
1699 2637 1989 2710 consiliO,
2032 2638 2235 2714 provi·

176 2719 380 2779 dentia
403 2734 540 2778 mea
566 2735 670 2780 res
691 2722 936 2797 publica
960 2719 1241 2781 maximis
1263 2719 1553 2794 periculis
1580 2720 1657 2780 sit
1684 2719 1967 2780 liberata:
2011 2721 2236 2782 deinde

176 2803 241 2862 L.
257 2803 514 2862 Flaccus
543 2809 604 2862 et
626 2804 686 2863 C.
703 2804 1064 2880 Pomptinus
1080 2811 1421 2878 praetoreS,
1450 2805 1619 2877 quod
1642 2819 1853 2863 eorum
1874 2819 2065 2879 opera
2093 2803 2235 2865 forti

177 2883 468 2959 fidelique
494 2902 646 2946 usus
673 2903 896 2960 essem,
947 2886 1164 2946 merito
1194 2901 1269 2947 ac
1294 2888 1425 2945 iure
1452 2888 1794 2956 laudantur,
1830 2894 2015 2962 atque
2054 2888 2235 2948 etiam

177 2967 314 3028 viro
338 2967 496 3038 forti,
523 2971 798 3044 collegae
820 2984 979 3041 meo,
1011 2971 1146 3029 laus
1171 2968 1532 3045 impertitur,
1566 2969 1735 3043 quod
1764 2985 1895 3041 eoS‚
1922 2971 2025 3046 qui
2048 2971 2232 3032 huius

180 3051 622 3112 coniurationis
652 3053 986 3130 participes
1011 3051 1287 3122 ruissent,
1314 3069 1351 3111 a
1374 3051 1505 3111 suis
1530 3060 1590 3112 et
1614 3067 1649 3111 a
1672 3051 1762 3112 rei
1786 3055 2070 3128 publicae
2091 3070 2235 3112 con·

178 3132 329 3195 siliis
351 3135 740 3196 removisset.
787 3137 993 3212 Atque
1017 3134 1100 3195 ita
1121 3142 1513 3208 censu-erunt,
1539 3145 1608 3196 ut
1629 3137 1690 3196 P.
1709 3137 2021 3208 Lem-uim,
2048 3151 2234 3210 quum

179 3231 252 3277 se
280 3225 570 3294 praetura
591 3219 960 3290 abdicasset,
994 3218 1053 3278 in
1081 3220 1425 3280 custodiam
1448 3221 1824 3280 traderetur:
1856 3219 2126 3293 itemque
2148 3217 2236 3278 uti

181 3301 244 3360 G.
269 3301 594 3376 cethegus,
627 3305 693 3363 L.
727 3302 1024 3374 StatiliuS,
1055 3301 1119 3359 P.
1147 3302 1461 3374 Gabiniu8‚
1496 3304 1603 3380 qui
1634 3317 1847 3363 omnes
1875 3307 2235 3377 praesentes

177 3391 372 3456 erant,
399 3385 478 3444 'in
513 3385 855 3446 custodiam
888 3387 1305 3446 traderentur:
1348 3393 1536 3460 atque
1573 3387 1733 3446 idem
1765 3383 1885 3442 hoc
1922 3385 2235 3444 decretum
