2459 3817
724 85 886 143 CAP.
925 92 1078 147 16-
1102 92 1183 145 18.
1228 90 1280 151 s.
1312 92 1571 145 so—ss.
2116 74 2203 145 67

159 252 342 311 quum
369 233 652 295 omnibus
682 234 902 295 Siculis
934 235 1160 295 faceret
1187 233 1467 306 iniuriaS,
1502 242 1559 294 te
1587 231 1672 293 illi
1700 249 1885 293 unum
1914 232 2203 295 eximium

158 318 252 378 eui
284 319 632 379 consuleret
657 318 868 377 fuisse.
912 316 1011 378 53.
1058 317 1182 377 Sed
1205 320 1427 377 caeteri
1453 316 1639 378 Siculi
1668 317 1925 377 ultorem
1954 332 2203 377 suarum

155 400 504 460 iniuriarum
525 398 912 459 invenerunt=
940 409 1036 473 tu,
1071 401 1213 460 dum
1242 408 1379 460 tuas
1406 398 1657 459 iniurias
1678 416 1798 475 per
1826 406 1911 473 te,
1941 399 2003 459 id
2034 400 2203 474 quod

152 498 275 542 non
307 490 512 557 potes,
550 482 840 557 persequi
869 481 1142 556 conariS‚
1183 481 1248 541 id
1284 482 1418 557 agis
1450 489 1518 542 ut
1545 488 1922 543 caeterorum
1954 496 2205 555 quoque

153 564 408 625 iniuriae
457 564 579 625 sint
618 564 950 639 impunitae
989 573 1173 639 atque
1213 564 1473 625 inultaez
1521 572 1583 624 et
1626 564 1746 624 hoc
1784 572 1847 625 te
1892 563 2199 640 praeterit,

151 664 276 706 non
304 648 368 706 id
395 649 592 707 solum
621 646 885 722 spectari
921 649 1120 707 solere
1151 646 1255 723 qui
1286 648 1535 719 debeat,
1570 647 1683 706 sed
1710 644 1887 706 etiam
1923 647 2072 707 illud
2098 644 2203 721 qui

151 729 353 806 possit
383 728 626 789 ulcisci:
669 730 730 790 in
778 746 900 805 quo
929 738 1254 804 utrumque
1285 728 1390 801 sit,
1436 744 1575 807 eum
1617 729 1994 803 superiorem
2038 744 2202 801 esse,

149 813 212 872 in
243 828 366 887 quo
394 814 772 885 alterutrum,
815 812 876 872 in
916 828 990 872 eo
1033 829 1156 873 non
1198 812 1347 888 quid
1374 811 1428 871 is
1462 810 1629 883 velit,
1671 811 1779 870 sed
1814 812 1961 885 quid
1998 812 2204 871 facere

147 894 349 970 possit
379 894 588 968 quaeri
619 896 838 955 solere.
894 892 994 955 54.
1037 894 1270 967 Quodsi
1304 894 1362 953 ei
1388 893 1775 971 potissimum
1806 910 2026 953 censes
2062 910 2200 968 per-

147 976 298 1037 mitti
327 985 609 1053 oportere
639 978 968 1037 accusandi
1003 984 1395 1052 potestatem,
1428 976 1527 1037 cui
1548 978 1872 1037 maximam
1899 976 2201 1035 &Verres

147 1058 424 1119 iniuriam
470 1060 708 1131 fecerit,
753 1067 954 1119 utrum
995 1060 1239 1121 tandem
1280 1076 1499 1120 censes
1539 1060 1655 1120 hos
1688 1057 1923 1119 iudices
1955 1057 2201 1132 gravius

148 1143 312 1200 ferre
342 1149 642 1214 oportere,
669 1149 730 1200 te
758 1142 834 1199 ab
867 1141 970 1201 illo
994 1143 1228 1201 laesum
1259 1158 1336 1201 an
1371 1141 1748 1217 provinciam
1765 1139 2030 1201 Siciliam
2060 1156 2203 1201 esse

145 1228 436 1281 vexatam
469 1237 542 1281 ac
576 1222 918 1295 perditam?
967 1221 1232 1297 Opinor,
1267 1225 1574 1283 concedes
1604 1226 1790 1283 multo
1821 1223 1941 1284 hoc
1970 1232 2031 1283 et
2059 1239 2202 1283 esse

143 1302 400 1379 gravius
429 1308 489 1363 et
518 1304 594 1363 ab
623 1304 902 1364 omnibus
931 1303 1072 1364 ferri
1100 1305 1347 1379 gravius
1370 1313 1671 1380 oportere.
1714 1305 1995 1365 Concede
2023 1304 2201 1379 igitur

143 1396 211 1447 ut
252 1384 359 1446 tibi
388 1393 794 1461 anteponatur
819 1386 879 1447 in
912 1387 1261 1449 accusando
1297 1386 1634 1463 provincia.
1702 1388 1853 1448 Nam
1885 1386 2203 1462 provincia

145 1475 431 1541 accusat,
485 1486 671 1543 quum
713 1468 768 1529 is
809 1470 930 1545 agit
961 1484 1240 1545 causam,
1287 1488 1469 1546 quem
1518 1470 1635 1531 sibi
1669 1469 1773 1531 illa
1812 1470 2201 1532 defensorem

147 1550 254 1611 sui·
291 1548 468 1622 iuriS,
519 1553 776 1611 ultorem
833 1551 1213 1627 iniuriarum,
1267 1562 1535 1615 actorem
1578 1569 1808 1614 causae
1856 1553 2042 1613 totius
2093 1552 2199 1611 ad—

145 1631 394 1708 optavit.

311 1714 494 1773 XVII.
536 1712 634 1774 55.
678 1714 761 1775 At
802 1732 934 1775 eam
979 1716 1083 1775 tibi
1125 1718 1186 1775 C.
1235 1719 1465 1775 Verres
1508 1717 1652 1775 fecit
1692 1713 1997 1785 iniuriam,
2042 1730 2200 1787 quae

146 1805 520 1857 caeterorum
553 1813 799 1872 quoque
835 1798 1070 1857 animos
1120 1807 1339 1873 posset
1381 1798 1580 1856 aheno
1617 1796 2001 1855 incommodo
2035 1810 2198 1856 com-

146 1895 411 1939 movere.
445 1878 708 1939 Minime.
764 1880 914 1938 Nam
944 1879 1002 1937 id
1043 1895 1293 1953 quoque
1322 1880 1401 1937 ad
1431 1894 1560 1938 rem
1588 1878 1892 1953 pertinere
1920 1874 2196 1950 arbitror,

150 1962 346 2036 qualis
391 1959 608 2021 iniuria
639 1959 904 2034 dicatur,
949 1976 1108 2036 quae
1151 1976 1339 2020 causa
1367 1960 1806 2023 inimicitiarum
1837 1962 2197 2036 proferatur.

145 2044 510 2117 cognoscite
539 2059 617 2103 ex
651 2058 766 2102 me.
826 2044 976 2103 Nam
1019 2042 1135 2103 iste
1165 2060 1299 2104 eam
1327 2046 1637 2118 profecto,
1680 2044 1797 2103 nisi
1834 2046 2018 2119 plane
2047 2042 2195 2104 nihil

143 2126 335 2201 sapit,
370 2142 697 2201 numquam
727 2127 1011 2200 proferet.
1067 2126 1305 2201 Agonis
1337 2127 1636 2202 quaedam
1670 2136 1764 2188 est
1782 2128 2193 2205 Lilybaetana,

141 2209 358 2267 liberta
407 2207 667 2268 Veneris
706 2206 1036 2285 Erycinae,
1093 2226 1252 2284 quae
1298 2208 1512 2269 mulier
1549 2217 1690 2270 ante
1718 2209 1876 2269 hunc
1908 2217 2193 2284 quaesto-

138 2307 270 2351 rem
304 2290 557 2367 copiosa
583 2291 763 2365 plane
793 2300 852 2351 et
879 2291 1155 2368 locuples
1200 2291 1327 2351 fuit.
1391 2291 1488 2351 Ab
1533 2291 1649 2351 hac
1686 2292 2034 2367 praefectus
2069 2293 2193 2349 An-

138 2370 291 2437 tonii
331 2372 574 2447 quidam
608 2372 1084 2449 symphoniacos
1126 2389 1343 2433 servos
1386 2374 1727 2454 abducebat
1757 2390 1869 2447 per
1895 2372 2192 2447 iniuriam,

141 2459 366 2531 quibus
399 2470 468 2523 se
499 2455 561 2512 in
592 2456 791 2514 classe
818 2452 905 2515 uti
930 2457 1089 2515 velle
1123 2453 1380 2519 dicebat.
1422 2456 1569 2516 Tum
1592 2457 1723 2529 illa,
1752 2466 1819 2517 ut
1847 2472 1981 2517 mos
2011 2452 2071 2514 in
2100 2454 2191 2516 Si·

139 2540 278 2601 cilia
309 2549 405 2601 est
431 2534 697 2601 omnium
726 2536 1133 2597 Veneriorum
1173 2546 1233 2598 et
1261 2553 1501 2613 eorum,
1550 2538 1654 2613 qui
1686 2555 1725 2597 a
1750 2542 1992 2604 Venere
2023 2555 2092 2601 se
2121 2538 2186 2599 li·

134 2623 534 2695 beraverunt‚
575 2633 642 2684 ut
671 2620 982 2699 praesecto
1016 2618 1100 2685 illl
1127 2618 1493 2700 religionem·
1516 2622 1775 2685 Veneris
1808 2625 2051 2684 nomine
2082 2624 2187 2684 ob·

133 2704 378 2776 iiceret,
413 2704 570 2767 dixit
609 2714 669 2766 et
699 2724 768 2767 se
809 2716 868 2767 et
906 2725 1020 2769 sua
1048 2707 1308 2768 Veneris
1338 2724 1497 2768 esse.
1570 2707 1671 2769 56.
1709 2706 1829 2767 Ubi
1855 2708 1973 2767 hoc
2005 2721 2189 2779 quae-

137 2786 289 2847 stori
323 2786 611 2862 Caecilio,
637 2789 769 2849 viro
803 2790 1029 2865 optimo
1060 2798 1120 2850 et
1149 2789 1376 2851 homini
1404 2789 1807 2865 aequissimo,
1862 2790 2199 2853 nuntiatum

136 2877 257 2941 est,
300 2871 510 2929 vocari
540 2872 620 2931 ad
649 2888 718 2932 se
747 2872 1089 2947 Agonidem
1122 2872 1319 2933 iubet:
1370 2872 1657 2934 iudicium
1698 2874 1802 2934 dat
1848 2872 2075 2933 statim:
2118 2871 2187 2932 S1

135 2964 328 3009 mam
353 2964 485 3009 Em
514 2966 583 3012 se
617 2968 691 3011 Εἰ·
719 2970 834 3013 sm
847 2956 1116 3015 Vsusms
1149 2971 1294 3016 ESSE
1322 2971 1576 3014 n1x1ssrc.
1628 2955 1905 3016 Iudicant
1930 2970 2186 3027 reeupe-

135 3042 372 3092 ratores
400 3032 492 3106 id,
527 3037 694 3109 quod
716 3053 975 3097 necesse
1010 3045 1167 3098 erat=
1198 3052 1400 3111 neque
1430 3037 1588 3098 enim
1615 3045 1745 3099 erat
1767 3038 2051 3114 cuiquam
2076 3035 2184 3094 du-

136 3112 300 3174 bium
337 3112 483 3189 quin
513 3114 616 3177 illa
645 3116 918 3180 dixisset.
986 3120 1108 3181 Iste
1136 3118 1200 3180 in
1225 3119 1691 3196 possessionem
1718 3121 2021 3181 bonorum
2058 3132 2185 3175 mu-

136 3193 300 3255 lieris
326 3194 533 3257 intrat=
585 3197 783 3273 ipsam
814 3202 1043 3261 Veneri
1083 3201 1146 3262 in
1187 3201 1538 3263 servitutem
1574 3203 1911 3264 adiudicat=
1963 3197 2186 3259 deinde

135 3275 296 3338 bona
323 3280 562 3340 vendit=
593 3284 913 3355 pecuniam
937 3283 1173 3358 redigit.
1213 3285 1324 3345 llla
1346 3285 1487 3345 dum
1509 3301 1709 3360 pauca
1735 3279 2041 3355 mancipia
2061 3280 2189 3339 Ve-
