2459 3817
224 60 308 125 40
557 64 704 126 rao
736 64 902 125 sEx.
931 62 1208 123 Rosclo
1238 63 1588 125 AMERtNo
1634 62 1937 124 onArio.
2042 29 2045 35 ’

222 225 384 278 tuam
415 216 784 276 voluntatem
812 211 975 273 laedi
999 228 1036 272 a
1065 228 1161 272 me
1195 220 1419 287 putas?
1456 212 1559 274 ubi
1600 212 1718 274 tuis
1751 212 2089 273 commodis
2131 216 2257 275 olli·

221 298 363 359 cio?
392 296 538 373 quid
566 296 671 357 tibi
703 296 925 356 obsto?
963 294 1028 355 Si
1055 293 1388 370 spoliorum
1420 311 1606 356 causa
1633 294 1727 355 vis
1757 293 2061 356 hominem
2102 297 2258 357 occi-

222 382 396 453 dere,
433 378 581 455 quid
609 378 855 454 quaeris
885 376 1190 452 amplius?
1215 377 1268 438 si
1304 377 1762 451 inimicitiarum,
1799 394 1957 452 quae
1988 388 2131 440 sunt
2158 379 2257 440 tibi

220 462 564 524 inimicitiae
585 478 722 523 cum
743 477 838 533 eo,
869 459 1045 522 cuius
1064 470 1203 521 ante
1225 459 1478 535 praedia
1496 458 1833 535 possedisti
1858 476 2041 535 quam
2063 461 2255 535 ipsum

221 544 542 621 cognosti?
601 536 656 598 si
719 552 946 618 metus,
986 544 1066 603 ab
1106 558 1263 604 eone
1298 542 1527 619 aliquid
1572 541 1822 616 metuiS,
1874 558 2057 618 quem
2090 542 2258 605 vides

217 629 418 705 ipsum
464 628 541 688 ab
589 641 661 687 se
699 632 822 693 tam
876 634 1142 688 atrocem
1171 624 1447 687 iniuriam
1487 627 1850 700 propulsare
1878 642 1999 687 non
2032 634 2260 702 posse?

220 710 345 781 sin,
391 710 556 785 quod
584 711 764 784 bona,
800 726 960 785 quae
979 708 1187 770 Roscii
1217 709 1484 782 fuerunt,
1516 719 1619 769 tua
1642 710 1803 769 facta
1832 717 2000 782 sunt,
2031 709 2257 769 idcirco

219 792 379 854 hunc
417 792 579 854 illius
609 792 798 853 fllium
830 792 1042 852 studes
1073 793 1362 867 perdere,
1402 808 1604 852 nonne
1636 790 1911 853 ostendis
1962 792 2023 851 id
2071 799 2129 852 te
2159 808 2255 852 ve-

218 874 366 947 reri,
426 876 594 951 quod
648 883 888 951 praeter
935 882 1212 935 caeteros
1268 883 1330 935 tu
1378 881 1645 936 metuere
1697 890 1821 934 non
1871 874 2130 948 debeaS,
2184 891 2258 933 ne

221 957 467 1032 quando
497 956 705 1018 liberis
737 956 1222 1033 proscriptorum
1261 956 1425 1017 bona
1466 957 1658 1032 patria
1698 957 2070 1017 reddantur?
2121 954 2258 1018 146.

217 1039 393 1101 Facis
434 1038 710 1100 iniuriam·
728 1087 745 1115 ,
797 1040 1226 1117 chrysogone,
1276 1038 1332 1098 si
1384 1039 1673 1100 maiorem
1726 1054 1898 1115 spem
1940 1038 2257 1114 emptionis

218 1131 356 1184 tuae
385 1122 445 1183 in
475 1123 654 1184 huius
689 1121 873 1183 exitio
908 1121 1092 1197 ponis
1133 1138 1313 1197 quam
1342 1122 1403 1180 in
1450 1120 1534 1182 iis
1561 1122 1777 1194 rebus,
1813 1137 1967 1195 quas
1998 1122 2066 1180 L.
2098 1120 2260 1181 Sulla

217 1205 426 1279 gessit.
493 1205 723 1280 Quodsi
749 1203 856 1264 tibi
892 1221 1080 1265 causa
1110 1206 1275 1265 nulla
1304 1212 1397 1263 est
1436 1220 1544 1265 cur
1582 1204 1741 1263 hunc
1782 1203 2069 1277 miserum
2098 1211 2256 1264 tanta

219 1288 553 1348 calamitate
581 1286 762 1348 adfici
791 1287 975 1362 veliS,
1005 1287 1057 1347 si
1090 1287 1194 1348 tibi
1224 1286 1427 1348 omnia
1448 1290 1563 1347 'sua
1591 1295 1830 1361 praeter
1856 1286 2115 1347 animam
2144 1295 2257 1346 tra-

219 1369 369 1430 didit
407 1386 523 1430 nec
563 1370 678 1431 sibi
722 1369 1054 1445 quidquam
1107 1377 1427 1444 paternum
1475 1386 1552 1429 ne
1602 1370 1972 1430 monumenti
2018 1368 2261 1443 quidem

218 1454 622 1525 causatclam]
635 1455 993 1525 reservavit,
1010 1469 1124 1529 per
1140 1452 1294 1513 deos
1331 1452 1729 1525 immortaleS,
1771 1468 1929 1527 quae
1957 1453 2073 1512 ista
2098 1459 2261 1512 tanta

217 1531 543 1593 crudelitas
573 1540 710 1593 est?
737 1548 894 1607 quae
923 1541 1044 1593 tam
1071 1534 1200 1594 fera
1224 1534 1624 1609 immanisque
1654 1542 1909 1597 natura?
1961 1533 2105 1608 Quis
2133 1551 2260 1594 um-

221 1632 404 1689 quam
424 1616 657 1691 praedo
689 1614 799 1676 suit
825 1624 946 1677 tam
975 1616 1261 1689 nefarius,
1297 1618 1433 1691 quis
1464 1616 1658 1691 pirata
1684 1626 1805 1679 tam
1834 1617 2146 1689 barbaruS,
2176 1625 2260 1689 ut,

221 1714 406 1773 quum
436 1698 732 1773 integram
762 1698 1050 1774 praedam
1083 1698 1216 1759 sine
1246 1700 1547 1775 sanguine
1572 1700 1799 1761 habere
1834 1708 2078 1775 posset,
2127 1716 2258 1759 cru-

218 1788 354 1842 enta
386 1780 585 1856 spolia
614 1783 934 1842 detrahere
962 1783 1207 1842 mallet?
1270 1781 1411 1845 147.
1474 1782 1609 1843 Scis
1651 1783 1814 1843 hunc
1842 1782 1988 1842 nihil
2016 1782 2261 1855 habere,

218 1863 362 1924 nihil
404 1866 656 1935 audere,
703 1864 847 1925 nihil
890 1881 1108 1940 posse,
1157 1864 1306 1926 nihil
1351 1881 1638 1940 umquam
1678 1873 1891 1926 contra
1930 1881 2061 1925 rem
2101 1871 2259 1924 tuam

220 1946 553 2019 cogitasse,
593 1956 654 2007 et
691 1955 888 2007 tamen
931 1964 1255 2024 oppugnas
1294 1966 1463 2021 eum,
1515 1964 1697 2022 quem
1738 1963 1939 2022 neque
1994 1955 2261 2008 metuere

222 2035 399 2102 potes
427 2044 628 2101 neque
659 2028 868 2089 odisse
898 2031 1088 2091 debes
1117 2047 1232 2093 nec
1264 2030 1595 2109 quidquam
1629 2031 1748 2089 iam
1778 2028 2009 2087 habere
2043 2026 2263 2102 reliqui

219 2108 391 2169 vides
435 2111 601 2184 quod
647 2109 702 2170 ei
750 2111 1065 2172 detrahere
1105 2111 1346 2186 possis=
1387 2110 1506 2171 nisi
1548 2111 1666 2172 hoc
1707 2111 2019 2186 indignum
2060 2119 2259 2186 putas,

219 2192 385 2268 quod
417 2192 697 2253 vestitum
727 2195 947 2253 sedere
972 2192 1032 2251 in
1061 2192 1287 2254 iudicio
1315 2194 1507 2264 videS,
1543 2210 1722 2267 quem
1750 2204 1814 2256 tu
1844 2210 1879 2254 e
1900 2192 2260 2270 patrimonio

221 2282 524 2349 tamquam
557 2292 593 2337 e
623 2274 938 2350 naufragio
968 2276 1192 2335 nudum
1223 2274 1529 2350 expulisti.
1605 2275 1790 2349 Quasi
1831 2293 1976 2338 vero
2019 2275 2262 2337 nescias

218 2358 378 2416 hunc
396 2365 458 2417 et
477 2356 558 2417 ali
577 2366 638 2419 et
657 2356 865 2418 vestiri
887 2373 925 2416 a
945 2357 1201 2417 Caecilia
1228 2356 1531 2433 [Baliarici
1562 2352 1703 2431 filia,
1727 2358 1981 2434 Nepotis
2004 2358 2261 2435 sorore,]

219 2440 668 2512 spectatissima
710 2439 961 2512 femina,
999 2456 1154 2514 quae
1189 2457 1375 2515 quum
1414 2448 1645 2515 patrem
1675 2440 2093 2512 clarissimum,
2138 2456 2261 2499 am-

215 2520 528 2595 plissimos
575 2530 856 2598 patruos,
906 2520 1354 2605 ornatissimum
1413 2523 1655 2584 fratrem
1707 2523 1988 2598 haberet,
2028 2531 2260 2596 tamen,

217 2619 405 2678 quum
436 2614 605 2665 esset
639 2604 879 2679 mulier,
909 2606 1124 2665 virtute
1155 2605 1439 2679 perfecit,
1471 2613 1539 2666 ut
1578 2615 1807 2681 quanto
1849 2606 2082 2667 honore
2123 2604 2263 2679 ipsa

217 2702 296 2745 ex
326 2685 563 2746 illorum
595 2686 883 2762 dignitate
917 2688 1313 2761 adficeretur,
1344 2704 1465 2749 non
1496 2687 1728 2748 minora
1756 2686 1877 2748 illis
1909 2696 2262 2749 ornamenta

215 2784 294 2827 ex
323 2785 438 2827 sua
463 2770 642 2829 laude
671 2770 971 2831 redderet.
1034 2769 1129 2829 L1.
1193 2767 1333 2832 148.
1377 2774 1472 2829 An
1506 2772 1675 2845 quod
1703 2769 2021 2844 diligenter
2051 2770 2259 2829 desen-

218 2849 407 2922 ditur,
438 2849 500 2909 id
530 2850 634 2911 tibi
663 2851 974 2926 indignum
1007 2852 1245 2930 facinus
1276 2852 1553 2913 videtur?
1628 2851 1776 2912 Mihi
1807 2852 2020 2924 crede,
2063 2850 2117 2913 si
2146 2866 2261 2925 pro

208 2927 399 3003 patris
421 2928 601 2991 huius
622 2931 904 3008 hospitiis
927 2941 989 2995 et
1012 2934 1204 3010 gratia
1249 2936 1471 2995 vellent
1510 2952 1722 2996 omnes
1766 2933 1947 2996 huius
1984 2932 2262 3009 hospites

215 3013 438 3074 adesse
469 3023 528 3075 et
555 3016 849 3076 auderent
889 3017 1075 3078 libere
1105 3017 1463 3087 defendere,
1508 3017 1656 3078 satis
1686 3015 1939 3091 copiose
1968 3016 2258 3076 desende-

211 3103 405 3155 retur=
443 3094 536 3156 sin
565 3105 763 3157 autem
793 3115 906 3174 pro
937 3098 1346 3175 magnitudine
1374 3098 1625 3161 iniuriae
1654 3115 1893 3174 proque
1938 3114 2046 3172 eo,
2094 3095 2262 3173 quod

217 3194 453 3238 summa
483 3195 586 3240 res
622 3179 867 3255 publica
898 3180 954 3239 in
1000 3181 1179 3243 huius
1213 3182 1487 3258 periculo
1538 3190 1886 3257 temptatur,
1936 3180 2090 3241 haec
2132 3195 2250 3240 om-

216 3277 326 3320 ues
356 3258 753 3336 vindicarent,
779 3263 1116 3324 consistere
1146 3266 1489 3325 mehercule
1512 3262 1692 3326 vobis
1714 3262 1833 3325 isto
1865 3261 1926 3324 in
1958 3263 2099 3324 loco
2135 3276 2258 3323 non
