2459 3817
694 153 858 215 CAP-
890 161 1048 215 32-
1066 160 1154 215 34.
1198 158 1251 219 S.
1281 160 1542 217 'rb-76.
2085 155 2165 221 91

113 321 217 364 cae
248 304 619 363 crudelitatis
646 310 706 363 et
739 311 985 365 nostrae
1014 302 1496 364 mansuetudinis
1525 303 1837 365 haberent.
1895 304 2166 368 XXXIV.

114 384 204 447 74.
263 388 371 446 Illo
425 393 695 459 tempe-re
740 384 1092 459 Segestanis
1144 384 1408 445 maxima
1457 402 1593 449 cum
1634 401 1779 447 cura
1825 386 1977 445 haee
2029 385 2165 461 ipsa

109 471 326 541 Diana,
368 469 444 527 de
484 484 607 542 qua
648 468 931 540 dicimuS,
985 467 1285 529 redditur:
1327 476 1671 542 reportatur
1709 468 2058 545 Segestam:
2105 468 2163 527 in

107 554 235 612 suis
268 550 535 626 antiquis
565 552 815 611 sedibus
844 566 1078 615 summa
1106 565 1242 612 eum
1274 550 1670 625 gratulatione
1699 550 1922 615 civium
1951 562 2011 619 et
2041 552 2162 611 lae—

104 633 233 695 titia
276 633 608 708 reponitur.
665 634 832 693 Haec
876 642 1005 695 erut
1047 633 1248 707 posita
1277 632 1597 708 Segestae,
1634 650 1784 695 sane
1815 635 2068 695 excelsa
2099 632 2163 693 in

104 714 257 788 basi,
288 716 349 775 in
380 731 501 791 qua
520 716 851 790 grandibus
881 716 1091 778 litteris
1109 716 1171 779 P.
1194 714 1467 775 Africani
1493 731 1715 775 nomen
1745 725 1874 783 erat
1901 716 2162 779 incisum

105 814 367 873 eumque
388 799 753 872 Karthagine
783 806 963 873 capta
982 797 1328 860 restituisse
1351 798 1774 875 perscriptum.
1841 799 2163 865 colebatur

102 896 138 939 a
164 880 433 941 civibus=
468 882 543 941 ab
566 880 847 943 omnibus
876 880 1132 941 advenis
1161 880 1502 943 visebatur=
1536 896 1722 957 quum
1753 890 2042 955 quaestor
2064 898 2160 941 es·

104 978 264 1036 sem,
293 962 439 1023 nihil
470 962 613 1025 mihi
649 964 725 1025 ab
760 963 880 1024 illis
915 972 1013 1026 est
1044 964 1518 1027 demonstratum
1550 962 1742 1037 prius.
1784 963 1928 1025 Erat
1955 962 2161 1023 admo-

102 1046 247 1105 dum
285 1046 551 1120 amplum
589 1056 649 1106 et
695 1048 1009 1107 excelsum
1051 1044 1290 1120 signum
1319 1062 1457 1107 eum
1491 1046 1680 1107 stola=
1725 1060 1936 1109 verum
1964 1052 2163 1105 tamen

100 1124 298 1187 inerat
340 1126 401 1185 in
434 1126 537 1187 illa
564 1128 972 1201 magnitudine
1007 1134 1175 1189 aetas
1204 1135 1388 1201 atque
1416 1127 1658 1190 habitus
1687 1125 2030 1203 virginatis=
2068 1142 2154 1186 sa-

97 1209 287 1282 gittae
318 1208 665 1281 pendebant
696 1210 771 1269 ab
799 1210 1083 1272 humeroz
1128 1209 1374 1269 sinistra
1401 1226 1582 1274 manu
1603 1208 1900 1273 retinebat
1927 1225 2161 1270 areum=

97 1293 323 1353 dextra
363 1290 670 1351 ardentem
727 1292 923 1352 ficem
974 1292 1370 1363 praeferebat.
1433 1288 1533 1353 75.
1597 1292 1768 1353 Hane
1812 1308 1998 1367 quum
2048 1290 2164 1351 iste

30 1418 39 1429 .
98 1388 419 1433 sacrorum
449 1372 715 1434 omnium
762 1381 821 1433 et
865 1372 1224 1447 religionum
1263 1372 1460 1435 hostis
1491 1374 1846 1451 praedoque
1889 1373 2162 1446 vidisset,

102 1456 282 1528 quasi
326 1454 427 1513 illa
463 1455 601 1529 ipsa
639 1456 773 1519 face
808 1470 1147 1532 percussus
1175 1463 1374 1528 esset,
1416 1454 1498 1519 ita
1539 1456 1799 1531 flagrare
1831 1456 2162 1533 eupiditate

99 1544 283 1611 atque
320 1536 579 1597 amentia
610 1538 829 1611 eoepit.
894 1540 1157 1612 Imperat
1187 1538 1669 1613 magistratibus,
1695 1547 1763 1599 ut
1787 1556 1922 1599 eam
1952 1540 2159 1601 demo-

101 1619 320 1679 liantur
359 1628 421 1679 et
458 1619 575 1679 sibi
623 1620 795 1682 dent=
839 1620 985 1683 nihil
1015 1619 1131 1681 sibi
1161 1622 1390 1695 gratius
1421 1622 1690 1685 ostendit
1727 1624 2010 1683 futurum.
2071 1618 2162 1679 illi

100 1718 245 1761 vero
281 1701 487 1763 dicere
520 1702 635 1763 sibi
664 1701 727 1765 id
758 1704 931 1763 nefas
960 1719 1102 1768 esse
1138 1720 1404 1779 seseque
1434 1721 1620 1779 quum
1656 1720 1896 1766 summa
1919 1701 2160 1775 religio·

101 1800 174 1843 ne
223 1793 349 1845 tum
388 1800 622 1848 summo
668 1792 829 1849 metu
868 1785 1073 1859 legum
1120 1794 1182 1847 et
1220 1784 1579 1849 iudiciorum
1607 1784 1816 1845 teneri.
1882 1784 2006 1847 Iste
2038 1792 2155 1844 tum

98 1875 305 1939 petere
333 1867 410 1927 ab
429 1863 563 1938 illis,
596 1876 720 1929 tum
746 1866 989 1939 minari,
1021 1876 1143 1929 tum
1172 1884 1376 1941 spem,
1406 1874 1532 1931 uun
1559 1873 1786 1930 metum
1817 1864 2156 1929 ostendere·

99 1946 503 2023 opponebant
526 1948 611 2009 illi
646 1965 869 2009 nomen
900 1948 1201 2011 interdum
1230 1950 1290 2011 P.
1319 1947 1628 2011 Ast-imni:
1658 1947 1869 2027 populi
1901 1945 2160 2012 Romani

96 2029 245 2091 illud
274 2046 415 2091 esse
445 2030 756 2091 dicebant=
786 2030 931 2089 nihil
954 2048 1024 2091 se
1047 2030 1105 2092 in
1138 2047 1211 2093 eo
1238 2031 1559 2106 potestatis
1580 2030 1824 2103 habere,
1855 2030 2022 2107 quod
2053 2030 2159 2089 im·

96 2120 347 2187 perator
374 2112 751 2176 clarissimus
780 2113 931 2173 urbe
967 2112 1232 2173 hostium
1272 2121 1453 2189 capta
1479 2122 1934 2177 monumentum
1969 2113 2158 2174 victo-

96 2194 223 2254 riae
258 2195 470 2269 populi
492 2195 749 2257 Romani
780 2212 924 2255 esse
952 2196 1266 2257 voluisset.
1323 2193 1422 2258 76.
1480 2196 1673 2270 Quum
1701 2197 1816 2259 iste
1846 2196 2033 2256 nihilo
2067 2212 2160 2255 re-

94 2278 347 2348 missius
382 2287 563 2352 atque
592 2278 773 2341 etiam
804 2280 988 2341 multo
1022 2278 1437 2343 vehementius
1478 2278 1728 2341 instaret
1760 2277 2013 2349 cotidie,
2059 2292 2158 2335 res

94 2358 296 2433 agitur
334 2359 397 2421 in
437 2370 671 2421 senatu.
736 2360 1143 2422 Vehementer
1181 2362 1258 2420 ab
1301 2361 1578 2422 omnibus
1608 2363 1986 2424 reclamatur.
2046 2360 2157 2419 Ita·

96 2458 219 2516 que
247 2441 353 2503 illo
383 2450 657 2517 tempore
687 2458 759 2503 ao
800 2442 993 2517 primo
1030 2444 1206 2504 istius
1242 2444 1510 2505 adventu
1540 2451 1926 2518 pernegatur.
1988 2441 2158 2501 Post·

92 2540 199 2597 ea,
264 2524 564 2599 quidquid
604 2534 733 2587 erat
774 2524 977 2585 oneris
1005 2524 1066 2584 in
1101 2524 1304 2585 nautis
1329 2526 1786 2601 remigibusque
1817 2522 2159 2599 exigendis,

91 2604 151 2665 in
187 2607 490 2668 frumento
524 2607 913 2681 imperando,
956 2606 1310 2683 Segestanis
1357 2618 1598 2683 praeter
1639 2616 1916 2669 caeteros
1964 2606 2157 2681 impo-

91 2690 307 2760 nebat,
363 2688 673 2763 aliquanto
720 2690 980 2764 amplius
1026 2707 1208 2765 quam
1259 2692 1418 2749 ferre
1472 2698 1748 2765 possent.
1840 2689 2160 2749 Praeterea

90 2768 485 2845 magistratus
524 2788 736 2832 eorum
766 2773 1093 2833 evocabam
1127 2771 1422 2847 optimum
1457 2788 1765 2847 quemque
1805 2780 1864 2832 et
1906 2769 2157 2831 nobilis·

90 2852 315 2917 simum
358 2854 439 2913 ad
480 2870 551 2915 so
590 2854 971 2915 arcessebatz
1019 2854 1246 2914 circum
1289 2854 1490 2915 omnia
1520 2852 1870 2929 provinciae
1903 2854 2036 2913 sora
2062 2870 2158 2917 ta·

93 2934 328 3003 oiebat=
365 2933 709 3009 singillatim
740 2935 844 2999 uni
868 2936 1090 3011 cuique
1124 2936 1444 2999 calamitati
1477 2938 1606 2996 sore
1629 2952 1698 2997 se
1739 2932 2154 3001 denuntiabat,

100 3015 399 3077 universis
434 3032 503 3079 se
532 3017 804 3081 funditus
838 3031 1191 3080 eversurum
1235 3034 1375 3081 esse
1417 3018 1578 3079 illam
1624 3016 1925 3081 civitatem
1967 3018 2158 3077 mina·

94 3101 285 3160 batur.
347 3099 561 3173 Itaque
592 3100 919 3174 aliquando
952 3100 1153 3163 multis
1197 3102 1372 3163 malis
1416 3118 1760 3177 magnoque
1805 3109 1972 3161 metu
2013 3095 2154 3157 victi

92 3179 417 3256 Segestani
469 3182 767 3255 praetoris
830 3181 1085 3257 imperio
1141 3186 1476 3258 parendum
1533 3200 1674 3245 esse
1727 3184 2150 3245 decreverunt.

93 3260 310 3338 Magno
343 3278 482 3325 eum
512 3264 676 3327 luctu
705 3271 765 3324 et
797 3264 1025 3339 gemitu
1052 3264 1236 3325 totius
1259 3265 1548 3337 civitatis,
1581 3263 1780 3341 multis
1812 3278 1949 3323 cum
1977 3259 2152 3321 lacri-

88 3345 195 3407 mis
212 3354 287 3407 et
303 3345 833 3408 lamentationibus
862 3346 1127 3409 virorum
1148 3348 1586 3421 mulierumque
1617 3342 1881 3405 omnium
1907 3342 2148 3405 simula·
