2459 3817
297 138 378 202 18
617 149 763 209 PRO
802 149 969 209 SEX.
1012 149 1287 210 ROSCIO
1330 149 1679 209 AMERINO
1726 149 2027 209 ORATIO.

301 298 539 358 duobus
585 298 1076 359 adolescentibus
1117 299 1258 359 filiis
1291 298 1472 372 isset,
1512 297 1822 360 inventurn
1856 315 1999 359 esse
2039 313 2218 361 mane
2259 300 2353 362 iu·

300 381 585 454 gulatum.
659 379 852 453 Quum
895 398 1096 456 neque
1135 398 1355 443 servus
1387 384 1709 456 quisquam
1739 380 2105 456 reperiretur
2140 398 2361 457 neque

299 463 450 521 liber
475 462 556 521 ad
602 480 784 536 quem
813 480 888 523 ea
929 463 1201 539 suspicio
1245 464 1601 538 pertineret,
1649 464 1713 523 id
1742 462 1955 527 aetatis
1984 472 2180 527 autem
2220 466 2361 527 duo

297 543 404 604 filii
446 552 694 619 propter
737 547 1028 607 cubantes
1069 562 1148 606 ne
1192 545 1467 606 sensisse
1508 547 1751 622 quidem
1790 562 1860 607 se
1889 544 2189 620 dicerent,
2233 564 2353 607 no-

299 626 460 686 mina
499 626 760 688 filiorum
803 629 884 688 de
925 626 1251 703 parricidio
1292 629 1493 689 delata
1520 637 1679 691 sunt.
1747 626 1901 702 Quid
1944 635 2184 703 poterat
2220 638 2354 691 tam

297 724 440 769 esse
469 710 878 784 suspiciosum
895 718 924 769 ’ἒ
967 712 1337 773 Neutrumne
1359 710 1676 773 sensisse?
1714 713 1951 775 Ausum
1977 719 2177 773 autem
2200 727 2353 771 esse

297 808 693 867 quemquam,
741 810 810 853 se
848 792 910 853 in
953 792 1018 853 id
1059 794 1349 853 conclave
1392 793 1792 867 committere,
1842 810 1919 855 eo
1956 792 2353 867 potissimum

301 883 600 950 tempore,
650 893 836 951 quum
871 875 1094 936 ibidem
1119 884 1331 937 essent
1361 876 1481 937 duo
1514 876 1937 937 adolescentes
1969 874 2107 949 filii,
2147 874 2255 950 qui
2289 886 2355 936 et

297 957 522 1017 sentire
563 965 625 1018 et
669 959 996 1019 defendere
1037 958 1212 1019 facile
1240 966 1543 1033 possent?
1606 957 1707 1023 65.
1750 958 1894 1019 Erat
1932 973 2117 1032 porro
2159 973 2350 1019 nemo

294 1040 352 1098 in
391 1055 573 1113 quem
614 1056 690 1100 ea
731 1040 1001 1115 suspicio
1035 1040 1407 1102 conveniret.
1464 1041 1685 1103 Tamen
1733 1058 1921 1115 quum
1960 1042 2209 1115 planum
2250 1040 2349 1101 iu-

294 1122 531 1181 dicibus
574 1131 740 1184 esset
777 1126 999 1183 factum
1041 1130 1253 1199 aperto
1292 1122 1452 1183 ostio
1502 1124 1869 1187 dormientes
1909 1139 2019 1187 eos
2060 1131 2351 1197 repertos

293 1220 465 1278 esse,
512 1202 738 1265 iudicio
779 1206 1040 1269 absoluti
1075 1207 1501 1270 adolescentes
1528 1216 1589 1267 et
1616 1205 1971 1279 suspicione
2000 1204 2164 1265 omni
2192 1205 2346 1265 libe-

290 1287 402 1347 rati
443 1296 602 1349 sunt.
667 1288 856 1349 Nemo
899 1280 1056 1349 enim
1083 1289 1335 1363 putabat
1378 1304 1746 1363 quemquam
1787 1304 1930 1349 esse
1973 1287 2110 1361 qui,
2152 1304 2348 1363 quum

293 1368 496 1431 omnia
543 1369 751 1431 divina
791 1378 977 1445 atque
1016 1372 1280 1433 humana
1308 1370 1441 1435 iura
1468 1372 1704 1437 scelere
1738 1370 1968 1432 nefario
1997 1368 2347 1445 polluisset,

291 1468 571 1514 somnum
612 1453 809 1512 statim
851 1469 1073 1527 capere
1102 1452 1433 1527 potuisset,
1480 1462 1807 1529 propterea
1838 1452 2034 1527 quod,
2076 1450 2181 1529 qui
2210 1461 2344 1513 tan-

288 1545 416 1595 tum
458 1533 695 1595 facinus
735 1535 1195 1606 commiserunt,
1240 1552 1361 1596 non
1402 1537 1585 1598 modo
1628 1536 1762 1600 sine
1807 1551 1953 1595 cura
2001 1534 2353 1609 quiescere,

291 1618 402 1677 sed
432 1634 510 1679 ne
539 1618 774 1693 spirare
801 1617 1048 1693 quidem
1076 1620 1208 1679 sine
1233 1626 1397 1681 metu
1425 1626 1704 1693 possunt.

453 1700 669 1762 xxiv.
709 1700 810 1762 66.
864 1699 1184 1762 Videtisne
1244 1718 1403 1775 quos
1455 1700 1634 1762 nobis
1686 1702 1909 1776 poetae
1961 1696 2345 1761 tradiderunt

287 1781 476 1855 patris
541 1782 880 1845 ulciscendi
939 1800 1128 1846 causa
1187 1782 1555 1859 supplicium
1606 1784 1683 1843 de
1731 1791 1921 1843 matre
1971 1779 2345 1855 sumpsisse,

288 1882 474 1939 quum
507 1868 863 1941 praesertim
906 1868 1157 1929 deorum
1191 1865 1612 1928 immortalium
1638 1864 1826 1931 iussis
1858 1873 2042 1940 atque
2068 1864 2343 1925 oraculis

287 1948 349 2006 id
378 1946 606 2008 fecisse
636 1948 940 2023 dicantur,
985 1958 1184 2011 tamen
1223 1958 1293 2011 ut
1321 1965 1433 2011 eos
1462 1948 1689 2025 agitent
1710 1946 1922 2015 Furiae
1956 1962 2159 2020 neque
2188 1962 2339 2007 con-

287 2029 505 2089 sistere
544 2046 803 2104 usquam
847 2031 1176 2105 patiantur,
1219 2032 1389 2105 quod
1425 2049 1504 2095 ne
1545 2030 1631 2105 pii
1666 2030 1907 2106 quidem
1939 2029 2071 2089 sine
2098 2030 2339 2091 scelere

285 2127 430 2171 esse
467 2119 836 2187 potuerunt?
901 2112 1004 2173 Sic
1041 2130 1113 2173 se
1159 2128 1262 2173 res
1304 2114 1514 2186 habet,
1558 2112 1813 2174 iudices.
1883 2112 2163 2187 Magnam
2190 2112 2339 2187 vim,

283 2210 561 2269 mag-nam
601 2196 1054 2266 necessitatem,
1102 2211 1380 2269 magnam
1420 2194 1700 2272 possidet
1738 2193 2091 2269 religionem
2132 2202 2337 2269 pater-

284 2292 400 2336 nus
445 2285 874 2353 maternusque
921 2278 1199 2353 sanguisz
1244 2295 1322 2338 ex
1364 2295 1488 2353 quo
1530 2278 1583 2341 si
1614 2294 1735 2353 qua
1760 2280 1997 2341 macula
2037 2285 2336 2353 concepta

285 2368 409 2434 est,
453 2375 577 2421 non
619 2362 802 2421 modo
844 2360 966 2422 elui
1005 2376 1130 2421 non
1162 2368 1397 2436 potest,
1436 2376 1649 2423 verum
1681 2376 1882 2435 usque
1911 2377 1987 2419 eo
2016 2367 2337 2435 permanat
2412 2408 2414 2417 ,

283 2444 362 2502 ad
407 2442 704 2516 animum,
742 2452 808 2504 ut
849 2460 1120 2523 summus
1160 2444 1327 2505 furor
1374 2452 1557 2518 atque
1594 2441 1857 2505 amentia
1898 2450 2333 2517 consequatur.

279 2522 382 2585 67.
423 2524 620 2586 Nolite
647 2526 804 2587 enim
833 2534 1078 2601 putare,
1117 2527 1629 2601 quemadmodum
1656 2525 1719 2585 in
1748 2525 1969 2587 fabulis
2002 2539 2192 2597 saepe
2223 2541 2331 2583 nu-

280 2623 445 2669 mero
476 2607 726 2680 videtis,
771 2625 912 2682 eoS,
954 2609 1056 2684 qui
1095 2607 1326 2683 aliquid
1352 2608 1535 2684 impie
1564 2610 1981 2680 scelerateque
2010 2605 2329 2668 commise-

277 2689 426 2765 rint,
469 2690 680 2766 agitari
719 2700 780 2752 et
821 2690 1142 2767 perterreri
1167 2692 1478 2754 Furiarum
1521 2690 1717 2755 taedis
1764 2688 2137 2753 ardentibus.
2202 2688 2329 2748 Sua

282 2788 585 2849 quemque
625 2774 792 2834 fraus
835 2783 895 2835 et
930 2789 1079 2835 suus
1121 2779 1315 2835 terror
1346 2773 1609 2837 maxime
1647 2781 1859 2837 vexat:
1909 2788 2085 2831 suum
2118 2786 2329 2845 quem·
2404 2790 2406 2793 ⁴

280 2869 401 2929 que
425 2858 630 2917 scelus
653 2856 840 2932 agitat
860 2856 1245 2931 amentiaque
1268 2856 1498 2917 adficit:
1533 2871 1682 2919 suae
1708 2856 1902 2916 malae
1924 2851 2328 2929 cogitationes

279 2938 812 3015 conscientiaeque
861 2938 1042 2999 animi
1092 2947 1335 2999 terrent.
1406 2942 1577 3003 Haec
1604 2946 1747 2999 sunt
1784 2936 1985 3011 impiis
2030 2935 2329 2997 adsiduae

278 3020 773 3097 domesticaeque
797 3022 1044 3095 Furiae,
1088 3038 1247 3098 quae
1288 3021 1421 3083 dies
1464 3029 1802 3096 noctesque
1830 3027 2147 3095 parentum
2177 3034 2326 3092 poe·
2397 3072 2403 3084 ,

277 3118 390 3162 nas
418 3119 456 3162 a
482 3104 1083 3166 consceleratissimis
1112 3104 1255 3188 siffis
1281 3112 1574 3179 repetant.
1630 3102 1732 3167 68.
1776 3104 1944 3163 Haec
1975 3098 2325 3174 magnitudo

277 3185 560 3245 maleficii
605 3188 774 3261 facit,
814 3196 910 3260 ut,
957 3186 1076 3248 nisi
1115 3204 1313 3263 paene
1346 3186 1730 3251 manifestum
1760 3182 2153 3261 parricidium
2184 3197 2320 3274 prq-

276 3268 531 3342 l'eratur,
561 3268 847 3333 credibile
873 3287 996 3333 non
1023 3267 1130 3343 sit3
1160 3268 1281 3331 nisi
1301 3267 1496 3345 turpis
1519 3268 1962 3343 adolescentia,
1992 3265 2109 3327 nisi
2132 3280 2319 3327 omm-

274 3348 391 3410 bus
420 3348 662 3426 flagitiis
690 3352 814 3415 vita
843 3352 1185 3429 inquinata,
1231 3352 1352 3414 nisi
1388 3361 1665 3428 sumptus
1700 3351 1881 3414 effusi
1923 3367 2060 3411 cum
2094 3348 2322 3425 probro
