2459 3817
281 125 407 192 240
790 126 868 186 m
893 125 961 186 1..
993 83 1415 186 c⁶ATlL1NAM
1445 121 1726 184 ORAno
1761 124 1865 184 ιν.

289 281 375 342 qui
406 284 562 330 morte
626 275 915 329 multandos
949 276 1064 326 illos
1094 277 1359 336 censebat,
1392 275 1548 326 altera
1586 274 1641 326 G.
1675 274 1937 335 Caesaris,
1988 274 2076 337 qui
2100 273 2217 324 lllos
2248 288 2334 340 pu-

289 349 484 398 blicatis
505 349 650 397 bonis
681 363 770 412 per
803 346 1080 410 municipia
1089 345 1265 395 ltaliae
1298 345 1671 396 distribuendos
1702 359 1763 393 ac
1794 343 2011 394 vinculis
2024 344 2340 408 sempiternis

289 418 529 467 tenendos
541 416 875 466 existimabat.
903 414 1076 477 ¹Quum
1105 421 1273 464 autem
1304 411 1478 478 plures
1506 419 1765 462 senatores
1789 413 1857 461 ad
1870 411 1923 466 C.
1944 411 2171 461 Caesaris
2197 427 2339 476 quam

289 487 356 534 ad
385 485 444 535 D.
483 483 640 534 Silani
669 484 970 534 sententiam
1004 482 1242 531 inclinare
1278 482 1591 542 viderentur,
1622 481 1690 530 M.
1724 479 1894 530 Cicero
1927 495 2011 540 ea,
2057 493 2185 543 quae
2218 479 2336 530 infra

290 553 493 618 legitur,
531 553 755 602 oratione
790 550 947 602 Silani
983 552 1282 600 senteutiam
1311 549 1663 599 commendare
1694 549 1900 598 studuit.

457 684 500 741 Ι.
549 682 604 742 1.
646 651 884 757 Viden,
926 690 1132 758 patres
1175 679 1541 756 conscripti,
1571 678 1631 740 in
1662 695 1757 740 me
1786 679 2051 740 omnium
2079 689 2337 753 vestrum

291 783 400 828 ora
432 776 613 842 atque
653 768 868 828 oculos
908 783 1052 826 esse
1089 781 1460 826 conversosz
1500 761 1685 824 video
1727 779 1842 823 vos
1874 781 1997 837 non
2040 757 2238 825 solum
2266 765 2341 824 de

290 856 495 910 vestro
531 851 719 910 acrei
751 849 1059 924 publicae,
1105 865 1318 910 verum
1348 847 1559 920 etlam,
1601 845 1655 907 si
1683 844 1746 906 id
1776 846 2098 921 depulsum
2129 846 2235 922 sit,
2266 847 2341 908 de

291 949 426 994 meo
457 933 729 1007 periculo
760 949 904 992 esse
933 931 1249 994 sollicitos.
1333 933 1443 991 Est
1472 929 1617 990 mihi
1657 927 1927 991 iucunda
1964 929 2027 990 in
2068 929 2242 992 malis
2280 939 2341 991 et

289 1023 458 1092 grata
487 1015 546 1074 in
579 1017 793 1076 dolore
819 1023 1024 1076 vestra
1053 1031 1196 1089 erga
1223 1031 1321 1075 me
1350 1015 1664 1085 voluntaS,
1706 1013 1819 1074 sed
1848 1023 2011 1085 eam,
2053 1029 2165 1088 per
2194 1015 2340 1074 deos

290 1098 692 1172 immortales,
732 1098 1023 1172 deponite
1068 1106 1254 1174 atque
1285 1095 1455 1158 obliti
1490 1095 1703 1157 salutis
1745 1112 1919 1156 meae
1953 1096 2031 1158 dc
2061 1095 2239 1157 vobis
2270 1112 2341 1156 ac

289 1184 368 1242 de
397 1181 618 1242 vestris
649 1178 853 1241 liberis
884 1181 1163 1255 cogitate.
1231 1179 1379 1240 Mihi
1410 1177 1462 1240 si
1494 1179 1645 1241 haec
1676 1177 1957 1240 condicio
1988 1181 2341 1244 consulatus

289 1267 431 1325 data
458 1272 569 1335 est,
605 1272 670 1324 ut
702 1279 915 1324 omnes
945 1262 1339 1337 acerbitateS,
1375 1278 1589 1325 omnes
1627 1263 1875 1323 dolores
1916 1261 2340 1340 cruciatusque

289 1349 650 1423 perferrem,
711 1348 896 1406 reram
925 1363 1047 1406 non
1079 1349 1277 1407 solum
1303 1345 1566 1419 sortiter,
1621 1362 1833 1406 verum
1864 1345 2043 1414 etiam
2070 1345 2340 1420 libenter,

291 1432 434 1490 dum
482 1428 666 1488 modo
707 1429 858 1488 meis
901 1429 1212 1490 laboribus
1238 1428 1419 1489 vobis
1459 1429 1816 1504 populoque
1843 1429 2119 1491 Romano
2150 1429 2338 1506 digni-

290 1521 382 1574 tas
411 1512 702 1586 salusque
732 1511 1018 1587 pariatur.
1102 1512 1161 1573 2.
1215 1513 1345 1587 Ego
1378 1528 1512 1572 sum
1540 1511 1641 1572 ille
1670 1513 1918 1586 consul,
1958 1521 2163 1588 patres
2199 1528 2339 1574 con-

289 1594 517 1670 scripti,
551 1594 648 1656 cui
678 1611 799 1656 non
833 1597 1048 1671 forum,
1077 1593 1140 1654 in
1166 1612 1290 1672 quo
1315 1594 1511 1656 omnis
1534 1595 1811 1669 aequitas
1834 1596 2190 1670 continetur,
2220 1613 2340 1658 non

289 1695 544 1754 campus
577 1679 1000 1740 consularibus
1033 1678 1328 1755 auspiciis
1359 1687 1771 1752 consecratuS,
1810 1695 1931 1740 non
1959 1679 2143 1752 curia,
2180 1697 2340 1741 sum-

289 1779 452 1823 mum
483 1763 773 1824 auxilium
805 1764 1073 1823 omnium
1102 1761 1387 1838 gentium,
1418 1777 1542 1823 non
1579 1761 1816 1835 domus,
1854 1779 2173 1824 commune
2200 1779 2339 1839 per-

291 1845 548 1920 rugium,
591 1863 714 1906 non
738 1847 932 1907 lectus
967 1847 1046 1906 ad
1082 1847 1345 1922 quietem
1376 1845 1582 1918 datuS,
1612 1860 1736 1906 non
1764 1845 2029 1921 denique
2058 1846 2208 1907 haec
2244 1863 2337 1906 se-

288 1929 400 1988 des
442 1928 692 1990 honoris
741 1929 916 2006 [sella
963 1929 1211 2008 curulis]
1255 1945 1543 2003 umquam
1579 1945 1777 1989 vacua
1816 1929 2027 1991 mortis
2067 1927 2340 2008 periculo

287 2019 470 2083 atque
498 2009 738 2071 insidiis
770 2012 895 2073 fuit.
938 2013 1068 2086 Ego
1092 2014 1276 2073 multa
1301 2011 1479 2085 tacui,
1506 2013 1691 2073 multa
1720 2012 1955 2088 pertuli,
1984 2014 2168 2073 multa
2197 2028 2341 2074 con·

289 2091 481 2166 cessi,
542 2095 726 2154 multa
760 2111 896 2154 meo
938 2095 1201 2168 quodam
1247 2095 1459 2156 dolore
1504 2093 1565 2154 in
1608 2105 1811 2156 vestro
1845 2095 2057 2156 timore
2106 2093 2339 2156 sanavi.

286 2177 458 2238 Nunc
489 2176 541 2237 si
569 2176 732 2236 hunc
761 2176 988 2237 exitum
1017 2178 1371 2238 consulatus
1403 2177 1520 2237 mei
1555 2176 1617 2237 di
1656 2177 2025 2239 immortales
2056 2195 2199 2240 esse
2234 2194 2340 2238 vo-

287 2262 553 2333 luerunt,
585 2269 650 2320 ut
681 2275 797 2320 vos
837 2261 1257 2336 populumque
1284 2262 1619 2323 Romanum
1654 2278 1733 2321 ex
1767 2262 1955 2322 caede
1985 2259 2338 2332 miserrima,

285 2342 580 2416 coniuges
622 2342 973 2417 liberosque
1013 2352 1254 2405 vestros
1299 2343 1687 2419 virginesque
1729 2347 2010 2406 Vestales
2043 2360 2121 2403 ex
2172 2359 2341 2404 acer·

283 2425 536 2486 bissima
564 2424 906 2500 vexatione,
939 2427 1162 2500 templa
1189 2435 1375 2502 atque
1400 2427 1672 2503 delubra,
1697 2427 1853 2488 hanc
1876 2425 2341 2503 pulcherrimam

286 2507 539 2583 patriam
571 2507 834 2569 omnium
867 2517 1140 2570 nostrum
1174 2527 1253 2569 ex
1284 2509 1641 2571 foedissima
1677 2511 1948 2583 flamma,
1996 2519 2180 2572 totam
2224 2511 2341 2570 lta-

287 2591 425 2650 liam
455 2607 535 2651 ex
565 2592 725 2652 bello
768 2601 829 2654 et
871 2591 1148 2653 vastitate
1189 2593 1517 2669 eriperem,
1578 2609 2003 2668 quaecumque
2045 2593 2187 2653 mihi
2234 2592 2345 2653 uni

285 2682 661 2749 proponetur
689 2677 956 2752 fortuna,
1001 2677 1308 2738 subeatur.
1377 2676 1612 2738 Etenim
1652 2676 1705 2738 si
1744 2677 1806 2735 P.
1840 2677 2127 2738 Lentulus
2162 2693 2347 2737 suum

284 2773 503 2818 nomen
550 2759 834 2821 inductus
876 2777 912 2820 a
947 2760 1182 2821 vatibus
1229 2761 1409 2819 fatale
1455 2760 1535 2818 ad
1566 2758 1894 2834 perniciem
1936 2759 2025 2820 rei
2053 2759 2353 2833 publicae

285 2841 415 2900 sore
454 2842 716 2917 putavit,
767 2860 875 2904 cur
901 2859 1016 2918 ego
1047 2861 1168 2905 non
1200 2845 1389 2903 laeter
1424 2859 1624 2904 meum
1659 2843 2039 2904 consulatum
2072 2842 2151 2901 ad
2176 2843 2351 2902 salu-

283 2932 402 2983 tem
434 2925 649 3000 populi
677 2927 932 2986 Romani
965 2944 1160 3002 prope
1191 2928 1433 2987 fatalem
1466 2926 1820 2987 exstitisse?
1899 2925 1972 2984 ll.
2000 2925 2059 2987 3.
2094 2925 2222 2999 Qua
2255 2942 2355 3000 re,

281 3014 486 3080 patres
517 3009 866 3084 conscripti,
897 3010 1195 3071 consulite
1226 3008 1420 3084 vobiS,
1453 3007 1786 3085 prospicite
1811 3008 2058 3084 patriae,
2088 3023 2355 3069 conser—

277 3099 418 3150 vate
454 3107 596 3164 vos,
627 3091 951 3166 coniuges,
980 3091 1206 3154 liberos
1240 3093 1640 3167 fortunasque
1673 3100 1941 3163 vestraS,
1970 3091 2183 3166 populi
2214 3091 2359 3151 Ro-

279 3174 438 3232 mani
471 3189 692 3234 nomen
742 3177 1120 3250 salutemque
1156 3174 1493 3236 defendite=
1534 3173 1678 3235 mihi
1725 3191 1977 3250 parcere
2010 3190 2084 3234 ac
2126 3174 2205 3233 de
2240 3191 2365 3235 me

279 3254 547 3330 cogitare
577 3253 855 3318 desinite.
907 3258 1056 3317 Nam
1093 3257 1349 3333 primum
1382 3258 1579 3318 debeo
1624 3274 1872 3332 sperare
1910 3273 2122 3319 omn-es
2159 3256 2363 3332 deOS,

282 3338 387 3410 qui
419 3339 559 3401 huic
586 3339 718 3400 urbi
748 3340 1130 3416 praesident,
1177 3357 1289 3416 pro
1332 3357 1407 3402 eo
1451 3340 1594 3401 mihi
1637 3357 1710 3402 ac
1748 3356 1986 3401 mereor
2028 3341 2365 3402 relaturos
