2459 3817
759 183 932 247 cAP.
964 193 1231 248 32—34.
1278 189 1619 254 §.78—84.
2116 192 2231 258 127

155 330 333 407 ficio,
377 333 491 395 sed
540 332 720 395 etiam
748 335 1212 398 benevolentiae
1258 335 1703 412 significatione
1745 336 2032 412 adligari=
2076 337 2225 399 nihil

156 432 338 492 porro
365 424 482 478 tam
513 417 934 493 inhumanum,
975 428 1095 480 tam
1118 419 1411 495 immane,
1456 429 1575 482 tam
1618 423 1811 482 ferum
1842 438 2025 496 quam
2060 438 2225 482 com·

155 499 387 559 mittere
418 509 486 560 ut
508 500 808 562 beneficio
841 518 959 562 non
986 503 1183 562 dicam
1213 504 1533 579 indignus»,
1574 505 1687 565 sed
1729 506 1927 566 victus
1962 521 2105 568 esse
2136 507 2222 564 vi-

156 583 359 642 deare.
445 581 547 643 82.
578 583 744 658 Quae
775 601 959 660 quum
989 587 1070 646 ita
1102 587 1241 660 sint,
1271 586 1388 647 iam
1420 589 1831 662 succumbam,
1853 589 2221 660 Laterensis,

155 665 257 727 isti
284 674 385 727 tuo
421 666 681 740 crimini,
729 684 948 744 meque
981 669 1042 730 in
1071 685 1148 731 eo
1180 670 1353 747 ipso,
1398 671 1457 732 in
1504 688 1625 746 quo
1672 671 1817 731 nihil
1845 679 2049 748 potest
2078 689 2223 734 esse

156 748 434 824 nimium,
466 750 752 826 quoniam
781 753 863 812 ita
898 761 962 815 tu
989 755 1115 827 vis,
1145 755 1391 815 nimium
1416 764 1650 828 gratum
1682 771 1825 814 esse
1854 756 2217 826 concedam,

153 843 480 908 petamque
511 851 548 894 a
575 833 782 909 vobis,
824 835 1092 910 iudices,
1123 844 1189 897 ut
1215 853 1352 898 eum
1382 835 1683 897 beneficio
1714 839 2220 912 complectamini,

157 933 336 992 quem
365 917 468 992 qui
501 918 913 994 reprehendit,
950 919 1010 978 in
1035 935 1109 980 eo
1134 919 1546 994 reprehendit,
1580 920 1749 993 quod
1782 928 2012 994 gratum
2046 936 2221 994 prae-

152 1007 245 1062 ter
275 1001 519 1061 modum
565 1001 728 1062 dicat
771 1017 933 1061 esse.
1019 1003 1233 1077 Neque
1281 1003 1437 1061 enim
1481 1002 1631 1061 illud
1672 1003 1751 1062 ad
1792 1001 2219 1076 negligendam

153 1099 346 1144 meam
378 1083 629 1158 gratiam
659 1083 842 1144 debet
869 1085 1091 1154 valere,
1127 1086 1292 1160 quod
1324 1084 1475 1145 dixit
1505 1085 1683 1158 idem,
1715 1101 1829 1146 vos
1856 1099 1970 1148 nec
1994 1100 2219 1145 nocen-

156 1174 246 1227 tes
277 1181 391 1226 nec
421 1165 720 1240 litigiosos
751 1181 912 1239 esse,
945 1184 1068 1241 quo
1104 1167 1303 1228 minus
1336 1183 1431 1227 me
1460 1170 1624 1242 apud
1658 1182 1771 1228 vos
1806 1169 2009 1228 valere
2039 1184 2221 1242 opor-

156 1255 340 1310 teretz
373 1247 553 1323 quasi
575 1265 722 1309 vero
747 1249 807 1309 in
836 1249 1096 1310 amicitia
1130 1267 1267 1312 mea
1302 1267 1419 1311 non
1448 1252 1599 1311 haec
1628 1251 1953 1327 praesidia,
1983 1251 2037 1310 si
2063 1267 2223 1326 quae

153 1333 310 1393 forte
343 1340 484 1393 sunt
509 1331 569 1392 in
607 1347 731 1405 me,
777 1340 986 1408 parata
1017 1349 1262 1410 semper
1288 1333 1499 1396 amicis
1530 1351 1671 1396 esse
1700 1334 2010 1396 maluerim
2038 1349 2219 1410 quam

153 1416 550 1477 necessaria..
605 1415 840 1476 Etenim
870 1433 984 1492 ego
1019 1419 1096 1478 de
1124 1435 1220 1480 me
1250 1425 1477 1479 tantum
1511 1420 1709 1480 audeo
1740 1420 1971 1494 dicere,
2016 1417 2220 1478 amici-

153 1501 293 1560 tiam
321 1514 515 1561 meam
550 1501 844 1576 voluptati
874 1501 1148 1576 pluribus
1185 1519 1365 1578 quam
1400 1503 1709 1577 praesidio
1742 1504 1951 1572 fuisse,
1995 1517 2221 1576 meque

153 1583 541 1645 vehementer
571 1583 730 1644 vitae
767 1598 938 1645 meae
969 1587 1325 1662 poeniteret,
1359 1585 1413 1645 si
1441 1585 1502 1646 in
1532 1603 1668 1647 mea
1697 1583 2097 1646 familiaritate
2127 1587 2217 1645 lo-

153 1683 264 1728 cus
295 1676 463 1728 esset
497 1668 719 1727 nemini
754 1667 873 1728 nisi
908 1669 1172 1744 litigioso
1203 1678 1310 1731 aut
1336 1671 1596 1729 nocenti.

275 1749 540 1808 XXXIV.
571 1750 672 1812 83.
704 1751 828 1810 Sed
859 1751 1010 1811 haec
1041 1752 1249 1813 nescio
1282 1768 1404 1826 quo
1449 1751 1631 1812 modo
1664 1751 2013 1824 frequenter
2040 1749 2098 1809 in
2122 1765 2221 1810 me

155 1830 551 1906 congessisti,
585 1841 868 1908 ‘saneque
898 1834 956 1892 in
989 1850 1064 1894 eo
1099 1835 1315 1894 creber
1345 1833 1541 1905 fuisti,
1583 1841 1644 1894 te
1686 1832 1916 1892 idcirco
1946 1831 2005 1891 in
2038 1833 2219 1892 ludos

153 1929 400 1976 causam
431 1914 736 1976 coniicere
770 1915 1061 1990 noluisse,
1095 1931 1168 1977 ne
1199 1933 1314 1991 ego
1348 1932 1483 1976 mea
1517 1913 1959 1977 consuetudine
1988 1915 2221 1989 aliquid

153 1997 445 2058 detensis
473 1998 926 2059 misericordiae
951 2015 1135 2060 causa
1159 2000 1442 2073 meterem,
1479 1999 1643 2075 quod
1673 1999 1732 2058 in
1760 1996 1896 2058 aliis
1919 1997 2219 2058 aedilibus

151 2088 291 2142 ante
314 2075 624 2142 fecissem.
709 2082 840 2141 Non
874 2082 1016 2141 nihil
1051 2083 1224 2156 egisti
1262 2083 1377 2144 hoc
1407 2085 1577 2144 locos
1608 2099 1743 2142 nam
1775 2079 1919 2140 mihi
1948 2079 2220 2156 eripuisti

154 2172 574 2226 ornamentum
606 2163 896 2226 orationis
922 2180 1122 2226 meae:
1162 2165 1503 2237 deridebor,
1538 2165 1591 2226 si
1620 2165 1984 2226 mentionem
2017 2172 2219 2226 tensa-

150 2265 286 2309 rum
315 2247 539 2322 secero,
575 2265 756 2323 quum
805 2257 864 2308 tu
889 2247 952 2308 id
974 2249 1394 2324 praedixerisz
1448 2250 1579 2310 sine
1616 2248 1809 2310 tensis
1842 2258 2041 2309 autem
2068 2246 2217 2322 quid

153 2337 370 2408 potero
404 2329 646 2392 dicere?
680 2332 792 2392 Hic
839 2332 1016 2393 etiam
1061 2333 1351 2394 addidisti
1386 2349 1480 2393 me
1515 2333 1743 2394 idcirco
1775 2349 1912 2392 mea
1947 2332 2081 2406 lege
2112 2347 2218 2390 ex-

156 2415 292 2476 silio
336 2411 624 2477 ambitum
675 2415 992 2489 sanxisse,
1031 2425 1097 2477 ut
1140 2416 1613 2478 miserabiliores
1656 2415 1937 2492 epilogos
1966 2429 2217 2490 possem

153 2499 378 2562 dicere.
424 2499 554 2561 Non
583 2499 758 2560 vobis
803 2499 1040 2560 videtur
1069 2517 1202 2560 cum
1229 2501 1435 2575 aliquo
1474 2503 1897 2574 declamatore,
1928 2515 2049 2559 non
2082 2513 2219 2558 cum

152 2581 378 2642 laboris
427 2591 488 2644 et
532 2583 646 2644 sori
676 2583 976 2657 discipulo
1008 2583 1363 2659 disputare?
1416 2583 1513 2646 84.
1545 2585 1743 2646 Rhodi
1780 2583 1967 2654 enim,
2004 2580 2221 2656 inquit,

152 2681 266 2740 ego
303 2681 426 2726 non
457 2667 569 2728 fui:
611 2683 708 2728 me
741 2667 868 2726 vult
903 2666 1122 2728 fuisse:
1169 2669 1281 2728 sed
1314 2667 1426 2740 sui,
1458 2669 1682 2742 inquit,
1718 2701 1800 2712 -
1843 2665 2126 2741 putabam
2156 2665 2218 2722 in

149 2747 450 2810 Vaccaeis
480 2750 774 2811 dicturum
809 2783 896 2794 -—
925 2750 1019 2810 bis
1051 2751 1108 2809 in
1132 2751 1434 2828 Bithynia.
1500 2751 1565 2810 Si
1596 2753 1770 2810 locus
1801 2750 1985 2808 habet
2012 2763 2219 2822 repre·

153 2829 468 2893 hensionis
509 2850 720 2894 ansam
763 2833 1057 2908 aliquam,
1116 2834 1328 2893 nescio
1374 2849 1479 2892 cur
1522 2833 1893 2893 severiorem
1933 2830 2217 2891 Nicaeam

152 2925 330 2990 putes
363 2933 542 2991 quam
570 2917 880 2978 Rhodum:
927 2916 978 2976 si
1009 2917 1346 2992 spectanda
1372 2931 1557 2976 causa
1588 2924 1715 2985 est,
1748 2922 1808 2974 et
1835 2923 1899 2976 tu
1928 2915 1983 2973 in
2010 2914 2217 2989 Bithy·

152 2999 252 3058 nia
293 3015 528 3060 summa
579 3015 715 3060 cum
759 2999 1049 3074 dignitate
1089 2999 1253 3060 suisti
1294 3006 1355 3059 et
1404 3014 1519 3073 ego
1558 2997 1759 3058 Rhodi
1800 3015 1921 3058 non
1964 2997 2219 3057 minore.

153 3083 304 3142 Nam
343 3083 506 3159 quod
536 3083 593 3142 in
627 3099 700 3144 eo
733 3100 830 3144 me
858 3081 1339 3158 reprehendisti,
1384 3082 1549 3156 quod
1584 3081 1827 3140 nimium
1858 3083 2079 3143 multos
2113 3081 2220 3138 de·

153 3166 490 3237 senderem,
526 3165 750 3227 utinam
780 3176 840 3228 et
868 3175 958 3239 tn,
991 3165 1094 3242 qui
1122 3173 1301 3241 potes
1321 3211 1334 3238 ‚
1362 3173 1423 3224 et
1488 3165 1712 3238 ceteri,
1754 3165 1855 3238 qui
1887 3163 2219 3236 defugiunt,

153 3251 378 3310 vellent
422 3265 517 3309 me
558 3245 768 3312 labore
807 3250 925 3310 hoc
962 3250 1197 3309 levaret
1244 3248 1367 3310 Sed
1408 3249 1473 3309 fit
1498 3258 1699 3309 vestra
1729 3245 2065 3320 diligentia,
2114 3243 2220 3318 qui

152 3331 358 3393 causis
389 3333 798 3408 ponderandis
833 3347 1044 3394 omnes
1074 3332 1199 3391 fere
1228 3330 1595 3406 repudiatis,
1633 3338 1699 3390 ut
1728 3331 1807 3388 ad
1839 3345 1951 3389 nos
1988 3328 2219 3402 plerae-

153 3431 276 3491 que
309 3413 648 3492 confluant,
695 3416 799 3492 qui
829 3415 1068 3476 miseris
1098 3424 1159 3476 et
1186 3413 1599 3475 laborantibus
1642 3428 1866 3488 negare
1896 3410 2039 3472 nihil
2070 3425 2211 3488 pos*
