2459 3817
610 528 696 610 M.
751 497 1094 610 Τύιιιι
1154 524 1679 609 ctcssnoms

223 693 467 776 ruo
553 692 800 775 εΗ.
885 689 1375 774 nosclo
1460 690 2053 790 Annium)

881 849 1409 946 ORATIO.

1028 1046 1267 1057 ——-

723 1162 1587 1233 ARGUMENTUM..

254 1278 416 1335 Quum
447 1275 567 1326 Sex.
605 1278 818 1327 Roscius
838 1314 853 1338 ,
883 1280 1143 1343 municeps
1175 1279 1443 1328 Amerinus
1480 1294 1543 1328 ex
1574 1278 1807 1339 Umbria,
1840 1278 1993 1330 homo
2028 1282 2171 1331 dives

122 1352 169 1393 et
199 1344 492 1409 splendidus
507 1380 524 1405 ,
561 1344 704 1395 finita
742 1346 846 1395 iam
887 1347 1255 1411 proscriptione
1286 1345 1522 1406 Sullana,
1564 1346 1758 1397 Romae
1788 1349 1985 1397 occisus
2016 1356 2171 1410 esset,

121 1428 296 1463 nomeu
320 1414 430 1461 eius
452 1413 506 1461 in
528 1412 726 1462 tabulas
750 1414 1128 1478 proscriptionis
1149 1413 1363 1465 relatum
1387 1422 1463 1464 est
1475 1450 1490 1475 ,
1520 1416 1654 1467 bona
1672 1416 1959 1473 venien-unu
1992 1414 2171 1477 fllium,

123 1479 234 1530 Sex.
270 1480 542 1541 Roscium,
584 1482 794 1530 Erucius
824 1483 1032 1545 quidam
1049 1518 1066 1543 ,
1104 1482 1409 1531 subornatus
1442 1498 1473 1531 a
1502 1485 1559 1535 L.
1598 1482 1953 1550 Chrysogono,
1998 1484 2171 1535 Sullae

122 1548 293 1598 liberto
310 1584 326 1608 ,
358 1549 446 1610 qui
475 1549 610 1597 bona
641 1558 856 1609 emerat,
899 1559 948 1599 et
977 1550 1105 1599 Titis
1135 1549 1334 1599 Rosciis
1366 1549 1609 1615 Capitone
1638 1558 1687 1601 et
1716 1553 1931 1617 Magno,
1973 1554 2171 1602 Ameri-

125 1618 224 1676 nis,
266 1616 487 1665 inimicis
530 1614 702 1666 Roscii
743 1619 928 1678 occisi,
977 1620 1064 1679 qui
1108 1618 1330 1683 praedae
1370 1620 1645 1683 participes
1689 1630 1858 1680 erant,
1913 1621 2173 1685 parricidii

125 1685 387 1734 accusavit.
456 1682 584 1733 Eum
615 1683 790 1735 Cicero
803 1721 818 1745 ,
853 1687 939 1749 qui
971 1697 1076 1735 tum
1109 1699 1297 1734 annum
1326 1687 1633 1751 vigesimum
1662 1688 1936 1752 septimum
1968 1688 2170 1753 agebat,

125 1753 254 1815 apud
291 1751 359 1800 Μ.
391 1751 636 1803 Fannium
673 1761 958 1817 praetorem
975 1789 992 1815 ,
1034 1755 1122 1816 qui
1164 1755 1449 1815 quaestioni
1488 1756 1619 1803 inter
1668 1756 1878 1804 sicarios
1918 1764 2171 1819 praeerat,

125 1818 212 1869 hac
243 1820 472 1869 oratione
501 1821 573 1869 ita
607 1818 832 1871 defendit
848 1858 863 1882 ,
907 1831 963 1871 ut
993 1822 1184 1871 crimen
1213 1822 1267 1869 in
1297 1820 1681 1887 Chrysogonum
1710 1829 1760 1871 et
1791 1823 1933 1871 Titos
1962 1821 2173 1886 Roscios

125 1888 360 1941 reiiceret.
432 1886 597 1937 Causa
643 1896 755 1937 acta
801 1898 876 1940 est
916 1891 975 1940 L.
1025 1888 1255 1939 Cornelio
1300 1886 1441 1938 Sana
1470 1890 1515 1937 Π
1532 1926 1547 1948 ,
1592 1888 1808 1940 Caecilio
1854 1888 2052 1940 Metello
2082 1890 2172 1940 Pio

129 1954 259 2008 Coss.
277 1992 292 2014 ,
331 1956 391 2009 L.
428 1954 568 2005 Sulla
609 1957 878 2017 dictatore,
924 1972 1056 2007 anno
1101 1971 1157 2020 p.
1188 1972 1241 2008 u.
1274 1972 1318 2008 c.
1349 1955 1641 2007 DCLXXIV
1668 1958 1816 2007 Varr.
1832 1994 1847 2018 ,
1890 1974 1936 2009 a.
1970 1957 2084 2009 Chr.
2117 1974 2170 2008 u.

127 2021 314 2073 Lm.
395 2024 538 2073 Hanc
591 2025 806 2088 primam
861 2028 914 2074 in
952 2026 1140 2074 iudicio
1183 2024 1388 2089 publico
1443 2027 1718 2075 orationem
1762 2024 1934 2076 Cicero
1977 2025 2171 2077 habuit.

131 2087 272 2151 [Vide
301 2090 556 2142 Ciceronis
595 2092 742 2140 Brut.
789 2110 832 2143 c.
861 2099 932 2146 ω.
972 2094 1024 2155 ς.
1055 2098 1148 2141 812.
1193 2093 1421 2143 eiusdem
1459 2094 1551 2147 lib.
1596 2095 1661 2145 de
1702 2095 1883 2159 officiis
1919 2094 1981 2147 11.
2022 2110 2065 2145 c.
2103 2099 2171 2141 u.

132 2158 174 2217 S.
204 2164 266 2208 51.
297 2158 552 2209 Plutarchi
578 2161 660 2209 vit.
695 2160 796 2211 θέο.
829 2176 874 2211 c.
903 2168 946 2214 ³.
982 2160 1128 2211 Gellii
1160 2160 1306 2211 Noct.
1338 2160 1451 2213 Au.
1483 2163 1572 2213 lib.
1600 2162 1716 2212 XV.
1747 2179 1793 2216 c.
1821 2160 1939 2227 28.].

281 2329 327 2386 1.
360 2327 418 2389 1.
464 2291 678 2389 Credo
727 2344 842 2403 ego
883 2344 1032 2402 νος,
1085 2326 1353 2401 iudiceS,
1406 2326 1613 2388 mirari
1668 2326 1819 2403 quid
1862 2326 1944 2387 sit
1986 2327 2173 2401 quod,

134 2426 306 2483 quum
349 2418 442 2471 tot
484 2412 702 2471 summi
745 2420 1020 2472 oratores
1061 2410 1469 2486 hominesque
1508 2408 1871 2470 nobilissimi
1900 2409 2173 2483 sedeant,

135 2508 238 2567 ego
271 2492 657 2568 potissimum
688 2492 1086 2567 surrexerim,
1119 2493 1222 2568 qui
1250 2509 1455 2568 neque
1484 2499 1681 2552 aetate
1705 2508 1908 2567 neque
1930 2492 2173 2567 ingenio

133 2590 322 2650 neque
371 2576 730 2637 auctoritate
777 2576 891 2636 sim
946 2592 1083 2637 cum
1131 2575 1229 2636 his
1246 2622 1263 2651 ,
1326 2575 1432 2651 qui
1484 2575 1769 2647 sedeant,
1818 2591 2173 2650 comparan-

134 2658 258 2717 dus.
315 2657 540 2719 Omnes
569 2658 660 2731 hi,
705 2673 864 2733 quos
893 2657 1116 2721 videtis
1144 2658 1389 2732 adesse,
1415 2659 1477 2718 in
1502 2664 1618 2717 nac
1650 2672 1841 2717 causa
1896 2657 2175 2718 iniuriam

133 2756 284 2802 novo
325 2743 560 2802 scelere
599 2740 925 2801 conflatam
969 2749 1182 2815 putant
1209 2750 1495 2817 oportere
1523 2739 1799 2815 defendi,
1846 2740 2175 2800 defendere

134 2820 242 2897 ipsi
284 2833 534 2899 propter
579 2822 954 2898 iniquitatem
992 2832 1333 2899 temporum
1373 2839 1495 2883 non
1539 2824 1783 2885 audent.
1868 2824 1959 2883 lta
1999 2824 2065 2885 fit
2110 2831 2177 2883 ut

135 2905 324 2967 adsint
365 2910 718 2979 propterea,
769 2906 937 2981 quod
977 2906 1246 2967 officium
1286 2914 1653 2981 sequuntur,
1692 2914 1937 2967 taceant
1976 2916 2175 2967 autem

137 2986 379 3061 idcirco,
427 2988 574 3064 quia
613 2987 948 3065 periculum
983 2988 1190 3050 vitant.
1276 2987 1336 3048 2.
1384 2987 1539 3061 Quid
1580 2996 1773 3063 ergo?
1817 2989 2174 3050 Audacissi-

141 3084 260 3131 mus
299 3088 417 3147 ego
458 3088 541 3131 ex
586 3072 909 3133 omnibus?
960 3071 1224 3131 Minime.
1287 3074 1378 3136 An
1409 3078 1575 3134 tanto
1620 3070 1957 3133 officiosior
1992 3088 2175 3147 quam

146 3154 391 3215 caeteri?
430 3154 542 3215 ‚Ne
586 3153 762 3215 istius
806 3153 1051 3227 quidem
1094 3152 1292 3214 laudis
1326 3156 1407 3215 ita
1436 3170 1571 3215 sum
1599 3154 1891 3229 cupidu8‚
1934 3164 2001 3215 ut
2038 3154 2174 3214 aliis

146 3250 260 3296 eam
304 3245 685 3313 praereptam
713 3237 914 3297 velim.
971 3239 1136 3311 Quae
1165 3252 1263 3295 me
1290 3235 1471 3311 igitur
1496 3252 1597 3296 res
1630 3245 1869 3311 praeter
1898 3244 2174 3297 caeteros

148 3314 360 3393 impulit
381 3328 450 3381 ut
475 3335 726 3381 causam
747 3318 890 3380 Sex.
911 3318 1122 3380 Roscii
1149 3319 1530 3395 reciperem?
1580 3318 1731 3391 Quia
1746 3366 1761 3393 ,
1785 3320 1837 3379 si
1862 3318 2000 3393 quis
2030 3316 2173 3377 isto-

148 3414 258 3461 rum
292 3402 578 3474 dixisset,
625 3419 782 3478 quos
817 3401 1045 3463 videtis
1069 3403 1321 3475 adesse,
1360 3401 1421 3460 in
1452 3399 1673 3473 quibus
1704 3417 1939 3535 stumma
1968 3406 2175 3457 aucto-

221 3500 330 3545 czc.
368 3501 550 3547 orm-r.
587 3495 624 3542 1.
