2459 3817
1 836 5 875 -vv
1 670 8 795 —r--a-
2 586 8 627 --
1 490 7 545 --
1 422 8 461 ..-

711 380 798 465 M·
855 382 1128 467 TULLII
1181 382 1612 468 CICERONIS

494 542 687 641 1¹11«)
740 545 843 641 M.
902 542 1423 667 ΜΑΒοΕιιο
1480 542 1873 642 cumo.

829 850 1502 919 ARGUMENTUM.

273 992 341 1043 M.
381 990 622 1046 Claudius
656 990 924 1045 Marcellus
939 1028 958 1057 ,
989 988 1058 1041 M.
1091 986 1248 1048 filius,
1279 988 1454 1039 consul
1490 1000 1621 1041 anno
1656 1001 1711 1055 p.
1748 1004 1804 1043 u.
1843 1006 1889 1043 c.
1928 993 2047 1051 703.
2086 1012 2198 1050 cum

131 1058 247 1113 Ser.
281 1058 508 1127 Sulpicio
544 1062 678 1113 Rufo
707 1062 772 1111 iis
801 1062 955 1110 rebus
981 1057 1242 1121 cnuthum
1280 1070 1408 1120 quas
1444 1055 1499 1108 C.
1532 1056 1745 1121 Caesar,
1785 1074 1941 1123 quum
1972 1074 2105 1115 esset
2144 1068 2195 1116 in

132 1120 300 1180 Gallia
313 1163 328 1187 ,
380 1144 414 1179 a
451 1136 630 1180 senatu
675 1128 952 1193 postulavit
965 1160 984 1190 ,
1045 1138 1158 1174 sese
1201 1133 1507 1190 opposuerat
1552 1126 1761 1189 eiusque
1804 1130 2015 1181 consilia
2050 1148 2197 1183 secus

131 1198 286 1245 etiam
319 1210 380 1245 ac
405 1196 562 1246 voluit
587 1196 779 1261 collega
810 1196 918 1245 eius
953 1193 1305 1259 impedirent,
1338 1199 1395 1243 ut
1423 1208 1585 1257 neque
1608 1194 1664 1246 C.
1689 1194 1893 1247 Caesari
1930 1200 2197 1265 imperium

131 1270 493 1328 prorogaretur
523 1278 686 1327 neque
721 1264 830 1315 eius
863 1261 1085 1313 absentis
1121 1261 1252 1310 ratio
1302 1262 1519 1313 comitiis
1554 1264 1901 1315 consularibus
1930 1266 2199 1319 haberetur

131 1346 296 1394 neque
334 1331 524 1381 colonis
541 1368 556 1393 ,
601 1346 728 1397 quos
770 1330 827 1382 C.
874 1330 1060 1381 Caesar
1089 1328 1289 1379 Novum
1317 1322 1527 1381 Comum
1571 1331 1875 1393 deduxerat,
1923 1334 2003 1385 ius
2047 1350 2196 1387 suum

131 1406 374 1459 maneret,
411 1401 594 1463 quibus
635 1400 787 1451 rebus
825 1400 1059 1450 omnibus
1085 1396 1411 1447 vehementer
1454 1398 1511 1448 C.
1546 1396 1773 1450 Caesaris
1813 1401 2014 1454 animus
2041 1404 2196 1455 offen-

132 1481 224 1517 sus
253 1474 376 1527 erat,
411 1468 528 1519 vide
563 1470 632 1521 M.
682 1468 939 1519 Ciceronis
969 1482 1048 1529 ep.
1095 1466 1168 1516 ad
1195 1466 1479 1524 familiares
1516 1466 1605 1517 lib.
1656 1468 1790 1519 vm.
1832 1484 1914 1535 ep.
1960 1472 2012 1523 8.
2062 1475 2196 1525 eius-
2240 1536 2242 1539 Α

133 1537 248 1586 dem
280 1550 360 1599 ep.
388 1537 462 1587 ad
482 1538 698 1589 Atticm
728 1536 816 1591 lib.
842 1538 910 1589 V.
945 1550 1026 1601 ep.
1070 1534 1152 1585 Il.
1189 1534 1338 1584 Hirtii
1380 1534 1445 1585 de
1472 1534 1601 1587 bello
1626 1537 1815 1589 Gallico
1841 1538 1931 1591 lib.
1968 1542 2101 1592 VIII.
2148 1558 2195 1592 c.

133 1603 217 1655 53.
251 1602 478 1669 Appiani
508 1606 682 1657 bellnam
715 1607 855 1657 civile
882 1606 970 1655 lib.
1001 1604 1090 1657 VI.
1131 1618 1176 1658 e.
1215 1604 1284 1653 25
1320 1616 1397 1665 sq.
1466 1602 1720 1655 Plutarchi
1762 1608 1851 1659 vit.
1888 1609 2126 1661 Caesaris
2148 1626 2193 1660 c.

133 1672 216 1725 29.
263 1672 490 1722 eiusdem
531 1676 618 1724 vit.
647 1674 874 1736 Pompeii
915 1688 962 1723 c.
991 1668 1078 1723 58.
1147 1670 1334 1721 Exorto
1379 1677 1547 1721 autem
1594 1674 1707 1735 ipso
1754 1674 1894 1723 civili
1928 1676 2061 1726 bello
2098 1676 2189 1733 Cn.

134 1740 361 1803 Pompeii
391 1746 556 1789 castra
589 1749 792 1790 secutus
827 1742 879 1789 in
912 1740 1020 1789 acie
1051 1738 1344 1788 Pharsalica
1366 1745 1536 1787 contra
1566 1737 1829 1789 Caesarem
1858 1752 2193 1807 pugnaverat.

134 1806 250 1858 Post
278 1806 544 1868 Mytilenae
577 1820 634 1857 se
665 1807 960 1866 contulerat,
992 1812 1053 1856 vut
1086 1807 1278 1856 otiosus
1308 1804 1485 1854 litteris
1512 1820 1719 1869 operam
1750 1818 1970 1870 navaret,
2002 1826 2101 1873 qua
2131 1812 2195 1862 de

132 1888 184 1924 re
209 1874 438 1925 conferas
457 1873 710 1927 Ciceronis
726 1875 936 1925 Brutum
952 1890 996 1927 c.
1021 1875 1108 1928 71.
1133 1874 1185 1935 3.
1211 1872 1339 1925 250.
1361 1881 1469 1923 tum
1492 1871 1713 1925 Senecae
1730 1880 1913 1927 consol.
1950 1879 2024 1928 ad
2040 1880 2189 1934 Helu.

131 1958 176 1993 c.
214 1939 270 1993 9.
329 1942 532 1993 Frustra
565 1944 718 1993 amici
752 1944 861 1992 eius
889 1942 1106 1991 reditum
1137 1948 1194 1991 ut
1227 1942 1277 1991 ei
1308 1941 1605 1992 concederet
1637 1956 1668 1992 a
1712 1942 1767 1999 G.
1804 1943 2015 1997 Caesare
2042 1948 2193 2011 flagi-

131 2017 374 2070 taverunt,
405 2025 458 2063 v,
484 2009 736 2062 Ciceronis
768 2026 851 2075 ep.
881 2010 955 2060 ad
975 2010 1259 2075 familiares
1282 2008 1371 2062 lib.
1401 2010 1491 2059 lv,
1526 2024 1607 2075 ep.
1634 2011 1683 2063 1.
1722 2018 1789 2061 et.
1814 2012 1867 2068 8.
1900 2015 2019 2065 Post
2038 2031 2194 2077 quum

133 2076 318 2129 Caesar
353 2092 416 2128 ex
439 2078 614 2129 Africa
642 2080 856 2130 redisset
891 2092 1022 2128 anno
1047 2092 1100 2144 p.
1125 2094 1176 2132 u.
1215 2093 1262 2132 c.
1296 2078 1439 2138 708„
1466 2076 1519 2127 C.
1546 2078 1832 2141 Marcellus,
1872 2082 1937 2132 Μ.
1972 2084 2193 2134 Marcelli

132 2146 303 2205 trater,
338 2146 554 2198 reditum
591 2148 734 2199 fratri
771 2148 836 2198 ab
869 2162 930 2197 eo
956 2148 1261 2213 impetravit.
1330 2146 1535 2195 Fecerat
1564 2148 1697 2197 enim
1720 2146 1818 2197 hoc
1846 2159 2075 2212 senatus,
2118 2160 2192 2213 ut,

131 2228 284 2277 quum
319 2229 350 2264 a
373 2214 434 2267 L.
464 2216 648 2267 Pisone
669 2216 856 2266 mentio
887 2222 1020 2267 esset
1040 2214 1172 2265 facta
1203 2214 1266 2264 de
1296 2212 1534 2264 Marcello
1572 2221 1621 2265 et
1646 2229 1801 2278 quum
1832 2217 1887 2271 C.
1925 2218 2193 2271 Marcellus

40 2297 48 2305 ·
133 2296 188 2331 se
219 2282 288 2336 ad
322 2280 550 2333 Caesaris
591 2284 750 2350 pedes
792 2285 1094 2345 abiecisset,
1136 2290 1345 2333 cunctus
1388 2290 1713 2348 consurgeret
1756 2293 1805 2335 et
1831 2288 1898 2337 ad
1928 2286 2191 2339 Caesarem

131 2349 346 2416 supplex
369 2352 642 2403 accederet.
679 2353 774 2402 Hic
803 2352 913 2403 dies
943 2352 1010 2402 M.
1051 2350 1279 2401 Ciceroni
1303 2350 1376 2401 ita
1407 2350 1621 2417 pulcher
1660 2353 1798 2405 visus
1829 2362 1953 2417 erat,
1990 2363 2045 2406 ut
2072 2372 2190 2422 spe-

132 2420 257 2469 ciem
291 2419 516 2482 aliquam
549 2420 804 2487 videretur
838 2420 1006 2471 videre
1039 2420 1185 2483 quasi
1210 2420 1557 2471 reviviscentis
1594 2421 1668 2470 rei
1700 2422 1951 2487 publicae.
2016 2426 2189 2487 Itaque

132 2502 284 2550 quum
323 2502 496 2539 omnes
527 2488 634 2539 fere
668 2495 784 2539 ante
815 2504 930 2539 eum
977 2489 1142 2554 rogati
1165 2488 1461 2538 sententiam
1492 2490 1682 2555 gratias
1715 2490 1920 2543 Caesari
1948 2494 2189 2559 egissent,

131 2556 240 2621 ipse
295 2570 496 2621 quoque
541 2555 712 2607 Cicero
756 2556 989 2622 pluribus
1035 2557 1200 2607 verbIs
1248 2557 1351 2619 egit
1376 2556 1577 2607 Caesari
1612 2559 1829 2625 gratias,
1874 2576 1973 2622 qua
2019 2561 2083 2611 de
2133 2577 2191 2611 re

133 2623 360 2675 conteras
387 2626 559 2689 ipsum
590 2626 644 2676 in
675 2640 756 2689 ep.
789 2626 1154 2689 adfawdlt‘ares
1183 2624 1273 2675 lib.
1294 2626 1381 2675 IV.
1412 2640 1497 2689 ep.
1516 2629 1568 2678 4.
1587 2626 1639 2687 ς.
1664 2624 1698 2677 3
1728 2640 1829 2691 sq„
1860 2642 2009 2691 quam
2032 2631 2187 2679 actio-

131 2706 243 2741 nem
279 2694 587 2758 gratiarum,
645 2708 747 2757 qua
794 2694 1030 2744 diuturno
1081 2696 1136 2744 iu
1181 2700 1362 2743 senatu
1400 2694 1599 2743 silentio
1648 2694 1799 2743 finem
1846 2696 2057 2757 fecerat,
2096 2712 2189 2761 po-

131 2766 238 2809 stea
265 2762 564 2827 conscripsit
595 2770 790 2823 orator,
843 2768 899 2811 ut
930 2762 1037 2813 fere
1072 2761 1269 2813 solebat
1314 2762 1479 2811 facere
1493 2798 1509 2823 ,
1542 2762 1976 2827 conscriptumque
2010 2765 2185 2817 edidit.

133 2828 232 2877 Nec
268 2827 467 2878 videtur
489 2828 594 2879 ullo
638 2830 791 2879 modo
829 2829 1049 2879 dubitari
1080 2845 1232 2896 posse
1267 2830 1389 2891 quin
1416 2829 1543 2879 haec
1579 2830 1709 2893 ipsa,
1736 2843 1867 2893 quae
1898 2832 2028 2882 infra
2064 2831 2190 2897 legi-

131 2902 239 2957 tur,
265 2897 424 2946 oratio
453 2912 514 2947 ea
545 2898 659 2961 ipsa
689 2898 968 2963 gratiarum
1000 2898 1132 2947 actio
1168 2899 1265 2956 sit,
1311 2912 1443 2959 quae
1481 2911 1583 2947 non
1618 2896 1781 2947 solum
1813 2899 1987 2949 multis
2019 2914 2189 2966 gram-

133 2964 428 3015 maticorum
461 2964 586 3015 locis
622 2971 672 3015 et
696 2966 1038 3017 notationibus
1070 2966 1332 3025 laudatur,
1384 2979 1557 3015 verum
1595 2966 1743 3016 etiam
1774 2966 1888 3032 ipsa
1920 2969 2189 3018 auctorita·

133 3039 230 3082 tem
257 3031 520 3084 Tullianae
552 3032 865 3097 eloquentiae
901 3034 1098 3083 videtur
1127 3048 1250 3098 prae
1262 3047 1330 3109 ge
1364 3032 1513 3083 ferre.
1530 3058 1596 3071 -
1621 3032 1689 3087 M.
1720 3043 1887 3085 antem
1920 3034 2188 3087 Marcellus

136 3100 320 3151 diutius
355 3102 606 3167 Mytilenis
642 3108 866 3153 moratus
899 3108 1138 3165 sequente
1175 3102 1377 3153 demum
1420 3116 1551 3153 anno
1588 3102 1685 3151 iter
1718 3104 1929 3154 Romam
1972 3105 2186 3169 paravit,

135 3184 230 3232 quo
268 3168 320 3218 in
351 3170 525 3221 itinere
561 3184 716 3233 quum
750 3171 1012 3220 Piraeeum
1057 3170 1294 3234 venisset,
1329 3184 1362 3221 a
1395 3169 1449 3219 P.
1487 3169 1656 3235 Magio
1696 3170 1865 3221 Cilone
1900 3172 2187 3222 interfectus

135 3244 279 3299 atque
329 3252 361 3287 a
409 3236 518 3290 Ser.
563 3235 790 3303 Sulpicio
832 3238 996 3303 Rufo,
1051 3240 1139 3302 qui
1179 3239 1291 3290 eius
1352 3237 1552 3305 collega
1586 3240 1636 3287 in
1688 3240 1949 3290 consulatu
2001 3238 2185 3299 fuerat,

133 3307 184 3355 in
219 3308 483 3371 gymnasio
518 3305 830 3357 Academico
868 3306 1096 3372 sepultus
1133 3314 1236 3367 est,
1273 3305 1378 3358 vid.
1418 3307 1671 3357 Ciceronis
1710 3321 1789 3369 ep.
1818 3308 1891 3357 ad
1906 3307 2188 3370 familiares

134 3371 222 3423 lib.
262 3372 328 3427 V.
362 3386 442 3439 ep.
477 3376 566 3429 42.
599 3373 664 3425 cl.
701 3372 957 3427 Ciceronis
992 3390 1076 3441 ep.
1103 3376 1176 3427 ad
1207 3374 1541 3427 Atticum‘lib.
1580 3372 1715 3427 XIII.
1745 3388 1826 3441 ep.
1865 3374 1947 3427 10.
1986 3376 2033 3436 S.
2068 3374 2113 3427 3.
