2459 3817
273 164 400 233 134
785 160 934 225 PRO
967 162 1082 225 GN.
1108 162 1435 227 PLANCIO
1481 158 1785 225 ORATIO.

274 316 652 379 fortunarum
679 318 942 388 tuarum,
987 313 1102 377 sed
1131 312 1411 377 comitem
1442 311 1803 389 sociumque
1832 312 2187 389 profitebor
2200 336 2219 369 ε
2270 322 2353 375 at-

274 414 412 475 que,
447 406 516 461 ut
534 412 744 473 spero,
769 411 946 457 nemo
969 394 1084 459 erit
1103 404 1224 459 tam
1246 396 1475 459 crudeli
1495 396 1699 458 animo
1724 403 1967 471 tamque
1996 394 2351 457 inhumano

271 497 388 543 nec
418 488 540 543 tam
571 478 885 541 immemor
913 495 1036 541 nou
1069 478 1266 541 dicam
1304 495 1573 541 meorum
1613 478 1674 539 iu
1716 479 1914 539 bonos
1954 478 2350 551 meritorum,

275 563 392 627 sed
417 564 718 623 bonorum
745 559 808 623 in
835 578 934 622 me
952 606 968 633 ,
1003 560 1108 637 qui
1139 578 1179 621 a
1205 578 1303 623 me
1332 560 1451 622 mei
1484 568 1857 623 servatorem
1888 559 2115 637 capitis
2146 562 2349 623 divel-

269 647 356 705 lat
391 659 467 705 ac
506 643 818 707 distrahat.
903 644 1038 705 Non
1075 659 1192 719 ego
1236 643 1387 705 meis
1422 652 1701 707 ornatum
1737 642 2051 705 beneficiis
2084 660 2130 703 a
2158 646 2349 705 vobis

273 726 606 801 deprecor,
647 725 914 802 iudices,
953 727 1066 789 sed
1105 727 1422 789 custodem
1458 726 1670 789 salutis
1712 742 1913 789 meae:
1952 741 2079 785 non
2110 727 2349 802 opibus

275 809 619 884 contendo,
645 824 768 871 non
795 810 1180 879 auctoritate,
1213 824 1335 871 non
1362 809 1585 884 gratia,
1619 810 1731 871 sed
1761 808 2065 885 precibus,
2104 810 2231 869 sed
2260 814 2345 869 la-

275 890 513 964 crimis,
555 892 666 952 scd
705 890 1158 969 misericordia,
1195 906 1556 966 mecumque
1583 908 1700 952 vos
1729 892 1903 951 simul
1932 891 2030 951 hic
2064 891 2344 952 miserri—

271 992 409 1037 mus
444 982 506 1035 et
534 973 800 1049 optimus
829 974 1164 1035 obtestatur
1193 989 1417 1051 parens
1452 980 1512 1033 et
1542 989 1655 1048 pro
1678 989 1796 1033 uno
1822 974 1945 1035 filio
1969 974 2095 1033 duo
2128 986 2338 1049 patres

274 1056 694 1133 deprecamur.
780 1054 921 1119 10³.
950 1054 1164 1130 Nolite,
1194 1055 1450 1131 iudices,
1480 1070 1593 1130 per
1616 1072 1755 1130 vos,
1782 1072 1895 1133 per
1921 1057 2205 1119 fortunas
2237 1073 2337 1116 ve-

274 1148 454 1211 stras,
481 1155 594 1215 per
622 1138 846 1201 liberos
877 1151 1148 1213 vestroS,
1175 1137 1433 1201 inimicis
1456 1139 1628 1213 meis,
1660 1138 1737 1199 iis
1764 1137 2147 1215 praesertim,
2176 1155 2339 1213 quos

273 1238 390 1297 ego
414 1238 526 1298 pro
550 1232 754 1286 vestra
777 1224 969 1284 salute
991 1220 1271 1301 antecepi,
1299 1222 1447 1283 dare
1470 1219 1757 1301 laetitiam
1793 1219 2199 1299 gloriantibus
2219 1238 2337 1281 vos

274 1305 398 1365 iam
426 1302 648 1366 oblitos
677 1304 797 1365 mei
829 1306 1042 1365 salutis
1069 1304 1220 1379 eius,
1248 1321 1289 1365 a
1316 1319 1437 1381 quo
1470 1320 1605 1364 mea
1632 1306 1800 1365 salus
1828 1312 2199 1366 conservata
2224 1312 2341 1375 est,

271 1385 488 1446 hostes
515 1383 854 1447 exstitisset
885 1384 1071 1447 nolite
1098 1384 1361 1447 animum
1388 1402 1587 1449 meum
1616 1384 1931 1449 debilitare
1952 1403 2145 1462 quum
2174 1387 2340 1448 luctu

273 1476 402 1529 tum
442 1466 621 1527 etiam
661 1474 828 1527 metu
863 1475 1264 1528 commutatae
1284 1476 1524 1529 vestrae
1551 1467 1878 1531 voluntatis
1908 1486 2055 1545 erga
2082 1486 2215 1529 me=
2258 1469 2339 1529 si-

277 1549 403 1609 nite
431 1563 560 1623 me,
588 1548 756 1623 quod
783 1548 961 1609 vobis
991 1550 1180 1611 fretus
1205 1547 1347 1609 huic
1371 1566 1561 1625 saepe
1594 1550 1873 1626 promisi,
1904 1550 1969 1613 id
2000 1568 2040 1613 a
2066 1552 2253 1613 vobis
2282 1551 2339 1611 ei

273 1631 650 1709 persolvere.
737 1627 876 1693 104.
902 1630 1128 1706 Teque,
1161 1632 1224 1693 C.
1245 1630 1447 1705 Flave,
1478 1648 1590 1693 oro
1624 1642 1687 1695 et
1706 1635 1995 1707 obtestor,
2028 1634 2137 1709 qui
2170 1651 2336 1695 meo-

273 1730 413 1777 rum
439 1712 833 1781 consiliorum
863 1714 927 1775 in
959 1715 1281 1775 consulatu
1302 1714 1529 1788 socius,
1560 1715 1970 1791 periculorum
1998 1716 2335 1791 particeps

276 1814 508 1873 rerum,
547 1814 702 1874 quas
725 1796 926 1874 sessi,
967 1796 1206 1859 adiutor
1233 1795 1429 1869 fuisti,
1467 1814 1689 1873 meque
1730 1816 1849 1861 non
1880 1800 2065 1860 modo
2097 1802 2331 1861 salvum

277 1898 552 1958 semper,
598 1881 712 1943 sed
752 1882 934 1947 etiam
973 1890 1251 1943 ornatum
1280 1879 1723 1955 florentemque
1764 1898 1907 1943 esse
1949 1880 2234 1956 voluisti,
2277 1892 2337 1941 ut

277 1966 422 2025 mihi
449 1982 562 2040 per
589 1964 706 2024 hos
735 1980 1067 2025 conserves
1095 1980 1237 2026 cum
1256 2008 1275 2035 ‚
1329 1978 1438 2037 per
1484 1980 1665 2039 quem
1702 1981 1804 2025 me
1834 1963 1943 2025 tibi
1974 1964 2161 2024 ethis
2194 1980 2333 2025 con·

279 2056 584 2121 servatum
623 2045 818 2107 vides.
902 2047 1079 2107 Plura
1121 2062 1198 2107 ne
1240 2044 1435 2107 dicam
1484 2053 1623 2107 tuae
1664 2064 1763 2109 me
1814 2047 1993 2111 etiam
2046 2048 2336 2107 lacrimae

279 2128 620 2203 impediunt
649 2137 1032 2203 vestraeque,
1057 2130 1312 2203 iudiceS,
1340 2145 1463 2189 uon
1492 2130 1692 2191 solum
1727 2146 1925 2205 meae,
1964 2128 2195 2205 quibus
2224 2146 2334 2204 ego

282 2226 502 2283 magno
540 2208 604 2269 in
635 2217 796 2270 metu
830 2226 966 2271 meo
997 2211 1198 2273 subito
1230 2210 1534 2272 inducor
1516 2228 1577 2272 m
1608 2228 1811 2287 spem,
1844 2228 1960 2273 vos
1990 2213 2297 2273 eosdem
2280 2228 2334 2271 tn

279 2291 400 2353 hoc
431 2292 854 2354 conserva-ndo
885 2295 1150 2367 futuroS,
1192 2293 1299 2368 qui
1341 2292 1573 2357 fueritis
1621 2296 1679 2355 in
1710 2312 1834 2367 me,
1872 2296 2167 2369 quoniam
2204 2293 2335 2355 istis

285 2371 510 2434 vestris
537 2373 798 2435 lacrimis
830 2376 908 2435 de
941 2374 1059 2437 illis
1086 2376 1395 2451 recordor,
1426 2393 1581 2454 quas
1612 2394 1723 2454 pro
1752 2394 1849 2439 me
1879 2392 2067 2453 saepe
2096 2386 2162 2439 et
2188 2378 2334 2439 mul—

282 2465 406 2517 tum
435 2454 810 2531 profudistis.
