2459 3817
787 270 874 350 M.
937 268 1218 373 TULLII
1279 270 1705 353 CICERONIS

197 395 746 597 ACTIONIS
808 400 912 494 ΙΝ
979 400 1070 495 C.
1131 398 1620 493 VERREM
1680 400 2278 503 SECUNDAE

1177 548 1314 593 SIVE

619 647 1182 733 AGGUSA'rlole
1225 649 1469 732 LIBER
1511 649 1875 742 QUARTUS

980 784 1080 837 9111
1119 780 1498 828 mscmmwn

935 882 1056 948 1113
1128 879 1531 947 sienis.

821 1101 1643 1163 ARGUMENTUM.

337 1202 426 1255 Cn.
457 1202 698 1266 Pompeio
743 1202 971 1266 primum
1015 1212 1065 1251 et
1110 1201 1178 1255 M.
1225 1200 1406 1251 Crasso
1447 1216 1581 1250 coss.
1630 1200 1687 1253 G.
1724 1202 1937 1266 Verres,
1980 1205 2277 1269 perfunctus

195 1279 499 1336 quaestura,
541 1270 825 1335 legatione,
864 1277 1103 1334 praetura
1133 1271 1357 1330 urbana,
1410 1278 1553 1333 patre
1591 1268 1645 1322 G.
1681 1272 1841 1320 Verre
1877 1278 1926 1321 et
1960 1282 2277 1338 praetextato

189 1341 302 1391 filio
341 1345 391 1388 et
433 1338 536 1387 fllia
573 1344 750 1405 nupta,
796 1349 1011 1387 uxorem
1059 1338 1286 1400 habens,
1335 1352 1494 1399 quum
1541 1340 1877 1389 successisset
1914 1342 1968 1389 in
1996 1339 2173 1392 Sicilia
2216 1342 2274 1396 G.

191 1408 458 1461 Sacerdoti
491 1408 712 1472 praetori
747 1421 960 1469 eamque
989 1406 1092 1457 sibi
1123 1419 1226 1456 non
1254 1406 1557 1456 succedente
1584 1406 1735 1457 Arrio
1776 1422 1869 1472 per
1898 1410 2171 1461 triennium
2204 1421 2277 1461 te-

189 1480 418 1538 nuisset,
466 1482 618 1539 atque
663 1478 718 1525 in
767 1491 829 1527 ea
867 1475 1052 1525 fuisset
1093 1475 1399 1535 libidinose,
1442 1489 1595 1525 avare
1625 1474 1995 1541 crudeliterque
2026 1488 2275 1540 versatus,

189 1546 498 1597 succedente
525 1546 732 1597 tandem
765 1546 820 1595 in
857 1545 1037 1596 eadem
1073 1545 1342 1609 provincia
1365 1542 1602 1610 Metello,
1638 1544 2031 1611 repetundarum
2062 1564 2179 1599 reus
2211 1550 2275 1598 ab

191 1614 382 1665 Siculis
418 1612 704 1679 postulatus
735 1619 840 1673 est,
885 1627 1092 1663 causam
1123 1620 1308 1678 agente
1336 1612 1401 1663 M.
1432 1611 1689 1663 Cicerone.
1740 1614 1905 1674 Quum
1934 1624 2102 1666 autem
2128 1632 2276 1682 prae-

189 1691 371 1750 parata
405 1683 726 1733 accusatione
760 1682 830 1731 M.
863 1682 1065 1731 Tullius
1101 1683 1297 1733 videret
1334 1682 1391 1731 id
1424 1683 1539 1747 agi,
1571 1688 1627 1731 ut
1656 1696 1687 1731 a
1716 1681 1783 1730 M·
1822 1681 2091 1735 Glabrione
2124 1700 2276 1750 prae-

193 1765 302 1803 ¹ore
343 1758 393 1803 et
433 1752 519 1801 ab
548 1752 613 1801 iis
656 1752 942 1813 iudicibus,
989 1752 1078 1813 qui
1122 1758 1247 1801 tunc
1292 1757 1463 1811 erant,
1507 1750 1574 1800 ad
1602 1749 1760 1801 alium
1792 1764 1981 1801 annum
2017 1753 2275 1817 aliumque

185 1828 480 1888 praetorem
509 1835 594 1869 res
627 1824 736 1869 tota
763 1820 1004 1869 transiret
1036 1821 1420 1885 eripereturque
1455 1819 1557 1869 sibi
1595 1834 1713 1869 reus
1747 1820 2030 1883 patrocinio
2062 1820 2275 1873 Horten-

188 1891 260 1941 sii
299 1905 360 1939 ac
391 1888 614 1947 Metelli,
647 1890 736 1951 qui
765 1895 886 1937 tunc
917 1888 1152 1939 consules
1191 1888 1352 1938 futuri
1382 1894 1525 1937 erant
1554 1912 1627 1924 -—
1658 1901 1755 1952 per
1786 1886 1885 1939 hos
1920 1890 2055 1939 enim
2088 1894 2272 1942 Verres

187 1959 432 2009 eludendi
474 1958 654 2007 iudicii
700 1956 944 2006 fiduciam
980 1963 1269 2021 sumpserat
1301 1982 1371 1991 —
1382 1955 1545 2022 ,hoc
1580 1964 1893 2007 commentus
1930 1966 2007 2008 est
2041 1961 2272 2023 rationis,

185 2036 247 2077 ut
285 2026 571 2077 orationem
605 2024 814 2089 longam
849 2027 1267 2090 praetermitteret
1299 2039 1462 2087 neque
1492 2024 1546 2073 in
1580 2024 1877 2075 criminibus
1903 2026 2275 2078 declamatione

187 2093 518 2146 cumulandis
554 2100 754 2157 tempus
782 2094 1097 2156 absumeret,
1128 2095 1221 2144 sed
1245 2100 1443 2143 tantum
1469 2094 1621 2145 modo
1649 2095 1826 2144 citaret
1847 2100 2001 2146 testes
2028 2097 2095 2148 ad
2117 2112 2275 2146 unum

189 2163 434 2227 quodque
477 2163 670 2212 crimen
708 2164 996 2227 expositum
1027 2172 1077 2212 et
1113 2178 1202 2213 eos
1238 2162 1506 2213 Hortensio
1544 2163 1933 2229 interrogandos
1961 2165 2127 2216 dai-etz
2174 2180 2275 2229 qua

187 2240 300 2282 arte
339 2232 410 2279 ita
439 2238 516 2281 est
550 2230 796 2297 fatigatus
815 2230 1117 2282 Hortensius
1131 2269 1146 2297 ,
1183 2240 1240 2281 ut
1274 2231 1401 2281 nihil
1428 2242 1605 2282 contra
1633 2232 1770 2294 qnod
1796 2232 1985 2283 diceret
2009 2236 2273 2294 inveniret,

187 2304 306 2367 ipse
331 2300 483 2350 etiam
501 2299 688 2351 Verres
717 2300 986 2365 desperato
1007 2300 1291 2359 patrocinio
1316 2314 1409 2350 sua
1434 2309 1617 2365 sponte
1642 2300 1927 2351 discederet
1948 2302 2001 2351 in
2020 2303 2271 2353 exsilium.

329 2368 606 2433 Praecepta
652 2368 751 2419 hoc
784 2370 938 2419 modo
974 2370 1076 2421 sibi
1121 2372 1259 2417 iusta
1294 2370 1635 2419 accusationis
1670 2368 1821 2418 laude
1853 2368 1919 2418 M.
1958 2367 2131 2420 Cicero
2167 2380 2275 2421 sta-

191 2438 288 2488 tuit
325 2444 484 2487 totam
519 2452 723 2487 causam
760 2445 996 2488 accurate
1030 2440 1375 2503 perscribere,
1408 2453 1597 2502 genera
1632 2438 1897 2485 criminum
1934 2438 2135 2503 singula
2170 2439 2251 2489 sin

190 2506 334 2572 gulis
363 2506 505 2556 libris
540 2506 1106 2571 persequens.1taque
1141 2505 1270 2555 libro
1296 2504 1649 2556 Accusationis
1684 2506 1849 2570 primo
1887 2506 1994 2571 agit
2028 2506 2092 2556 de
2128 2522 2275 2572 prae·

187 2583 304 2625 tura
339 2576 558 2639 urbano,
609 2575 831 2625 secundo
878 2575 941 2624 de
987 2582 1228 2640 praetura
1265 2572 1551 2635 Siciliensi,
1598 2576 1747 2625 tertio
1792 2572 1859 2623 de
1892 2574 2171 2641 frumento,
2217 2577 2274 2626 id

189 2650 285 2702 est,
327 2644 390 2693 de
427 2643 578 2693 furtis
613 2644 666 2693 in
698 2644 840 2693 omni
870 2658 1058 2709 genere
1098 2643 1337 2693 frumenti
1367 2658 1398 2692 a
1425 2641 1477 2693 G.
1506 2644 1666 2692 Verre
1698 2644 1749 2691 in
1774 2639 1947 2691 Sicilia
1970 2645 2273 2705 commissis,

187 2712 366 2774 quinto
409 2712 474 2762 de
519 2710 786 2777 suppliciis
831 2712 1106 2762 crudeliter
1148 2712 1204 2760 in
1252 2710 1426 2761 Sicilia
1468 2712 1701 2777 sumptis.
1782 2709 1888 2759 Hoc
1931 2720 2100 2762 autem
2145 2713 2271 2763 libro

187 2781 532 2831 accusationis
577 2787 758 2843 quarto
801 2787 1066 2831 accusator
1112 2781 1435 2846 persequitur
1470 2780 1604 2829 furta
1638 2787 1688 2828 et
1720 2777 1974 2831 maleficia
2005 2778 2059 2831 G.
2097 2782 2273 2830 Verris

187 2851 244 2899 in
281 2848 574 2899 auferendis
609 2849 772 2915 signis
789 2887 804 2910 ,
853 2849 1042 2899 tabulis
1071 2851 1226 2914 pictis
1263 2850 1577 2910 caeterisque
1616 2849 1922 2898 ornamentis
1955 2858 2066 2898 tota
2100 2847 2275 2899 Sicilia

187 2918 484 2968 commissa.
555 2918 612 2967 In
660 2919 842 2980 quibus
877 2917 1030 2967 rebus
1062 2916 1401 2981 exsequendis
1438 2922 1605 2966 orator
1642 2915 1742 2966 hoc
1777 2915 1953 2966 ordine
1982 2918 2170 2978 utitur,
2219 2925 2273 2966 ut

185 2987 412 3051 primum
459 2985 722 3036 hominum
771 2986 1112 3050 privatorum,
1166 2984 1351 3035 deinde
1394 2984 1701 3049 oppidorum
1737 2992 1787 3033 et
1822 2984 2051 3035 fanorum
2089 3000 2273 3050 exspo-

183 3054 423 3105 liationes
455 3062 606 3117 atque
638 3055 950 3120 direptiones
987 3054 1246 3104 ostendat.

314 3194 362 3251 Ι.
410 3190 465 3251 1.
514 3157 722 3251 Venio
768 3207 930 3251 nunc
971 3191 1052 3251 ad
1092 3192 1320 3266 istiu&
1350 3207 1540 3265 quem
1572 3190 1653 3252 ad
1692 3191 1943 3253 modum
1984 3192 2119 3266 ipse
2166 3204 2243 3263 ap

189 3274 408 3349 pellat,
441 3274 753 3347 studium,
796 3282 862 3335 ut
889 3272 1068 3334 amici
1099 3274 1232 3334 eius
1249 3320 1266 3348 ‚
1308 3274 1586 3335 morbum
1618 3283 1679 3334 et
1714 3274 2013 3335 insaniam
2032 3316 2047 3343 ,
2085 3277 2151 3331 ut
2181 3269 2261 3329 Si·

187 3357 343 3433 culi,
380 3357 781 3419 latrocinium.
822 3358 954 3433 Ego
987 3372 1110 3431 quo
1146 3357 1394 3418 nomine
1416 3360 1718 3433 appellem
1744 3356 1987 3417 neseio:
2016 3370 2145 3413 rem
2166 3370 2270 3413 vo-
