2459 3817
269 140 388 206 174
437 143 586 206 PRO
606 145 673 206 Τ.
695 144 874 204 ΑΝΝ.
903 143 1196 206 MILONE
1217 143 1443 206 ORAT.
1484 143 1549 206 c.
1570 151 1812 208 37-38.
1841 151 1894 212 s.
1925 153 2235 208 102—105.
2266 157 2352 208 ω

273 301 467 355 morte
497 292 882 370 acquierunte
899 309 1022 368 quo
1051 293 1459 368 deprecante?
1482 309 1599 354 me.
1689 293 1831 356 103.
1869 293 2187 368 Quodnam
2216 309 2337 370 ego

271 375 532 451 concept
558 384 790 439 tantum
817 377 1021 438 scelus
1051 383 1158 437 ant
1183 376 1350 452 quod
1380 375 1440 436 in
1470 391 1567 438 me
1588 383 1816 438 tantum
1840 375 2075 438 facinus
2095 377 2339 451 admisi:

269 457 528 532 iudices,
557 475 745 534 quum
771 460 872 519 illa
907 456 1130 520 indicia
1159 458 1496 520 communis
1525 459 1691 521 exitii
1713 457 2017 534 indagavi,
2050 460 2335 535 patefeci,

270 541 511 618 protuli,
541 540 850 602 exstinxi?
889 540 1112 603 Omnes
1142 539 1204 602 in
1233 557 1334 602 me
1362 556 1661 617 meosque
1689 543 2035 604 redundant
2061 557 2137 603 ex
2166 543 2341 604 fonte

269 624 373 691 illo
401 623 668 685 dolores.
755 621 912 698 Quid
940 640 1037 686 me
1067 624 1360 687 reducem
1394 640 1537 686 esse
1565 625 1890 686 voluistis?
1921 640 1999 684 an
2032 632 2101 686 ut
2121 623 2333 700 inspe-

270 715 470 768 ctante
495 720 593 766 me
618 707 1068 783 expellerentur
1093 705 1153 781 ii,
1182 722 1295 782 per
1318 723 1478 783 quos
1500 722 1702 768 essem
1729 705 2043 769 restitutus
2060 714 2093 766 ²
2114 707 2333 779 Nolite,

271 790 532 852 obsecro
564 805 708 864 vos,
737 789 1114 852 acerbiorem
1139 788 1285 850 mihi
1310 789 1432 866 pati
1459 788 1719 852 reditum
1747 805 1908 864 esse,
1940 805 2121 865 quam
2154 791 2335 852 fuerit

269 872 370 934 ille
405 871 546 948 ipse
579 872 916 935 discessus.
1001 873 1152 934 Nam
1191 872 1297 949 qui
1342 888 1594 948 possum
1622 881 1837 948 putare
1866 887 1965 933 me
1990 873 2339 935 restitutum

270 971 430 1028 esse,
465 953 520 1016 si
547 955 850 1018 distrahar
875 957 956 1018 ab
987 954 1084 1028 iis,
1115 971 1227 1031 per
1258 972 1416 1031 quos
1443 957 1759 1018 restitutus
1788 962 1967 1018 sumt

391 1038 711 1100 XXXVIII.
753 1039 995 1101 Utinam
1039 1037 1104 1100 di
1141 1037 1512 1101 immortales
1555 1038 1849 1100 fecissent
1886 1071 1975 1086 --
2011 1052 2173 1114 pace
2206 1047 2332 1110 tua,

271 1122 494 1198 patria,
521 1121 807 1184 dixeritne
845 1131 1050 1184 metuo
1096 1123 1257 1183 enim
1286 1137 1367 1184 ne
1400 1123 1699 1183 scelerate
1729 1121 1927 1184 dicam
1954 1119 2015 1183 in
2056 1128 2119 1181 te
2164 1121 2330 1196 quod

271 1220 387 1280 pro
409 1204 638 1266 Milone
664 1203 864 1266 dicam
901 1205 1005 1282 pie
1049 1238 1119 1251 -
1165 1205 1393 1268 utinam
1422 1204 1486 1264 P.
1522 1203 1773 1266 Clodius
1798 1220 1921 1265 non
1948 1202 2135 1265 modo
2164 1203 2332 1264 vive-

269 1295 388 1360 ret,
423 1287 536 1348 sed
576 1286 755 1348 ctiam
785 1295 1057 1364 praetor,
1101 1291 1351 1362 consul,
1392 1286 1651 1349 dictator
1692 1296 1862 1349 esset
1900 1286 2106 1363 potius
2150 1303 2331 1362 quam

271 1369 388 1432 hoc
417 1370 832 1445 spectaculum
861 1370 1166 1433 viderem!
1213 1369 1356 1432 104.
1393 1369 1441 1432 0
1472 1370 1534 1431 di
1567 1371 1967 1432 immortales!
2012 1370 2230 1432 fortem
2272 1375 2331 1432 et

273 1468 308 1514 ι
341 1450 551 1524 vobis,
579 1451 845 1525 iudices,
875 1455 1363 1516 conservandum
1394 1452 1619 1514 virum!
1646 1452 1923 1528 Minime,
1951 1451 2215 1526 minime,
2242 1453 2333 1512 in-

266 1533 418 1612 quit.
501 1533 688 1596 lmmo
719 1551 866 1598 vero
891 1552 1123 1612 poenas
1154 1535 1257 1598 ille
1290 1535 1528 1598 debitas
1567 1536 1769 1598 luet-iu
1820 1551 1937 1596 nos
1977 1535 2329 1608 subeamus,

274 1621 324 1682 si
352 1619 434 1680 ita
462 1633 722 1680 necesse
749 1625 862 1692 est,
888 1635 1009 1681 non
1039 1617 1299 1682 debitas.
1385 1617 1599 1680 Hicine
1640 1620 1732 1679 vir
1758 1617 1990 1695 patriae
2016 1625 2199 1680 natus
2228 1635 2331 1678 us·

200 1740 211 1748 -
277 1718 452 1778 quam
485 1700 602 1763 nisi
629 1702 689 1763 in
722 1703 916 1778 patria
949 1704 1253 1778 morietur,
1284 1711 1403 1776 aut,
1446 1700 1501 1764 si
1535 1703 1708 1774 rorte,
1746 1718 1856 1777 pro
1886 1700 2123 1778 patriar
2147 1701 2332 1762 huius

277 1802 390 1847 vos
433 1784 618 1847 animi
660 1793 1048 1848 monumenta
1083 1784 1451 1858 retinebitis,
1492 1784 1771 1861 corporis
1810 1785 1869 1846 in
1898 1784 2069 1846 Ralla
2096 1787 2332 1846 nullum

275 1871 620 1946 sepulcrum
649 1885 794 1932 esse
821 1868 1172 1947 patiemini?
1213 1870 1375 1932 hunc
1420 1883 1535 1930 sua
1569 1869 1893 1944 quisquam
1919 1867 2227 1929 sententia
2256 1884 2333 1928 ex

273 1950 388 2014 hac
415 1953 566 2014 urbe
601 1953 897 2028 expellet,
939 1967 1122 2027 quem
1167 1969 1381 2014 omnes
1412 1950 1595 2014 urbes
1625 1953 1949 2026 expulsum
1975 1965 2014 2010 a
2039 1950 2226 2011 vobis
2256 1951 2333 2010 ad

271 2051 342 2096 se
371 2035 718 2096 vocabunt?
755 2033 895 2098 105.
928 2034 976 2097 0
1006 2043 1228 2097 terram
1254 2034 1418 2097 illam
1446 2035 1713 2105 beatam,
1748 2049 1908 2110 quae
1940 2033 2101 2096 hunc
2132 2031 2333 2094 virum

271 2116 612 2194 exceperitx
653 2117 812 2178 hanc
837 2118 1158 2193 ingratam,
1191 2117 1247 2180 si
1274 2116 1549 2180 eiecerit=
1594 2115 1907 2190 miseram,
1945 2113 2000 2177 si
2026 2115 2334 2177 amiserit!

271 2198 396 2261 Sed
450 2197 590 2260 finis
633 2199 740 2260 site
773 2215 978 2276 neque
1017 2200 1178 2262 enim
1218 2217 1367 2277 prae
1405 2198 1667 2262 lacrimis
1696 2202 1814 2260 iam
1856 2197 2025 2274 loqui
2053 2213 2334 2273 possum,

271 2280 456 2343 ethic
485 2297 556 2343 se
583 2280 848 2344 lacrimis
883 2284 1128 2346 defendi
1157 2291 1336 2352 vetat.
1423 2285 1557 2344 Vos
1586 2299 1695 2344 oro
1730 2282 2143 2357 obtestorque,
2177 2281 2333 2344 iudi-

273 2380 410 2438 ces,
460 2372 528 2426 ut
581 2363 644 2425 in
681 2365 996 2428 sententiis
1039 2367 1325 2438 ferendis,
1367 2366 1534 2442 quod
1564 2363 1869 2436 sentietiS,
1923 2363 1985 2424 id
2027 2364 2335 2426 audeatis.

225 2525 230 2530 .
270 2448 558 2509 Vestram
579 2447 893 2522 virtutem,
931 2449 1249 2523 iustitiam,
1280 2450 1495 2523 fidem,
1526 2447 1673 2510 mihi
1702 2447 1950 2521 credite,
1978 2444 2035 2508 is
2062 2446 2335 2508 maxime

273 2530 588 2607 probabit,
629 2531 736 2607 qui
775 2530 836 2592 in
883 2531 1187 2594 iudicibus
1236 2530 1513 2609 legendis
1537 2530 1830 2609 optimum
1858 2538 1923 2592 et
1948 2528 2335 2607 sapientissi-

272 2629 434 2676 mum
463 2623 525 2676 et
553 2611 947 2678 fortissimum
978 2631 1282 2692 quemque
1316 2614 1520 2692 elegit.
