2459 3817
274 128 393 197 192
676 136 777 196 DE
806 134 1118 195 IMPERIO
1148 135 1261 195 ΟΝ.
1291 133 1598 195 ΡΟΜΡΕΙΙ
1627 133 1933 195 ORATIO.

276 302 457 363 quam
486 294 583 347 est
614 300 805 345 ausus
836 292 1068 358 optare.
1141 285 1290 345 Nam
1333 301 1518 358 quum
1549 299 1618 343 se
1653 283 1712 342 in
1741 298 1993 357 regnum
2023 300 2202 345 suum
2231 300 2322 341 re.-

274 368 572 445 cepisset,
615 384 737 427 non
780 367 888 427 fuit
928 382 1005 427 eo
1046 375 1399 440 contentus,
1439 366 1608 441 quod
1649 366 1704 425 ei
1737 374 1980 441 praeter
2009 382 2186 441 spem
2224 382 2325 427 ac·

274 451 533 521 ciderat,
565 457 633 510 ut
660 450 849 522 illam,
883 457 1100 524 postea
1128 465 1311 523 quam
1337 452 1558 523 pulsus
1593 455 1750 521 erat,
1787 456 2007 507 terram
2037 465 2324 524 umquam

274 532 622 609 attingeret,
653 532 767 592 sed
794 531 854 591 in
888 529 1221 592 exercitum
1251 540 1528 592 nostrum
1559 531 1788 591 clarum
1816 540 2002 605 atque
2029 529 2324 591 victorem

274 616 563 691 impetum
593 614 751 675 fecit.
808 613 999 674 Sinite
1025 613 1143 675 hoc
1171 616 1330 687 loco,
1361 612 1640 687 Quirites,
1671 611 1830 674 sicut
1855 616 2076 688 poetae
2107 614 2324 689 solent,

277 698 383 773 qui
410 714 511 759 res
538 698 847 757 Romanas
883 695 1184 769 scribunt,
1224 695 1553 771 praeterire
1589 711 1688 755 me
1720 704 1992 757 nostram
2023 697 2327 759 calamita-

276 790 395 843 tem
410 824 427 856 ,
454 796 613 856 quae
632 787 801 841 tanta
824 780 962 853 fuit,
992 786 1061 841 ut
1084 796 1219 842 eam
1256 780 1334 841 ad
1369 796 1550 843 aures
1580 781 1646 841 L.
1674 778 1908 839 Luculli
1942 778 2328 855 imperatoris

276 881 397 925 non
448 881 527 925 ex
567 862 800 938 proelio
856 861 1133 935 nuntiuS,
1186 862 1298 923 sed
1343 878 1423 923 ex
1463 876 1748 923 sermone
1795 877 2004 923 rumor
2041 862 2328 925 adferret.

273 947 377 1010 26.
416 947 530 1008 Hic
572 946 631 1005 in
674 945 777 1006 illo
812 947 949 1021 ipso
990 946 1151 1005 malo
1192 944 1679 1020 gravissimaque
1711 943 1854 1005 belli
1888 944 2232 1007 offensione
2257 945 2326 1003 L.

274 1031 594 1101 LuculluS,
638 1028 742 1103 qui
776 1038 971 1091 tamen
1013 1028 1219 1104 aliqua
1252 1044 1329 1088 ex
1361 1037 1534 1102 parte
1559 1026 1637 1088 iis
1665 1025 2067 1089 incommodis
2097 1026 2328 1090 mederi

278 1115 538 1175 fortasse
560 1112 878 1187 potuisset,
906 1119 1113 1173 vestro
1136 1110 1308 1172 iussu
1339 1118 1608 1184 coactus,
1637 1110 1804 1186 quod
1831 1109 2068 1185 imperii
2099 1110 2327 1172 diutur-

277 1196 443 1256 nitati
476 1194 723 1257 modum
754 1196 1137 1257 statuendum
1168 1202 1372 1257 vetere
1403 1193 1683 1269 exemplo
1713 1192 2061 1269 putavistis,
2095 1200 2327 1269 partem

272 1278 554 1350 militum,
578 1278 682 1351 qui
704 1278 821 1337 iam
846 1276 1163 1352 stipendiis
1190 1276 1453 1338 consecti
1471 1282 1670 1348 erant,
1697 1274 1948 1346 dimisit,
1984 1282 2221 1349 partem
2242 1276 2322 1335 Μ’

278 1358 585 1421 Glabrioni
610 1359 868 1419 tradidit.
926 1360 1113 1419 Multa
1135 1367 1452 1432 praetereo
1478 1360 1778 1429 consulto,
1811 1358 1926 1419 scd
1945 1374 2020 1419 ea
2043 1374 2158 1418 vos
2180 1373 2324 1419 con-

276 1442 505 1501 iectura
525 1439 873 1514 perspicite,
910 1447 1197 1514 quantum
1222 1441 1370 1501 illud
1390 1440 1858 1501 bellum-factum
1884 1440 2126 1517 putetis,
2159 1440 2324 1517 quod

278 1523 647 1597 coniungant
684 1536 863 1595 reges
902 1520 1334 1596 potentissimi,
1389 1529 1688 1583 renovent
1727 1521 1988 1598 agitatae
2027 1522 2326 1598 nationes,

279 1603 617 1680 suscipiant
654 1602 924 1678 integrae
956 1611 1199 1679 genteS‚
1237 1620 1438 1665 novus
1467 1606 1798 1679 imperator
1826 1613 2036 1669 noster
2065 1606 2327 1681 accipiat

283 1696 483 1749 vetere
510 1684 781 1748 exercitu
804 1689 1005 1763 pulso.
1061 1687 1134 1747 X.
1162 1684 1266 1747 27.
1310 1686 1472 1749 Satis
1497 1687 1642 1748 mihi
1671 1690 1855 1749 multa
1883 1690 2070 1751 verba
2100 1690 2328 1752 fecisse

279 1771 520 1844 videor,
562 1788 685 1847 qua
722 1786 793 1831 re
832 1779 1003 1835 esset.
1038 1770 1157 1832 hoc
1195 1773 1421 1833 bellum
1459 1786 1684 1847 genere
1717 1771 1856 1848 ipso
1889 1772 2328 1847 necessarium,

222 1892 229 1897 -
280 1852 687 1928 magnitudine
720 1853 1163 1929 periculosum:
1196 1862 1388 1916 restat
1413 1862 1478 1915 ut
1505 1854 1584 1915 de
1611 1854 1974 1930 imperatore
2001 1856 2082 1913 ad
2109 1854 2172 1915 id
2201 1857 2325 1916 bel-

282 1938 399 1997 lum
438 1935 763 2012 deligendo
806 1953 880 1997 ac
926 1937 1104 1999 tantis
1144 1938 1330 2000 rebus
1367 1937 1778 2013 praeficiendo
1822 1936 2146 1999 dicendum
2182 1954 2320 1999 esse

282 2020 572 2080 videatur.

442 2100 709 2176 Utinam,
754 2101 1043 2175 Quirites,
1093 2102 1360 2164 virorum
1407 2105 1648 2165 fortium
1691 2109 1874 2178 atque
1917 2103 2324 2167 innocentium

280 2187 517 2262 copiam
545 2193 769 2245 tantam
805 2184 1141 2257 haberetiS,
1180 2194 1249 2247 ut
1278 2185 1431 2247 haec
1462 2186 1640 2247 vobis
1675 2186 2026 2247 deliberatio
2060 2186 2324 2247 difficilis

278 2277 463 2343 esset,
494 2284 817 2343 quemnam
844 2266 1226 2341 potissimum
1249 2269 1431 2330 tantis
1453 2270 1639 2331 rebus
1663 2285 1738 2329 ac
1765 2278 1932 2331 tanto
1962 2269 2121 2329 bello
2151 2284 2324 2343 prae-

278 2352 603 2413 ficiendum
625 2349 949 2427 putaretis!
992 2352 1163 2411 Nunc
1188 2367 1333 2411 vero
1357 2369 1544 2427 quum
1573 2353 1651 2415 sit
1669 2368 1831 2413 unus
1857 2353 1956 2413 Cn.
1979 2351 2324 2427 PompeiuS,

280 2433 385 2509 qui
412 2451 536 2495 non
568 2433 749 2493 modo
779 2448 989 2493 eorum
1021 2432 1348 2507 hominum,
1385 2435 1491 2510 qui
1520 2450 1680 2495 nunc
1709 2444 1868 2507 sunt,
1902 2432 2173 2510 gloriam,
2213 2434 2326 2493 sed

278 2515 458 2576 etiam
484 2514 857 2591 antiquitatis
898 2515 1248 2577 memoriam
1275 2516 1494 2579 virtute
1521 2516 1850 2594 superarit,
1893 2530 2050 2590 quae
2093 2530 2199 2575 res
2229 2523 2328 2575 est

280 2614 439 2673 quae
472 2597 832 2673 cuiusquam
868 2597 1133 2659 animum
1174 2597 1233 2659 in
1269 2600 1384 2660 hac
1424 2616 1612 2661 causa
1651 2599 1900 2661 dubium
1937 2599 2135 2658 facere
2179 2613 2325 2672 pos-

278 2681 397 2741 sit?
454 2680 555 2743 28.
597 2681 727 2757 Ego
756 2681 915 2741 enim
946 2681 1037 2743 sic
1066 2680 1366 2757 existimo,
1397 2683 1458 2742 iu
1490 2699 1724 2744 summo
1755 2683 2120 2758 imperatore
2153 2687 2325 2759 quat-

278 2776 413 2824 tuor
435 2764 547 2824 has
567 2781 669 2825 res
690 2763 898 2826 inesse
920 2774 1221 2840 oportere,
1257 2764 1570 2826 scientiam
1589 2766 1680 2826 rei
1701 2763 1995 2836 militaris,
2026 2762 2324 2836 virtutem,

276 2845 721 2922 auctoritatem,
768 2847 1127 2909 felicitatem.
1213 2847 1358 2922 Quis
1389 2847 1569 2923 igitur
1596 2848 1715 2909 hoc
1755 2848 1997 2909 homine
2037 2846 2328 2908 scientior

277 2930 563 3003 umquam
592 2938 693 2990 aut
728 2929 839 2991 ruit
869 2939 973 2991 aut
998 2946 1141 2991 esse
1170 2930 1420 2992 debuit?
1463 2930 1568 3007 qui
1598 2946 1633 2990 e
1660 2930 1806 2989 ludo
1838 2938 2022 3005 atque
2053 2946 2090 2989 e
2123 2928 2326 3005 pueri-

279 3011 395 3073 tiae
438 3009 775 3087 disciplinis
820 3014 980 3073 bello
1022 3012 1286 3073 maximo
1332 3021 1517 3089 atque
1565 3011 1876 3075 acerrimis
1921 3010 2199 3073 hostibus
2245 3012 2322 3071 ad

280 3093 465 3170 patris
500 3092 831 3155 exercitum
870 3102 1052 3169 atque
1093 3094 1155 3155 in
1182 3094 1427 3156 militiae
1454 3094 1838 3169 disciplinam
1865 3096 2177 3170 profectus
2211 3102 2326 3165 est,

278 3175 383 3253 qui
427 3186 695 3239 extrema
736 3175 991 3252 pueritia
1030 3177 1203 3239 miles
1245 3178 1306 3237 in
1343 3178 1612 3240 exercitu
1658 3177 1768 3239 fuit
1809 3176 2025 3237 summi
2067 3176 2326 3251 impera·

216 3288 218 3291 ⁴
278 3260 425 3320 toris
442 3304 457 3333 ,
490 3259 733 3321 ineunte
762 3259 1175 3320 adolescentia
1204 3258 1449 3319 maximi
1476 3259 1614 3335 ipse
1643 3258 1950 3322 exercitus
1979 3260 2325 3335 imperator,

279 3342 381 3415 qui
410 3342 658 3419 saepius
682 3358 817 3403 cum
839 3342 1017 3403 hoste
1045 3340 1320 3403 conflixit
1346 3358 1526 3415 quam
1557 3341 1880 3416 quisquam
1916 3358 2056 3403 cum
2082 3338 2328 3402 inimico
