2459 3817
268 139 356 206 20
881 143 1030 206 mo
1060 143 1127 202 P.
1156 142 1410 204 SULLA
1439 139 1744 204 ORATIO.

272 297 374 358 An
404 293 508 357 tibi
536 290 893 373 Pompeiani
936 294 1294 356 coniurasse
1321 293 1648 356 videnth
1689 292 1830 369 quis
1871 293 1994 354 hoc
2035 289 2194 355 dixit
2217 311 2352 356 urn-

276 386 501 456 quam?
526 385 630 439 aut
658 394 819 454 quae
850 377 963 438 fuit
987 376 1165 439 istius
1194 378 1285 437 rei
1303 378 1404 438 vel
1425 376 1672 438 minima
1695 375 2002 452 suspitio?
2057 377 2351 452 Diiunxit,

273 461 501 538 inquit,
533 477 647 523 eos
676 478 714 521 a
742 459 1012 532 coloniS,
1059 470 1127 523 ut
1166 460 1289 521 hoc
1329 459 1590 521 discidio
1632 477 1707 520 ac
1753 458 2146 521 dissensione
2190 462 2350 523 facta

275 545 572 622 oppidum
615 543 678 603 in
719 561 835 605 sua
877 552 1179 620 potestate
1229 553 1448 619 posset
1491 559 1601 619 per
1642 542 2053 619 Pompeianos
2097 543 2351 608 habere.

273 629 539 688 Primum
580 626 781 688 omnis
820 627 1328 702 Pompeianorum
1370 629 1852 702 colonorumque
1890 625 2202 688 dissensio
2245 628 2354 688 de-

275 712 400 772 lata
428 708 508 769 ad
538 719 833 785 patronos
867 719 994 785 est,
1042 727 1229 786 quum
1269 709 1391 771 iam
1432 711 1839 772 inveterasset
1875 726 1948 770 ac
1989 711 2215 772 multos
2243 727 2352 771 an·

275 809 394 856 nos
426 802 596 856 esset
639 793 892 870 agitata=
933 793 1177 854 deinde.
1198 794 1281 855 ita
1308 810 1345 853 a
1380 792 1654 869 patronis
1699 809 1802 854 res
1845 790 2088 867 cognita
2115 801 2245 868 est,
2288 804 2352 856 ut

275 878 443 939 nulla
501 876 563 938 in
606 895 674 940 re
715 895 754 938 a
832 885 1177 940 ceterorum
1228 877 1542 938 sententiis
1586 876 1755 939 Sulla
1794 875 2189 937 dissenserit=
2239 893 2349 952 po-

278 970 505 1023 stremo
542 961 747 1023 coloni
776 960 899 1037 ipsi
950 961 1041 1022 sic
1088 959 1462 1042 intelligunt,
1515 975 1638 1020 non
1667 958 2076 1035 Pompeianos
2118 958 2347 1022 aSulla

274 1043 471 1119 magis
507 1061 691 1119 quam
723 1061 868 1106 sese
898 1060 1040 1105 esse
1068 1045 1382 1105 defensos.
1429 1043 1531 1106 61.
1574 1045 1780 1118 Atque
1809 1043 1947 1114 hoc,
1978 1042 2236 1116 iudiceS,
2265 1059 2343 1104 ex

275 1128 391 1188 hac
420 1127 764 1207 frequentia
796 1129 1182 1200 colonorum,
1214 1125 1785 1189 honestissimorum
1813 1125 2140 1199 hominum,
2177 1125 2346 1188 intel-

273 1210 465 1286 ligere
496 1209 778 1286 potestis,
810 1209 917 1285 qui
945 1211 1189 1283 adsunt,
1227 1211 1536 1272 laborante
1578 1210 1742 1271 hunc
1768 1219 2108 1286 patronum,
2137 1210 2342 1271 deren·

277 1309 501 1365 sorem,
532 1293 851 1354 custodem
890 1292 1052 1354 illius
1088 1293 1369 1354 coloniae
1399 1293 1454 1354 si
1482 1292 1545 1354 in
1579 1293 1744 1354 omni
1783 1295 2027 1355 fortuna
2066 1301 2254 1369 atque
2287 1293 2350 1354 in

278 1375 444 1437 omni
511 1376 748 1436 honore
807 1375 1173 1436 incolumem
1229 1377 1457 1438 habere
1513 1391 1637 1436 non
1693 1385 2050 1455 potuerunt,
2110 1376 2173 1437 in
2227 1377 2352 1438 hoc

274 1467 478 1520 tamen
509 1475 689 1528 casu,
748 1455 813 1516 in
840 1475 967 1532 quo
996 1457 1284 1520 adflictus
1328 1459 1514 1532 iacet,
1580 1476 1691 1535 per
1721 1477 1836 1521 vos
1868 1459 2067 1521 iuvari
2097 1475 2349 1521 conser-

275 1538 534 1616 varique
587 1539 859 1614 cupiunt.
946 1542 1191 1603 Adsunt
1239 1542 1373 1618 pari
1428 1542 1632 1603 studio
1687 1543 2071 1620 Pompeiani,
2131 1542 2236 1618 qui
2270 1545 2350 1605 ab

277 1621 413 1684 istis
455 1623 632 1685 etiam
673 1622 735 1684 in
776 1622 1004 1685 crimen
1054 1633 1380 1686 vocantur=
1446 1625 1551 1701 qui
1590 1625 1677 1686 ita
1714 1628 1792 1687 de
1838 1626 2247 1688 ambulatione
2277 1644 2351 1689 ac

277 1707 358 1768 de
415 1705 725 1782 suffragiis
783 1706 915 1769 suis
966 1725 1107 1770 cum
1160 1708 1398 1770 colonis
1449 1710 1905 1783 dissenserunt,
1959 1719 2025 1771 ut
2064 1711 2224 1770 idem
2267 1712 2350 1771 de

278 1792 584 1852 communi
613 1787 809 1852 salute
836 1792 1147 1859 sentirent.
1210 1793 1314 1854 62.
1348 1796 1442 1854 Ac
1474 1809 1552 1854 ne
1579 1793 1734 1854 haec
1771 1793 2016 1868 quidem
2047 1793 2110 1852 P.
2140 1791 2348 1854 Sullae

277 1872 425 1935 mihi
454 1875 692 1936 videtur
719 1875 960 1937 silentio
1000 1877 1446 1952 praetereunda
1475 1893 1620 1938 esse
1652 1877 1876 1954 virtus,
1919 1877 2118 1952 quod,
2161 1893 2348 1951 quum

279 1957 357 2018 ab
380 1957 501 2019 hoc
529 1958 633 2018 illa
653 1958 897 2019 colonia
926 1961 1190 2022 deducta
1216 1961 1312 2034 sit,
1341 1970 1400 2022 et
1429 1976 1616 2036 quum
1645 1961 1966 2021 commoda
1989 1960 2348 2021 colonorum

278 2056 317 2098 a
352 2040 610 2101 fortunis
637 2041 1145 2117 Pompeianorum
1171 2043 1263 2104 rei
1295 2045 1574 2120 publicae
1615 2045 1853 2105 fortuna
1881 2041 2228 2114 diiunxerit,
2262 2041 2347 2104 ita

279 2137 463 2182 carus
496 2121 773 2196 utrisque
801 2133 899 2185 est
923 2133 1109 2200 atque
1129 2126 1454 2200 iucunduS,
1476 2136 1547 2190 ut
1571 2143 1695 2188 non
1721 2128 1948 2189 alteros
1971 2127 2345 2200 demovisse,

276 2205 393 2266 sed
425 2213 721 2280 utrosque
749 2207 1142 2270 constituisse
1170 2209 1468 2271 videatur.

444 2289 626 2349 XXII.
667 2290 751 2350 At
782 2288 942 2350 enim
970 2299 1033 2352 et
1064 2291 1436 2367 gladiatores
1469 2303 1531 2356 et
1569 2292 1767 2355 omnis
1806 2293 1924 2355 ista
1957 2291 2054 2354 vis
2079 2291 2345 2368 rogatio·

276 2371 375 2433 nis
412 2369 710 2432 Caeciliae
739 2387 930 2435 causa
963 2377 1448 2450 comparabatur.
1535 2379 1739 2452 Atque
1796 2376 1916 2437 hoc
1965 2380 2108 2438 loco
2163 2377 2227 2438 in
2276 2376 2345 2435 L.

278 2454 622 2525 Caecilium,
660 2455 1169 2530 pudentissimum
1198 2466 1386 2533 atque
1420 2460 1872 2521 ornatissimum
1904 2459 2131 2533 virum,
2160 2458 2352 2520 vehe-

274 2545 512 2598 menter
542 2537 823 2599 invectus
852 2547 974 2601 este
1022 2540 1195 2604 cuius
1230 2558 1348 2618 ego
1381 2544 1459 2603 de
1497 2543 1718 2604 virtute
1747 2552 1810 2605 et
1839 2544 2211 2616 constantia,
2253 2543 2349 2604 iu-

275 2620 467 2691 dices,
500 2629 727 2682 tantum
762 2621 921 2697 dico,
954 2625 1137 2685 talem
1163 2624 1327 2685 hunc
1355 2625 1415 2685 in
1452 2626 1568 2688 ista
1593 2626 1942 2702 rogatione,
1983 2643 2168 2703 quam
2203 2643 2348 2700 pro—

274 2705 576 2778 mulgarat
604 2722 728 2766 non
758 2706 836 2767 de
865 2707 1161 2778 tollenda,
1206 2709 1320 2769 sed
1358 2708 1437 2771 de
1466 2711 1726 2770 levanda
1759 2709 2099 2771 calamitate
2141 2709 2352 2770 fratris

276 2786 393 2856 sui,
427 2786 639 2859 ruisse,
675 2797 744 2851 ut
770 2792 1094 2852 consulere
1133 2790 1395 2853 voluerit
1438 2793 1634 2867 fratri,
1681 2809 1818 2854 cum
1845 2809 1914 2854 re
1944 2793 2188 2868 publica
2233 2809 2352 2868 pu-

274 2885 465 2945 gnare
492 2871 783 2934 noluerit:
814 2874 1211 2950 promulgarit
1241 2874 1540 2950 impulsus
1570 2892 1778 2937 amore
1815 2877 2112 2948 fraterno,
2156 2875 2356 2936 desti-

272 2951 415 3014 terit
440 2954 641 3016 rratris
670 2957 1029 3018 auctoritate
1058 2960 1382 3020 deductus.
1465 2959 1568 3022 63.
1606 2962 1810 3034 Atque
1838 2958 1900 3019 in
1923 2977 2005 3021 ‘ea
2032 2975 2100 3020 re
2134 2975 2246 3034 per
2279 2960 2356 3019 L.

277 3035 605 3099 Caecilium
638 3038 809 3100 Sulla
840 3050 1184 3115 accusatur,
1213 3043 1274 3102 in
1310 3061 1430 3118 qua
1464 3059 1532 3102 re
1559 3051 1656 3104 est
1682 3051 1939 3119 uterque
1968 3043 2316 3103 laudandus
2336 3065 2354 3097 ι

274 3118 536 3196 primum
566 3121 897 3196 Caecilius,
931 3124 1038 3200 qui
1067 3125 1121 3185 si
1152 3126 1215 3186 id
1250 3126 1683 3201 promulgavit,
1725 3127 1785 3186 in
1819 3143 1943 3200 quo
1977 3142 2080 3186 res
2112 3125 2352 3186 iudica-

273 3212 371 3265 tas
410 3203 691 3266 videatur
736 3205 1009 3268 voluisse
1025 3208 1401 3282 rescindere,
1423 3217 1488 3270 ut
1514 3208 1932 3271 restitueretur
1955 3208 2141 3280 Sulla,
2177 3217 2352 3270 recte

273 3287 709 3363 reprehendis=
754 3298 949 3351 status
980 3291 1141 3353 enim
1180 3291 1269 3352 rei
1310 3293 1594 3368 publicae
1631 3293 1895 3354 maxime
1938 3290 2222 3354 iudicatis
2251 3308 2352 3352 re-

274 3367 395 3431 bus
426 3372 801 3436 contineturs
856 3388 1061 3449 neque
1104 3391 1222 3450 ego
1253 3383 1485 3437 tantum
1526 3376 1793 3438 fraterno
1837 3374 2033 3438 amori
2071 3374 2350 3436 dandum

1568 3681 1746 3782 N
