<?xml version="1.0" encoding="UTF-8"?>
<!DOCTYPE html PUBLIC "-//W3C//DTD XHTML 1.0 Transitional//EN"
    "http://www.w3.org/TR/xhtml1/DTD/xhtml1-transitional.dtd">
<html xmlns="http://www.w3.org/1999/xhtml" xml:lang="en" lang="en">
 <head>
  <title>
</title>
<meta http-equiv="Content-Type" content="text/html;charset=utf-8" />
  <meta name='ocr-system' content='tesseract 3.04.00' />
  <meta name='ocr-capabilities' content='ocr_page ocr_carea ocr_par ocr_line ocrx_word'/>
</head>
<body>
  <div class='ocr_page' id='page_1' title='image "./mtulliiciceroni00klotgoog_0502.png"; bbox 0 0 2459 3817; ppageno 0'>
   <div class='ocr_carea' id='block_1_1' title="bbox 774 170 2248 262">
    <p class='ocr_par' dir='ltr' id='par_1_1' title="bbox 774 170 2248 262">
     <span class='ocr_line' id='line_1_1' title="bbox 774 170 2248 262; baseline -0.001 -15"><span class='ocrx_word' id='word_1_1' title='bbox 774 184 940 247; x_wconf 81' lang='lat' dir='ltr'><strong>cAP.</strong></span> <span class='ocrx_word' id='word_1_2' title='bbox 965 190 1233 249; x_wconf 64' lang='grc' dir='ltr'>«ις-ιε.</span> <span class='ocrx_word' id='word_1_3' title='bbox 1264 188 1424 253; x_wconf 47' lang='lat' dir='ltr'><strong>scu</strong></span> <span class='ocrx_word' id='word_1_4' title='bbox 1441 216 1500 233; x_wconf 66' lang='grc'><strong>«-</strong></span> <span class='ocrx_word' id='word_1_5' title='bbox 1516 194 1618 249; x_wconf 66' lang='lat'><strong>42.</strong></span> <span class='ocrx_word' id='word_1_6' title='bbox 2101 170 2248 262; x_wconf 73' lang='lat'><strong>20&#39;7</strong></span> 
     </span>
    </p>
   </div>
   <div class='ocr_carea' id='block_1_2' title="bbox 90 332 2357 3475">
    <p class='ocr_par' dir='ltr' id='par_1_2' title="bbox 90 332 2357 3475">
     <span class='ocr_line' id='line_1_2' title="bbox 162 332 2237 415; baseline 0.002 -16"><span class='ocrx_word' id='word_1_7' title='bbox 162 335 285 399; x_wconf 82' lang='lat' dir='ltr'><strong>tibi</strong></span> <span class='ocrx_word' id='word_1_8' title='bbox 326 352 448 400; x_wconf 79' lang='lat' dir='ltr'><strong>non</strong></span> <span class='ocrx_word' id='word_1_9' title='bbox 494 344 823 400; x_wconf 70' lang='lat' dir='ltr'><strong>suscenset</strong></span> <span class='ocrx_word' id='word_1_10' title='bbox 869 366 956 386; x_wconf 80' lang='lat'><strong>--</strong></span> <span class='ocrx_word' id='word_1_11' title='bbox 994 343 1169 397; x_wconf 78' lang='lat' dir='ltr'><strong>esset</strong></span> <span class='ocrx_word' id='word_1_12' title='bbox 1204 332 1370 397; x_wconf 82' lang='lat' dir='ltr'><strong>enim</strong></span> <span class='ocrx_word' id='word_1_13' title='bbox 1407 352 1555 399; x_wconf 88' lang='lat' dir='ltr'><strong>non</strong></span> <span class='ocrx_word' id='word_1_14' title='bbox 1565 339 1764 399; x_wconf 85' lang='lat' dir='ltr'><strong>solum</strong></span> <span class='ocrx_word' id='word_1_15' title='bbox 1793 336 2092 415; x_wconf 71' lang='lat' dir='ltr'><strong>ingratus,</strong></span> <span class='ocrx_word' id='word_1_16' title='bbox 2121 338 2237 403; x_wconf 74' lang='lat' dir='ltr'><strong>sed</strong></span> 
     </span>
     <span class='ocr_line' id='line_1_3' title="bbox 162 419 2222 498; baseline 0.001 -17"><span class='ocrx_word' id='word_1_17' title='bbox 162 419 359 484; x_wconf 76' lang='lat' dir='ltr'><strong>etiam</strong></span> <span class='ocrx_word' id='word_1_18' title='bbox 383 433 713 492; x_wconf 42' lang='lat' dir='ltr'><strong>amens—2,</strong></span> <span class='ocrx_word' id='word_1_19' title='bbox 726 432 949 481; x_wconf 74' lang='lat' dir='ltr'><strong>verum</strong></span> <span class='ocrx_word' id='word_1_20' title='bbox 964 432 1231 481; x_wconf 71' lang='lat' dir='ltr'><strong>emnem·</strong></span> <span class='ocrx_word' id='word_1_21' title='bbox 1245 421 1733 496; x_wconf 66' lang='lat' dir='ltr'><strong>tranquillitatem</strong></span> <span class='ocrx_word' id='word_1_22' title='bbox 1757 430 1824 483; x_wconf 77' lang='lat' dir='ltr'><strong>et</strong></span> <span class='ocrx_word' id='word_1_23' title='bbox 1849 424 2126 498; x_wconf 77' lang='lat' dir='ltr'><strong>quietem</strong></span> <span class='ocrx_word' id='word_1_24' title='bbox 2139 440 2222 484; x_wconf 84' lang='lat' dir='ltr'><strong>se</strong></span> 
     </span>
     <span class='ocr_line' id='line_1_4' title="bbox 164 502 2236 581; baseline 0.002 -18"><span class='ocrx_word' id='word_1_25' title='bbox 164 502 439 567; x_wconf 81' lang='lat' dir='ltr'><strong>nectutis</strong></span> <span class='ocrx_word' id='word_1_26' title='bbox 465 510 779 579; x_wconf 74' lang='lat' dir='ltr'><strong>acceptam</strong></span> <span class='ocrx_word' id='word_1_27' title='bbox 804 504 1009 565; x_wconf 74' lang='lat' dir='ltr'><strong>refert</strong></span> <span class='ocrx_word' id='word_1_28' title='bbox 1022 502 1380 565; x_wconf 81' lang='lat' dir='ltr'><strong>clementiae</strong></span> <span class='ocrx_word' id='word_1_29' title='bbox 1391 512 1567 565; x_wconf 21' lang='lat' dir='ltr'><strong>&amp;tuae</strong></span> <span class='ocrx_word' id='word_1_30' title='bbox 1635 504 1796 564; x_wconf 68' lang='lat' dir='ltr'><strong>mv</strong></span> <span class='ocrx_word' id='word_1_31' title='bbox 1827 505 1958 579; x_wconf 78' lang='lat' dir='ltr'><strong>Quo</strong></span> <span class='ocrx_word' id='word_1_32' title='bbox 1988 506 2236 581; x_wconf 73' lang='lat' dir='ltr'><strong>quidem</strong></span> 
     </span>
     <span class='ocr_line' id='line_1_5' title="bbox 162 584 2238 667; baseline 0.001 -21"><span class='ocrx_word' id='word_1_33' title='bbox 162 584 379 649; x_wconf 74' lang='lat' dir='ltr'><strong>animo</strong></span> <span class='ocrx_word' id='word_1_34' title='bbox 408 600 603 661; x_wconf 78' lang='lat' dir='ltr'><strong>quum</strong></span> <span class='ocrx_word' id='word_1_35' title='bbox 596 594 811 649; x_wconf 79' lang='lat' dir='ltr'><strong>emea-</strong></span> <span class='ocrx_word' id='word_1_36' title='bbox 824 584 936 649; x_wconf 73' lang='lat' dir='ltr'><strong>fuit</strong></span> <span class='ocrx_word' id='word_1_37' title='bbox 948 593 1083 647; x_wconf 82' lang='lat' dir='ltr'><strong>tmn</strong></span> <span class='ocrx_word' id='word_1_38' title='bbox 1106 598 1227 647; x_wconf 87' lang='lat' dir='ltr'><strong>non</strong></span> <span class='ocrx_word' id='word_1_39' title='bbox 1249 584 1460 648; x_wconf 75' lang='lat' dir='ltr'><strong>dubito</strong></span> <span class='ocrx_word' id='word_1_40' title='bbox 1490 587 1636 663; x_wconf 81' lang='lat' dir='ltr'><strong>quin</strong></span> <span class='ocrx_word' id='word_1_41' title='bbox 1663 587 1794 648; x_wconf 70' lang='lat' dir='ltr'><strong>tuis·</strong></span> <span class='ocrx_word' id='word_1_42' title='bbox 1807 588 2050 667; x_wconf 72' lang='lat' dir='ltr'><strong>litteris,</strong></span> <span class='ocrx_word' id='word_1_43' title='bbox 2076 604 2238 663; x_wconf 66' lang='lat' dir='ltr'><strong>⁸-qun</strong></span> 
     </span>
     <span class='ocr_line' id='line_1_6' title="bbox 162 667 2238 764; baseline 0.002 -37"><span class='ocrx_word' id='word_1_44' title='bbox 162 684 306 729; x_wconf 86' lang='lat' dir='ltr'><strong>rum</strong></span> <span class='ocrx_word' id='word_1_45' title='bbox 332 669 684 744; x_wconf 74' lang='lat' dir='ltr'><strong>exemplum</strong></span> <span class='ocrx_word' id='word_1_46' title='bbox 714 667 867 764; x_wconf 71' lang='lat' dir='ltr'><strong>legi,</strong></span> <span class='ocrx_word' id='word_1_47' title='bbox 904 684 1061 742; x_wconf 78' lang='lat' dir='ltr'><strong>quas</strong></span> <span class='ocrx_word' id='word_1_48' title='bbox 1089 668 1171 728; x_wconf 79' lang='lat' dir='ltr'><strong>ad</strong></span> <span class='ocrx_word' id='word_1_49' title='bbox 1210 684 1352 729; x_wconf 71' lang='lat' dir='ltr'><strong>eim</strong></span> <span class='ocrx_word' id='word_1_50' title='bbox 1377 668 1744 731; x_wconf 58' lang='lat' dir='ltr'><strong>Temnon&amp;</strong></span> <span class='ocrx_word' id='word_1_51' title='bbox 1750 671 1892 732; x_wconf 81' lang='lat' dir='ltr'><strong>huic</strong></span> <span class='ocrx_word' id='word_1_52' title='bbox 1929 671 2238 732; x_wconf 73' lang='lat' dir='ltr'><strong>Blesamio</strong></span> 
     </span>
     <span class='ocr_line' id='line_1_7' title="bbox 163 750 2236 829; baseline 0 -17"><span class='ocrx_word' id='word_1_53' title='bbox 163 750 428 825; x_wconf 77' lang='lat' dir='ltr'><strong>dedisti,</strong></span> <span class='ocrx_word' id='word_1_54' title='bbox 454 768 546 813; x_wconf 82' lang='lat' dir='ltr'><strong>se</strong></span> <span class='ocrx_word' id='word_1_55' title='bbox 598 750 795 826; x_wconf 75' lang='lat' dir='ltr'><strong>magis</strong></span> <span class='ocrx_word' id='word_1_56' title='bbox 838 750 1027 813; x_wconf 77' lang='lat' dir='ltr'><strong>etiam</strong></span> <span class='ocrx_word' id='word_1_57' title='bbox 1068 751 1456 813; x_wconf 76' lang='lat' dir='ltr'><strong>erexerit-ab</strong></span> <span class='ocrx_word' id='word_1_58' title='bbox 1491 754 1779 829; x_wconf 81' lang='lat' dir='ltr'><strong>omnique</strong></span> <span class='ocrx_word' id='word_1_59' title='bbox 1823 753 2236 817; x_wconf 75' lang='lat' dir='ltr'><strong>sollicitudine</strong></span> 
     </span>
     <span class='ocr_line' id='line_1_8' title="bbox 160 832 2242 909; baseline 0 -14"><span class='ocrx_word' id='word_1_60' title='bbox 160 832 551 899; x_wconf 73' lang='lat' dir='ltr'><strong>abstraxerit.</strong></span> <span class='ocrx_word' id='word_1_61' title='bbox 650 834 834 899; x_wconf 78' lang='lat' dir='ltr'><strong>Iubes</strong></span> <span class='ocrx_word' id='word_1_62' title='bbox 871 834 1042 897; x_wconf 75' lang='lat' dir='ltr'><strong>enim</strong></span> <span class='ocrx_word' id='word_1_63' title='bbox 1080 850 1235 895; x_wconf 49' lang='lat' dir='ltr'><strong>veum</strong></span> <span class='ocrx_word' id='word_1_64' title='bbox 1288 835 1448 895; x_wconf 74' lang='lat' dir='ltr'><strong>bene</strong></span> <span class='ocrx_word' id='word_1_65' title='bbox 1489 850 1742 909; x_wconf 80' lang='lat' dir='ltr'><strong>sperare</strong></span> <span class='ocrx_word' id='word_1_66' title='bbox 1787 844 1850 897; x_wconf 86' lang='lat' dir='ltr'><strong>et</strong></span> <span class='ocrx_word' id='word_1_67' title='bbox 1887 837 2052 897; x_wconf 83' lang='lat' dir='ltr'><strong>bono</strong></span> <span class='ocrx_word' id='word_1_68' title='bbox 2095 850 2242 897; x_wconf 87' lang='lat' dir='ltr'><strong>esse</strong></span> 
     </span>
     <span class='ocr_line' id='line_1_9' title="bbox 159 916 2237 993; baseline -0 -14"><span class='ocrx_word' id='word_1_69' title='bbox 159 918 371 979; x_wconf 81' lang='lat' dir='ltr'><strong>animo</strong></span> <span class='ocrx_word' id='word_1_70' title='bbox 395 962 415 992; x_wconf 84' lang='lat'>,</span> <span class='ocrx_word' id='word_1_71' title='bbox 476 917 653 993; x_wconf 66' lang='lat' dir='ltr'><strong>quod</strong></span> <span class='ocrx_word' id='word_1_72' title='bbox 686 916 843 980; x_wconf 74' lang='lat' dir='ltr'><strong>scie</strong></span> <span class='ocrx_word' id='word_1_73' title='bbox 882 926 963 979; x_wconf 63' lang='grc' dir='ltr'><strong>«ιο</strong></span> <span class='ocrx_word' id='word_1_74' title='bbox 1000 932 1137 977; x_wconf 75' lang='lat' dir='ltr'><strong>‹non</strong></span> <span class='ocrx_word' id='word_1_75' title='bbox 1184 920 1408 977; x_wconf 72' lang='lat' dir='ltr'><strong>frustra</strong></span> <span class='ocrx_word' id='word_1_76' title='bbox 1445 918 1728 978; x_wconf 73' lang='lat' dir='ltr'><strong>›sei-ibere</strong></span> <span class='ocrx_word' id='word_1_77' title='bbox 1782 918 2004 979; x_wconf 86' lang='lat' dir='ltr'><strong>solere.</strong></span> <span class='ocrx_word' id='word_1_78' title='bbox 2109 918 2237 978; x_wconf 84' lang='lat' dir='ltr'><strong>Me-</strong></span> 
     </span>
     <span class='ocr_line' id='line_1_10' title="bbox 162 996 2240 1073; baseline -0.001 -12"><span class='ocrx_word' id='word_1_79' title='bbox 162 1000 313 1063; x_wconf 89' lang='lat' dir='ltr'><strong>mini</strong></span> <span class='ocrx_word' id='word_1_80' title='bbox 346 997 525 1061; x_wconf 84' lang='lat' dir='ltr'><strong>-enim</strong></span> <span class='ocrx_word' id='word_1_81' title='bbox 580 998 801 1064; x_wconf 77' lang='lat' dir='ltr'><strong>iisdem</strong></span> <span class='ocrx_word' id='word_1_82' title='bbox 842 999 983 1059; x_wconf 71' lang='lat' dir='ltr'><strong>-rene</strong></span> <span class='ocrx_word' id='word_1_83' title='bbox 1030 996 1250 1059; x_wconf 76' lang='lat' dir='ltr'><strong>verbis</strong></span> <span class='ocrx_word' id='word_1_84' title='bbox 1273 1000 1379 1059; x_wconf 66' lang='lat' dir='ltr'><strong>nd</strong></span> <span class='ocrx_word' id='word_1_85' title='bbox 1412 1010 1531 1060; x_wconf 71' lang='lat' dir='ltr'><strong>‘me</strong></span> <span class='ocrx_word' id='word_1_86' title='bbox 1551 1010 1630 1061; x_wconf 77' lang='lat' dir='ltr'><strong>=te</strong></span> <span class='ocrx_word' id='word_1_87' title='bbox 1677 1000 1952 1061; x_wconf 85' lang='lat' dir='ltr'><strong>scribere</strong></span> <span class='ocrx_word' id='word_1_88' title='bbox 2015 1012 2240 1073; x_wconf 70' lang='lat' dir='ltr'><strong>meque</strong></span> 
     </span>
     <span class='ocr_line' id='line_1_11' title="bbox 164 1080 2240 1155; baseline -0.002 -8"><span class='ocrx_word' id='word_1_89' title='bbox 164 1084 293 1147; x_wconf 78' lang='lat' dir='ltr'><strong>tuis</strong></span> <span class='ocrx_word' id='word_1_90' title='bbox 349 1080 565 1144; x_wconf 76' lang='lat' dir='ltr'><strong>litteris</strong></span> <span class='ocrx_word' id='word_1_91' title='bbox 610 1082 771 1143; x_wconf 87' lang='lat' dir='ltr'><strong>bene</strong></span> <span class='ocrx_word' id='word_1_92' title='bbox 820 1096 1074 1155; x_wconf 75' lang='lat' dir='ltr'><strong>sperare</strong></span> <span class='ocrx_word' id='word_1_93' title='bbox 1133 1096 1258 1143; x_wconf 85' lang='lat' dir='ltr'><strong>non</strong></span> <span class='ocrx_word' id='word_1_94' title='bbox 1293 1084 1530 1143; x_wconf 60' lang='lat' dir='ltr'><strong>trustra</strong></span> <span class='ocrx_word' id='word_1_95' title='bbox 1572 1093 1724 1143; x_wconf 62' lang='lat' dir='ltr'><strong>esse</strong></span> <span class='ocrx_word' id='word_1_96' title='bbox 1769 1084 2025 1145; x_wconf 85' lang='lat' dir='ltr'><strong>iussum.</strong></span> <span class='ocrx_word' id='word_1_97' title='bbox 2132 1082 2240 1143; x_wconf 76' lang='lat'><strong>39.</strong></span> 
     </span>
     <span class='ocr_line' id='line_1_12' title="bbox 174 1162 2237 1240; baseline -0.001 -15"><span class='ocrx_word' id='word_1_98' title='bbox 174 1165 421 1226; x_wconf 84' lang='lat' dir='ltr'><strong>Laboro</strong></span> <span class='ocrx_word' id='word_1_99' title='bbox 458 1163 765 1240; x_wconf 83' lang='lat' dir='ltr'><strong>:equidem</strong></span> <span class='ocrx_word' id='word_1_100' title='bbox 803 1162 969 1238; x_wconf 72' lang='lat' dir='ltr'><strong>regis</strong></span> <span class='ocrx_word' id='word_1_101' title='bbox 1014 1162 1296 1225; x_wconf 70' lang='lat' dir='ltr'><strong>¹Deiotari</strong></span> <span class='ocrx_word' id='word_1_102' title='bbox 1347 1180 1566 1239; x_wconf 76' lang='lat' dir='ltr'><strong>causa,</strong></span> <span class='ocrx_word' id='word_1_103' title='bbox 1599 1178 1864 1240; x_wconf 73' lang='lat' dir='ltr'><strong>quocum</strong></span> <span class='ocrx_word' id='word_1_104' title='bbox 1905 1163 2050 1226; x_wconf 86' lang='lat' dir='ltr'><strong>mihi</strong></span> <span class='ocrx_word' id='word_1_105' title='bbox 2085 1164 2237 1225; x_wconf 73' lang='lat' dir='ltr'><strong>ami-</strong></span> 
     </span>
     <span class='ocr_line' id='line_1_13' title="bbox 166 1244 2234 1323; baseline -0 -15"><span class='ocrx_word' id='word_1_106' title='bbox 166 1246 373 1311; x_wconf 79' lang='lat' dir='ltr'><strong>citiam</strong></span> <span class='ocrx_word' id='word_1_107' title='bbox 416 1262 521 1309; x_wconf 85' lang='lat' dir='ltr'><strong>res</strong></span> <span class='ocrx_word' id='word_1_108' title='bbox 550 1245 819 1322; x_wconf 54' lang='lat' dir='ltr'><strong>publice</strong></span> <span class='ocrx_word' id='word_1_109' title='bbox 873 1244 1225 1309; x_wconf 71' lang='lat' dir='ltr'><strong>conciliavit</strong></span> <span class='ocrx_word' id='word_1_110' title='bbox 1244 1292 1263 1320; x_wconf 91' lang='lat'>,</span> <span class='ocrx_word' id='word_1_111' title='bbox 1318 1245 1651 1323; x_wconf 82' lang='lat' dir='ltr'><strong>hospitium</strong></span> <span class='ocrx_word' id='word_1_112' title='bbox 1679 1250 1983 1309; x_wconf 60' lang='lat' dir='ltr'><strong>veientes</strong></span> <span class='ocrx_word' id='word_1_113' title='bbox 2013 1248 2234 1309; x_wconf 84' lang='lat' dir='ltr'><strong>utrius-</strong></span> 
     </span>
     <span class='ocr_line' id='line_1_14' title="bbox 168 1327 2240 1405; baseline -0.003 -9"><span class='ocrx_word' id='word_1_114' title='bbox 168 1346 293 1405; x_wconf 82' lang='lat' dir='ltr'><strong>que</strong></span> <span class='ocrx_word' id='word_1_115' title='bbox 322 1328 675 1403; x_wconf 74' lang='lat' dir='ltr'><strong>coniunxit,</strong></span> <span class='ocrx_word' id='word_1_116' title='bbox 716 1327 1184 1393; x_wconf 73' lang='lat' dir='ltr'><strong>-familiaritatem</strong></span> <span class='ocrx_word' id='word_1_117' title='bbox 1228 1331 1613 1392; x_wconf 79' lang='lat' dir='ltr'><strong>consuetudo</strong></span> <span class='ocrx_word' id='word_1_118' title='bbox 1665 1330 1890 1405; x_wconf 79' lang='lat' dir='ltr'><strong>attulit,</strong></span> <span class='ocrx_word' id='word_1_119' title='bbox 1939 1344 2240 1393; x_wconf 75' lang='lat' dir='ltr'><strong>summam</strong></span> 
     </span>
     <span class='ocr_line' id='line_1_15' title="bbox 164 1410 2234 1487; baseline -0.001 -12"><span class='ocrx_word' id='word_1_120' title='bbox 164 1428 318 1475; x_wconf 86' lang='lat' dir='ltr'><strong>vero</strong></span> <span class='ocrx_word' id='word_1_121' title='bbox 359 1412 873 1482; x_wconf 73' lang='lat' dir='ltr'><strong>necessitudinem</strong></span> <span class='ocrx_word' id='word_1_122' title='bbox 916 1427 1135 1487; x_wconf 68' lang='lat' dir='ltr'><strong>magna</strong></span> <span class='ocrx_word' id='word_1_123' title='bbox 1166 1410 1302 1473; x_wconf 85' lang='lat' dir='ltr'><strong>eins</strong></span> <span class='ocrx_word' id='word_1_124' title='bbox 1344 1412 1552 1474; x_wconf 78' lang='lat' dir='ltr'><strong>officia</strong></span> <span class='ocrx_word' id='word_1_125' title='bbox 1606 1414 1668 1474; x_wconf 87' lang='lat' dir='ltr'><strong>in</strong></span> <span class='ocrx_word' id='word_1_126' title='bbox 1708 1430 1816 1474; x_wconf 82' lang='lat' dir='ltr'><strong>-me</strong></span> <span class='ocrx_word' id='word_1_127' title='bbox 1859 1421 1920 1476; x_wconf 84' lang='lat' dir='ltr'><strong>et</strong></span> <span class='ocrx_word' id='word_1_128' title='bbox 1969 1413 2032 1475; x_wconf 89' lang='lat' dir='ltr'><strong>in</strong></span> <span class='ocrx_word' id='word_1_129' title='bbox 2057 1428 2234 1474; x_wconf 71' lang='lat' dir='ltr'><strong>exer—</strong></span> 
     </span>
     <span class='ocr_line' id='line_1_16' title="bbox 166 1494 2238 1571; baseline -0.001 -14"><span class='ocrx_word' id='word_1_130' title='bbox 166 1496 353 1559; x_wconf 85' lang='lat' dir='ltr'><strong>citum</strong></span> <span class='ocrx_word' id='word_1_131' title='bbox 394 1512 594 1557; x_wconf 88' lang='lat' dir='ltr'><strong>meum</strong></span> <span class='ocrx_word' id='word_1_132' title='bbox 634 1494 997 1557; x_wconf 75' lang='lat' dir='ltr'><strong>effeceruntz</strong></span> <span class='ocrx_word' id='word_1_133' title='bbox 1045 1496 1157 1557; x_wconf 86' lang='lat' dir='ltr'><strong>sed</strong></span> <span class='ocrx_word' id='word_1_134' title='bbox 1199 1512 1388 1571; x_wconf 74' lang='lat' dir='ltr'><strong>vquum</strong></span> <span class='ocrx_word' id='word_1_135' title='bbox 1430 1497 1509 1557; x_wconf 83' lang='lat' dir='ltr'><strong>de</strong></span> <span class='ocrx_word' id='word_1_136' title='bbox 1569 1497 1672 1558; x_wconf 85' lang='lat' dir='ltr'><strong>illo</strong></span> <span class='ocrx_word' id='word_1_137' title='bbox 1713 1498 1938 1558; x_wconf 80' lang='lat' dir='ltr'><strong>laboro</strong></span> <span class='ocrx_word' id='word_1_138' title='bbox 1975 1506 2102 1559; x_wconf 82' lang='lat' dir='ltr'><strong>tum</strong></span> <span class='ocrx_word' id='word_1_139' title='bbox 2157 1497 2238 1556; x_wconf 81' lang='lat' dir='ltr'><strong>de</strong></span> 
     </span>
     <span class='ocr_line' id='line_1_17' title="bbox 164 1576 2236 1655; baseline -0 -16"><span class='ocrx_word' id='word_1_140' title='bbox 164 1578 373 1641; x_wconf 87' lang='lat' dir='ltr'><strong>multis</strong></span> <span class='ocrx_word' id='word_1_141' title='bbox 395 1576 787 1655; x_wconf 83' lang='lat' dir='ltr'><strong>amplissimis</strong></span> <span class='ocrx_word' id='word_1_142' title='bbox 808 1576 978 1651; x_wconf 69' lang='grc' dir='ltr'><strong>νίιίε,</strong></span> <span class='ocrx_word' id='word_1_143' title='bbox 1004 1576 1226 1652; x_wconf 85' lang='lat' dir='ltr'><strong>quibus</strong></span> <span class='ocrx_word' id='word_1_144' title='bbox 1251 1580 1442 1639; x_wconf 87' lang='lat' dir='ltr'><strong>semel</strong></span> <span class='ocrx_word' id='word_1_145' title='bbox 1463 1579 1734 1654; x_wconf 77' lang='lat' dir='ltr'><strong>ignotum</strong></span> <span class='ocrx_word' id='word_1_146' title='bbox 1755 1595 1793 1639; x_wconf 89' lang='lat' dir='ltr'><strong>a</strong></span> <span class='ocrx_word' id='word_1_147' title='bbox 1814 1589 1873 1640; x_wconf 85' lang='lat' dir='ltr'><strong>te</strong></span> <span class='ocrx_word' id='word_1_148' title='bbox 1886 1596 2030 1641; x_wconf 88' lang='lat' dir='ltr'><strong>esse</strong></span> <span class='ocrx_word' id='word_1_149' title='bbox 2053 1593 2236 1655; x_wconf 90' lang='lat' dir='ltr'><strong>opor-</strong></span> 
     </span>
     <span class='ocr_line' id='line_1_18' title="bbox 167 1659 2235 1735; baseline -0.001 -12"><span class='ocrx_word' id='word_1_150' title='bbox 167 1671 283 1732; x_wconf 84' lang='lat' dir='ltr'><strong>tet,</strong></span> <span class='ocrx_word' id='word_1_151' title='bbox 328 1677 442 1722; x_wconf 86' lang='lat' dir='ltr'><strong>nec</strong></span> <span class='ocrx_word' id='word_1_152' title='bbox 476 1665 847 1725; x_wconf 81' lang='lat' dir='ltr'><strong>beneficium</strong></span> <span class='ocrx_word' id='word_1_153' title='bbox 888 1671 1060 1724; x_wconf 87' lang='lat' dir='ltr'><strong>tuum</strong></span> <span class='ocrx_word' id='word_1_154' title='bbox 1094 1659 1157 1721; x_wconf 91' lang='lat' dir='ltr'><strong>in</strong></span> <span class='ocrx_word' id='word_1_155' title='bbox 1186 1661 1438 1722; x_wconf 89' lang='lat' dir='ltr'><strong>dubium</strong></span> <span class='ocrx_word' id='word_1_156' title='bbox 1465 1661 1706 1735; x_wconf 87' lang='lat' dir='ltr'><strong>vocari,</strong></span> <span class='ocrx_word' id='word_1_157' title='bbox 1751 1678 1866 1722; x_wconf 89' lang='lat' dir='ltr'><strong>nee</strong></span> <span class='ocrx_word' id='word_1_158' title='bbox 1890 1662 2146 1724; x_wconf 87' lang='lat' dir='ltr'><strong>haerere</strong></span> <span class='ocrx_word' id='word_1_159' title='bbox 2172 1660 2235 1721; x_wconf 84' lang='lat' dir='ltr'><strong>in</strong></span> 
     </span>
     <span class='ocr_line' id='line_1_19' title="bbox 170 1741 2238 1819; baseline -0 -16"><span class='ocrx_word' id='word_1_160' title='bbox 170 1741 389 1803; x_wconf 85' lang='lat' dir='ltr'><strong>animis</strong></span> <span class='ocrx_word' id='word_1_161' title='bbox 438 1743 747 1803; x_wconf 86' lang='lat' dir='ltr'><strong>hominum</strong></span> <span class='ocrx_word' id='word_1_162' title='bbox 788 1742 1262 1803; x_wconf 86' lang='lat' dir='ltr'><strong>sollicitudinem</strong></span> <span class='ocrx_word' id='word_1_163' title='bbox 1303 1742 1762 1819; x_wconf 86' lang='lat' dir='ltr'><strong>sempiternam,</strong></span> <span class='ocrx_word' id='word_1_164' title='bbox 1803 1759 1919 1804; x_wconf 88' lang='lat' dir='ltr'><strong>nec</strong></span> <span class='ocrx_word' id='word_1_165' title='bbox 1955 1744 2238 1804; x_wconf 86' lang='lat' dir='ltr'><strong>accidere</strong></span> 
     </span>
     <span class='ocr_line' id='line_1_20' title="bbox 171 1822 2236 1901; baseline -0.001 -15"><span class='ocrx_word' id='word_1_166' title='bbox 171 1833 238 1886; x_wconf 87' lang='grc' dir='ltr'><strong>ιιι</strong></span> <span class='ocrx_word' id='word_1_167' title='bbox 268 1824 595 1901; x_wconf 83' lang='lat' dir='ltr'><strong>quisquam</strong></span> <span class='ocrx_word' id='word_1_168' title='bbox 622 1830 683 1886; x_wconf 84' lang='lat' dir='ltr'><strong>te</strong></span> <span class='ocrx_word' id='word_1_169' title='bbox 710 1823 925 1885; x_wconf 82' lang='lat' dir='ltr'><strong>timere</strong></span> <span class='ocrx_word' id='word_1_170' title='bbox 950 1822 1201 1899; x_wconf 82' lang='lat' dir='ltr'><strong>incipiat</strong></span> <span class='ocrx_word' id='word_1_171' title='bbox 1228 1840 1470 1899; x_wconf 88' lang='lat' dir='ltr'><strong>eorum,</strong></span> <span class='ocrx_word' id='word_1_172' title='bbox 1502 1825 1608 1901; x_wconf 90' lang='lat' dir='ltr'><strong>qui</strong></span> <span class='ocrx_word' id='word_1_173' title='bbox 1635 1826 1757 1886; x_wconf 86' lang='lat' dir='ltr'><strong>sint</strong></span> <span class='ocrx_word' id='word_1_174' title='bbox 1789 1827 1979 1886; x_wconf 88' lang='lat' dir='ltr'><strong>semel</strong></span> <span class='ocrx_word' id='word_1_175' title='bbox 2008 1843 2046 1886; x_wconf 90' lang='lat' dir='ltr'><strong>a</strong></span> <span class='ocrx_word' id='word_1_176' title='bbox 2075 1836 2136 1886; x_wconf 87' lang='lat' dir='ltr'><strong>te</strong></span> <span class='ocrx_word' id='word_1_177' title='bbox 2167 1824 2236 1884; x_wconf 88' lang='lat' dir='ltr'><strong>li-</strong></span> 
     </span>
     <span class='ocr_line' id='line_1_21' title="bbox 173 1904 2238 1983; baseline -0.001 -16"><span class='ocrx_word' id='word_1_178' title='bbox 173 1906 365 1969; x_wconf 85' lang='lat' dir='ltr'><strong>berati</strong></span> <span class='ocrx_word' id='word_1_179' title='bbox 393 1905 631 1968; x_wconf 87' lang='lat' dir='ltr'><strong>timore.</strong></span> <span class='ocrx_word' id='word_1_180' title='bbox 712 1904 819 1969; x_wconf 82' lang='lat'><strong>40.</strong></span> <span class='ocrx_word' id='word_1_181' title='bbox 845 1906 977 1967; x_wconf 89' lang='lat' dir='ltr'><strong>Non</strong></span> <span class='ocrx_word' id='word_1_182' title='bbox 1010 1906 1229 1981; x_wconf 83' lang='lat' dir='ltr'><strong>debeo,</strong></span> <span class='ocrx_word' id='word_1_183' title='bbox 1262 1906 1324 1967; x_wconf 87' lang='lat' dir='ltr'><strong>C.</strong></span> <span class='ocrx_word' id='word_1_184' title='bbox 1356 1908 1596 1981; x_wconf 84' lang='lat' dir='ltr'><strong>Caesar,</strong></span> <span class='ocrx_word' id='word_1_185' title='bbox 1631 1908 1799 1983; x_wconf 87' lang='lat' dir='ltr'><strong>quod</strong></span> <span class='ocrx_word' id='word_1_186' title='bbox 1827 1908 1960 1969; x_wconf 86' lang='lat' dir='ltr'><strong>fieri</strong></span> <span class='ocrx_word' id='word_1_187' title='bbox 1995 1908 2154 1969; x_wconf 90' lang='lat' dir='ltr'><strong>solet</strong></span> <span class='ocrx_word' id='word_1_188' title='bbox 2175 1906 2238 1966; x_wconf 89' lang='lat' dir='ltr'><strong>in</strong></span> 
     </span>
     <span class='ocr_line' id='line_1_22' title="bbox 173 1988 2231 2065; baseline -0.001 -14"><span class='ocrx_word' id='word_1_189' title='bbox 173 1988 356 2052; x_wconf 76' lang='lat' dir='ltr'><strong>tantIs</strong></span> <span class='ocrx_word' id='word_1_190' title='bbox 402 1988 718 2065; x_wconf 82' lang='lat' dir='ltr'><strong>periculis,</strong></span> <span class='ocrx_word' id='word_1_191' title='bbox 763 1997 1060 2064; x_wconf 86' lang='lat' dir='ltr'><strong>temptare</strong></span> <span class='ocrx_word' id='word_1_192' title='bbox 1096 2005 1438 2065; x_wconf 79' lang='lat' dir='ltr'><strong>ecquonam</strong></span> <span class='ocrx_word' id='word_1_193' title='bbox 1483 1991 1667 2052; x_wconf 89' lang='lat' dir='ltr'><strong>modo</strong></span> <span class='ocrx_word' id='word_1_194' title='bbox 1698 1990 1959 2051; x_wconf 88' lang='lat' dir='ltr'><strong>dicendo</strong></span> <span class='ocrx_word' id='word_1_195' title='bbox 2001 1988 2231 2050; x_wconf 86' lang='lat' dir='ltr'><strong>miseri·</strong></span> 
     </span>
     <span class='ocr_line' id='line_1_23' title="bbox 172 2072 2234 2149; baseline -0.001 -15"><span class='ocrx_word' id='word_1_196' title='bbox 172 2072 443 2134; x_wconf 84' lang='lat' dir='ltr'><strong>cordiam</strong></span> <span class='ocrx_word' id='word_1_197' title='bbox 470 2079 632 2133; x_wconf 86' lang='lat' dir='ltr'><strong>tuam</strong></span> <span class='ocrx_word' id='word_1_198' title='bbox 667 2087 1053 2133; x_wconf 87' lang='lat' dir='ltr'><strong>commovere</strong></span> <span class='ocrx_word' id='word_1_199' title='bbox 1091 2072 1346 2147; x_wconf 87' lang='lat' dir='ltr'><strong>possim.</strong></span> <span class='ocrx_word' id='word_1_200' title='bbox 1431 2072 1589 2133; x_wconf 87' lang='lat' dir='ltr'><strong>Nihil</strong></span> <span class='ocrx_word' id='word_1_201' title='bbox 1623 2088 1782 2149; x_wconf 89' lang='lat' dir='ltr'><strong>opus</strong></span> <span class='ocrx_word' id='word_1_202' title='bbox 1812 2082 1927 2134; x_wconf 84' lang='lat' dir='ltr'><strong>est.</strong></span> <span class='ocrx_word' id='word_1_203' title='bbox 2014 2072 2234 2135; x_wconf 81' lang='lat' dir='ltr'><strong>Occur-</strong></span> 
     </span>
     <span class='ocr_line' id='line_1_24' title="bbox 174 2154 2240 2230; baseline -0 -16"><span class='ocrx_word' id='word_1_204' title='bbox 174 2172 311 2217; x_wconf 87' lang='lat' dir='ltr'><strong>rere</strong></span> <span class='ocrx_word' id='word_1_205' title='bbox 348 2156 509 2216; x_wconf 86' lang='lat' dir='ltr'><strong>solet</strong></span> <span class='ocrx_word' id='word_1_206' title='bbox 549 2154 688 2229; x_wconf 85' lang='lat' dir='ltr'><strong>ipsa</strong></span> <span class='ocrx_word' id='word_1_207' title='bbox 730 2154 1115 2230; x_wconf 83' lang='lat' dir='ltr'><strong>supplicibus</strong></span> <span class='ocrx_word' id='word_1_208' title='bbox 1156 2164 1219 2217; x_wconf 88' lang='lat' dir='ltr'><strong>et</strong></span> <span class='ocrx_word' id='word_1_209' title='bbox 1257 2156 1662 2230; x_wconf 87' lang='lat' dir='ltr'><strong>calamitosis,</strong></span> <span class='ocrx_word' id='word_1_210' title='bbox 1703 2154 1930 2216; x_wconf 85' lang='lat' dir='ltr'><strong>nullius</strong></span> <span class='ocrx_word' id='word_1_211' title='bbox 1960 2155 2240 2217; x_wconf 85' lang='lat' dir='ltr'><strong>oratione</strong></span> 
     </span>
     <span class='ocr_line' id='line_1_25' title="bbox 172 2236 2234 2313; baseline -0.001 -13"><span class='ocrx_word' id='word_1_212' title='bbox 172 2246 448 2300; x_wconf 83' lang='lat' dir='ltr'><strong>evocata.</strong></span> <span class='ocrx_word' id='word_1_213' title='bbox 531 2237 812 2313; x_wconf 80' lang='lat' dir='ltr'>Propone</span> <span class='ocrx_word' id='word_1_214' title='bbox 844 2236 955 2298; x_wconf 84' lang='lat' dir='ltr'><strong>tibi</strong></span> <span class='ocrx_word' id='word_1_215' title='bbox 984 2238 1145 2299; x_wconf 86' lang='lat' dir='ltr'><strong>duos</strong></span> <span class='ocrx_word' id='word_1_216' title='bbox 1177 2252 1360 2313; x_wconf 81' lang='lat' dir='ltr'><strong>reges</strong></span> <span class='ocrx_word' id='word_1_217' title='bbox 1390 2247 1451 2300; x_wconf 87' lang='lat' dir='ltr'><strong>et</strong></span> <span class='ocrx_word' id='word_1_218' title='bbox 1477 2238 1540 2298; x_wconf 89' lang='lat' dir='ltr'><strong>id</strong></span> <span class='ocrx_word' id='word_1_219' title='bbox 1563 2237 1765 2299; x_wconf 88' lang='lat' dir='ltr'><strong>animo</strong></span> <span class='ocrx_word' id='word_1_220' title='bbox 1795 2240 2234 2313; x_wconf 85' lang='lat' dir='ltr'><strong>contemplare,</strong></span> 
     </span>
     <span class='ocr_line' id='line_1_26' title="bbox 182 2319 2240 2398; baseline -0.002 -16"><span class='ocrx_word' id='word_1_221' title='bbox 182 2319 341 2397; x_wconf 89' lang='lat' dir='ltr'><strong>quod</strong></span> <span class='ocrx_word' id='word_1_222' title='bbox 401 2320 599 2383; x_wconf 87' lang='lat' dir='ltr'><strong>oculis</strong></span> <span class='ocrx_word' id='word_1_223' title='bbox 650 2337 771 2381; x_wconf 90' lang='lat' dir='ltr'><strong>non</strong></span> <span class='ocrx_word' id='word_1_224' title='bbox 815 2328 1014 2397; x_wconf 86' lang='lat' dir='ltr'><strong>potes.</strong></span> <span class='ocrx_word' id='word_1_225' title='bbox 1098 2321 1289 2383; x_wconf 88' lang='lat' dir='ltr'><strong>Dabis</strong></span> <span class='ocrx_word' id='word_1_226' title='bbox 1336 2322 1612 2398; x_wconf 81' lang='lat' dir='ltr'><strong>profecto</strong></span> <span class='ocrx_word' id='word_1_227' title='bbox 1661 2320 1725 2384; x_wconf 88' lang='lat' dir='ltr'><strong>id</strong></span> <span class='ocrx_word' id='word_1_228' title='bbox 1777 2320 2240 2383; x_wconf 75' lang='lat' dir='ltr'><strong>misericordiae</strong></span> 
     </span>
     <span class='ocr_line' id='line_1_27' title="bbox 179 2404 2236 2484; baseline -0.004 -16"><span class='ocrx_word' id='word_1_229' title='bbox 179 2407 344 2481; x_wconf 88' lang='lat' dir='ltr'><strong>quod</strong></span> <span class='ocrx_word' id='word_1_230' title='bbox 371 2406 727 2469; x_wconf 81' lang='lat' dir='ltr'><strong>iracundiae</strong></span> <span class='ocrx_word' id='word_1_231' title='bbox 756 2406 1095 2484; x_wconf 81' lang='lat' dir='ltr'><strong>denegasti.</strong></span> <span class='ocrx_word' id='word_1_232' title='bbox 1156 2408 1348 2469; x_wconf 85' lang='lat' dir='ltr'><strong>Multa</strong></span> <span class='ocrx_word' id='word_1_233' title='bbox 1376 2415 1522 2468; x_wconf 87' lang='lat' dir='ltr'><strong>sunt</strong></span> <span class='ocrx_word' id='word_1_234' title='bbox 1549 2411 1946 2467; x_wconf 84' lang='lat' dir='ltr'><strong>monumenta</strong></span> <span class='ocrx_word' id='word_1_235' title='bbox 1975 2404 2236 2463; x_wconf 89' lang='lat' dir='ltr'><strong>clemen-</strong></span> 
     </span>
     <span class='ocr_line' id='line_1_28' title="bbox 90 2487 2357 2564; baseline -0.004 -13"><span class='ocrx_word' id='word_1_236' title='bbox 90 2518 97 2525; x_wconf 93' lang='lat'><strong>·</strong></span> <span class='ocrx_word' id='word_1_237' title='bbox 178 2492 297 2552; x_wconf 85' lang='lat' dir='ltr'><strong>tiae</strong></span> <span class='ocrx_word' id='word_1_238' title='bbox 332 2498 494 2564; x_wconf 86' lang='lat' dir='ltr'><strong>tuae,</strong></span> <span class='ocrx_word' id='word_1_239' title='bbox 527 2494 639 2554; x_wconf 87' lang='lat' dir='ltr'><strong>sed</strong></span> <span class='ocrx_word' id='word_1_240' title='bbox 672 2491 938 2553; x_wconf 85' lang='lat' dir='ltr'><strong>maxima</strong></span> <span class='ocrx_word' id='word_1_241' title='bbox 966 2506 1180 2554; x_wconf 88' lang='lat' dir='ltr'><strong>eorum</strong></span> <span class='ocrx_word' id='word_1_242' title='bbox 1208 2488 1678 2558; x_wconf 87' lang='lat' dir='ltr'><strong>incolumitates,</strong></span> <span class='ocrx_word' id='word_1_243' title='bbox 1714 2488 1937 2563; x_wconf 81' lang='lat' dir='ltr'><strong>quibus</strong></span> <span class='ocrx_word' id='word_1_244' title='bbox 1973 2487 2238 2545; x_wconf 84' lang='lat' dir='ltr'><strong>salutem</strong></span> <span class='ocrx_word' id='word_1_245' title='bbox 2349 2524 2357 2529; x_wconf 85' lang='lat'><em>-</em></span> 
     </span>
     <span class='ocr_line' id='line_1_29' title="bbox 184 2566 2239 2647; baseline -0.007 -10"><span class='ocrx_word' id='word_1_246' title='bbox 184 2572 420 2637; x_wconf 86' lang='lat' dir='ltr'><strong>dedisti.</strong></span> <span class='ocrx_word' id='word_1_247' title='bbox 500 2572 667 2647; x_wconf 81' lang='lat' dir='ltr'><strong>Quae</strong></span> <span class='ocrx_word' id='word_1_248' title='bbox 696 2572 750 2633; x_wconf 90' lang='lat' dir='ltr'><strong>si</strong></span> <span class='ocrx_word' id='word_1_249' title='bbox 784 2571 844 2633; x_wconf 89' lang='lat' dir='ltr'><strong>in</strong></span> <span class='ocrx_word' id='word_1_250' title='bbox 875 2571 1127 2647; x_wconf 86' lang='lat' dir='ltr'><strong>privatis</strong></span> <span class='ocrx_word' id='word_1_251' title='bbox 1149 2571 1422 2645; x_wconf 79' lang='lat' dir='ltr'><strong>gloriosa</strong></span> <span class='ocrx_word' id='word_1_252' title='bbox 1443 2578 1602 2643; x_wconf 83' lang='lat' dir='ltr'><strong>sunt,</strong></span> <span class='ocrx_word' id='word_1_253' title='bbox 1633 2571 1818 2630; x_wconf 89' lang='lat' dir='ltr'><strong>multo</strong></span> <span class='ocrx_word' id='word_1_254' title='bbox 1849 2566 2043 2641; x_wconf 86' lang='lat' dir='ltr'><strong>magis</strong></span> <span class='ocrx_word' id='word_1_255' title='bbox 2076 2580 2239 2625; x_wconf 88' lang='lat' dir='ltr'><strong>com·</strong></span> 
     </span>
     <span class='ocr_line' id='line_1_30' title="bbox 182 2643 2240 2731; baseline -0.007 -12"><span class='ocrx_word' id='word_1_256' title='bbox 182 2655 711 2719; x_wconf 74' lang='lat' dir='ltr'><strong>memorabuntur·</strong></span> <span class='ocrx_word' id='word_1_257' title='bbox 693 2673 755 2715; x_wconf 90' lang='grc' dir='ltr'><strong>ιιι</strong></span> <span class='ocrx_word' id='word_1_258' title='bbox 782 2654 1051 2731; x_wconf 82' lang='lat' dir='ltr'><strong>regibus.</strong></span> <span class='ocrx_word' id='word_1_259' title='bbox 1116 2652 1374 2729; x_wconf 84' lang='lat' dir='ltr'><strong>Semper</strong></span> <span class='ocrx_word' id='word_1_260' title='bbox 1400 2652 1635 2728; x_wconf 82' lang='lat' dir='ltr'><strong>regium</strong></span> <span class='ocrx_word' id='word_1_261' title='bbox 1664 2666 1888 2712; x_wconf 88' lang='lat' dir='ltr'><strong>nomen</strong></span> <span class='ocrx_word' id='word_1_262' title='bbox 1919 2648 1982 2707; x_wconf 89' lang='lat' dir='ltr'><strong>in</strong></span> <span class='ocrx_word' id='word_1_263' title='bbox 2009 2647 2125 2705; x_wconf 85' lang='lat' dir='ltr'><strong>hac</strong></span> <span class='ocrx_word' id='word_1_264' title='bbox 2157 2643 2240 2705; x_wconf 82' lang='lat' dir='ltr'><strong>ci-</strong></span> 
     </span>
     <span class='ocr_line' id='line_1_31' title="bbox 184 2732 2240 2812; baseline -0.007 -12"><span class='ocrx_word' id='word_1_265' title='bbox 184 2740 365 2801; x_wconf 86' lang='lat' dir='ltr'><strong>vitate</strong></span> <span class='ocrx_word' id='word_1_266' title='bbox 397 2746 672 2800; x_wconf 87' lang='lat' dir='ltr'><strong>sanctum</strong></span> <span class='ocrx_word' id='word_1_267' title='bbox 704 2737 841 2812; x_wconf 82' lang='lat' dir='ltr'><strong>fuit,</strong></span> <span class='ocrx_word' id='word_1_268' title='bbox 871 2736 1180 2798; x_wconf 84' lang='lat' dir='ltr'><strong>sociorum</strong></span> <span class='ocrx_word' id='word_1_269' title='bbox 1210 2752 1358 2796; x_wconf 88' lang='lat' dir='ltr'><strong>vero</strong></span> <span class='ocrx_word' id='word_1_270' title='bbox 1400 2751 1613 2810; x_wconf 84' lang='lat' dir='ltr'><strong>regum</strong></span> <span class='ocrx_word' id='word_1_271' title='bbox 1647 2743 1708 2794; x_wconf 87' lang='lat' dir='ltr'><strong>et</strong></span> <span class='ocrx_word' id='word_1_272' title='bbox 1737 2732 2070 2793; x_wconf 85' lang='lat' dir='ltr'><strong>amicorum</strong></span> <span class='ocrx_word' id='word_1_273' title='bbox 2101 2737 2240 2787; x_wconf 85' lang='lat' dir='ltr'><strong>san-</strong></span> 
     </span>
     <span class='ocr_line' id='line_1_32' title="bbox 186 2812 2244 2893; baseline -0.007 -10"><span class='ocrx_word' id='word_1_274' title='bbox 186 2820 534 2884; x_wconf 87' lang='lat' dir='ltr'><strong>ctissimum.</strong></span> <span class='ocrx_word' id='word_1_275' title='bbox 617 2820 751 2881; x_wconf 82' lang='lat' dir='ltr'><strong>XV.</strong></span> <span class='ocrx_word' id='word_1_276' title='bbox 788 2816 892 2881; x_wconf 80' lang='lat'><strong>41.</strong></span> <span class='ocrx_word' id='word_1_277' title='bbox 936 2819 1111 2893; x_wconf 81' lang='lat' dir='ltr'><strong>Quod</strong></span> <span class='ocrx_word' id='word_1_278' title='bbox 1152 2833 1372 2878; x_wconf 84' lang='lat' dir='ltr'><strong>nomen</strong></span> <span class='ocrx_word' id='word_1_279' title='bbox 1403 2816 1467 2877; x_wconf 90' lang='lat' dir='ltr'><strong>hi</strong></span> <span class='ocrx_word' id='word_1_280' title='bbox 1494 2832 1673 2890; x_wconf 85' lang='lat' dir='ltr'><strong>reges</strong></span> <span class='ocrx_word' id='word_1_281' title='bbox 1702 2832 1781 2876; x_wconf 89' lang='lat' dir='ltr'><strong>ne</strong></span> <span class='ocrx_word' id='word_1_282' title='bbox 1811 2812 2150 2875; x_wconf 84' lang='lat' dir='ltr'><strong>amitterent</strong></span> <span class='ocrx_word' id='word_1_283' title='bbox 2182 2817 2244 2869; x_wconf 85' lang='lat' dir='ltr'><strong>te</strong></span> 
     </span>
     <span class='ocr_line' id='line_1_33' title="bbox 186 2892 2244 2976; baseline -0.007 -11"><span class='ocrx_word' id='word_1_284' title='bbox 186 2904 413 2966; x_wconf 87' lang='lat' dir='ltr'><strong>victore</strong></span> <span class='ocrx_word' id='word_1_285' title='bbox 441 2900 793 2976; x_wconf 88' lang='lat' dir='ltr'><strong>timuerunt,</strong></span> <span class='ocrx_word' id='word_1_286' title='bbox 817 2909 1113 2963; x_wconf 88' lang='lat' dir='ltr'><strong>retentum</strong></span> <span class='ocrx_word' id='word_1_287' title='bbox 1138 2914 1284 2961; x_wconf 88' lang='lat' dir='ltr'><strong>vero</strong></span> <span class='ocrx_word' id='word_1_288' title='bbox 1309 2905 1508 2961; x_wconf 84' lang='lat' dir='ltr'><strong>etate</strong></span> <span class='ocrx_word' id='word_1_289' title='bbox 1529 2899 1947 2959; x_wconf 84' lang='lat' dir='ltr'><strong>confirmatum</strong></span> <span class='ocrx_word' id='word_1_290' title='bbox 1976 2892 2244 2970; x_wconf 84' lang='lat' dir='ltr'><strong>posteris</strong></span> 
     </span>
     <span class='ocr_line' id='line_1_34' title="bbox 191 2980 2240 3054; baseline -0.007 -5"><span class='ocrx_word' id='word_1_291' title='bbox 191 2989 364 3049; x_wconf 85' lang='lat' dir='ltr'><strong>etiam</strong></span> <span class='ocrx_word' id='word_1_292' title='bbox 410 2985 543 3048; x_wconf 87' lang='lat' dir='ltr'><strong>suis</strong></span> <span class='ocrx_word' id='word_1_293' title='bbox 581 2984 911 3047; x_wconf 85' lang='lat' dir='ltr'><strong>tradituros</strong></span> <span class='ocrx_word' id='word_1_294' title='bbox 954 2999 1025 3043; x_wconf 91' lang='lat' dir='ltr'><strong>se</strong></span> <span class='ocrx_word' id='word_1_295' title='bbox 1064 2997 1209 3042; x_wconf 89' lang='lat' dir='ltr'><strong>esse</strong></span> <span class='ocrx_word' id='word_1_296' title='bbox 1252 2982 1584 3042; x_wconf 82' lang='lat' dir='ltr'><strong>confidunt.</strong></span> <span class='ocrx_word' id='word_1_297' title='bbox 1671 2980 1942 3054; x_wconf 82' lang='lat' dir='ltr'><strong>corpora</strong></span> <span class='ocrx_word' id='word_1_298' title='bbox 1985 2993 2100 3038; x_wconf 86' lang='lat' dir='ltr'><strong>sua</strong></span> <span class='ocrx_word' id='word_1_299' title='bbox 2129 2990 2240 3051; x_wconf 91' lang='lat' dir='ltr'><strong>pro</strong></span> 
     </span>
     <span class='ocr_line' id='line_1_35' title="bbox 191 3058 2244 3144; baseline -0.007 -12"><span class='ocrx_word' id='word_1_300' title='bbox 191 3072 379 3132; x_wconf 86' lang='lat' dir='ltr'><strong>salute</strong></span> <span class='ocrx_word' id='word_1_301' title='bbox 406 3084 617 3144; x_wconf 86' lang='lat' dir='ltr'><strong>regum</strong></span> <span class='ocrx_word' id='word_1_302' title='bbox 659 3082 911 3129; x_wconf 87' lang='lat' dir='ltr'><strong>suorum</strong></span> <span class='ocrx_word' id='word_1_303' title='bbox 960 3064 1024 3125; x_wconf 88' lang='lat' dir='ltr'><strong>hi</strong></span> <span class='ocrx_word' id='word_1_304' title='bbox 1064 3062 1249 3139; x_wconf 82' lang='lat' dir='ltr'><strong>legati</strong></span> <span class='ocrx_word' id='word_1_305' title='bbox 1276 3064 1382 3125; x_wconf 88' lang='lat' dir='ltr'><strong>tibi</strong></span> <span class='ocrx_word' id='word_1_306' title='bbox 1409 3062 1562 3139; x_wconf 85' lang='lat' dir='ltr'><strong>regii</strong></span> <span class='ocrx_word' id='word_1_307' title='bbox 1587 3063 1859 3135; x_wconf 85' lang='lat' dir='ltr'><strong>tradunt,</strong></span> <span class='ocrx_word' id='word_1_308' title='bbox 1919 3058 2136 3121; x_wconf 86' lang='lat' dir='ltr'><strong>Hieras</strong></span> <span class='ocrx_word' id='word_1_309' title='bbox 2183 3065 2244 3117; x_wconf 83' lang='lat' dir='ltr'><strong>et</strong></span> 
     </span>
     <span class='ocr_line' id='line_1_36' title="bbox 190 3138 2242 3223; baseline -0.008 -10"><span class='ocrx_word' id='word_1_310' title='bbox 190 3151 525 3213; x_wconf 86' lang='lat' dir='ltr'><strong>Blesamius</strong></span> <span class='ocrx_word' id='word_1_311' title='bbox 555 3158 617 3211; x_wconf 85' lang='lat' dir='ltr'><strong>et</strong></span> <span class='ocrx_word' id='word_1_312' title='bbox 643 3147 1002 3223; x_wconf 82' lang='lat' dir='ltr'><strong>Antigonus,</strong></span> <span class='ocrx_word' id='word_1_313' title='bbox 1035 3146 1141 3209; x_wconf 88' lang='lat' dir='ltr'><strong>tibi</strong></span> <span class='ocrx_word' id='word_1_314' title='bbox 1172 3146 1477 3221; x_wconf 88' lang='lat' dir='ltr'><strong>nobisque</strong></span> <span class='ocrx_word' id='word_1_315' title='bbox 1499 3143 1823 3208; x_wconf 88' lang='lat' dir='ltr'><strong>omnibus</strong></span> <span class='ocrx_word' id='word_1_316' title='bbox 1805 3161 1926 3206; x_wconf 80' lang='lat' dir='ltr'><strong>mm</strong></span> <span class='ocrx_word' id='word_1_317' title='bbox 1962 3143 2064 3203; x_wconf 90' lang='lat' dir='ltr'><strong>diu</strong></span> <span class='ocrx_word' id='word_1_318' title='bbox 2099 3138 2242 3211; x_wconf 88' lang='lat' dir='ltr'><strong>noti,</strong></span> 
     </span>
     <span class='ocr_line' id='line_1_37' title="bbox 194 3228 2241 3326; baseline -0.007 -31"><span class='ocrx_word' id='word_1_319' title='bbox 194 3236 527 3309; x_wconf 86' lang='lat' dir='ltr'><strong>eademque</strong></span> <span class='ocrx_word' id='word_1_320' title='bbox 556 3233 679 3294; x_wconf 84' lang='lat' dir='ltr'><strong>fide</strong></span> <span class='ocrx_word' id='word_1_321' title='bbox 712 3240 773 3294; x_wconf 88' lang='lat' dir='ltr'><strong>et</strong></span> <span class='ocrx_word' id='word_1_322' title='bbox 801 3232 1019 3292; x_wconf 85' lang='lat' dir='ltr'><strong>virtute</strong></span> <span class='ocrx_word' id='word_1_323' title='bbox 1053 3230 1366 3326; x_wconf 82' lang='lat' dir='ltr'><strong>praeditus</strong></span> <span class='ocrx_word' id='word_1_324' title='bbox 1392 3228 1718 3307; x_wconf 66' lang='grc' dir='ltr'>ΒοιῪΙαιιε,</span> <span class='ocrx_word' id='word_1_325' title='bbox 1753 3228 1857 3303; x_wconf 83' lang='lat' dir='ltr'><strong>qui</strong></span> <span class='ocrx_word' id='word_1_326' title='bbox 1885 3238 2080 3298; x_wconf 89' lang='lat' dir='ltr'><strong>nuper</strong></span> <span class='ocrx_word' id='word_1_327' title='bbox 2108 3236 2241 3283; x_wconf 89' lang='lat' dir='ltr'><strong>cum</strong></span> 
     </span>
     <span class='ocr_line' id='line_1_38' title="bbox 194 3304 2238 3391; baseline -0.006 -14"><span class='ocrx_word' id='word_1_328' title='bbox 194 3316 371 3377; x_wconf 86' lang='lat' dir='ltr'><strong>Hiera</strong></span> <span class='ocrx_word' id='word_1_329' title='bbox 410 3318 647 3391; x_wconf 81' lang='lat' dir='ltr'><strong>legatus</strong></span> <span class='ocrx_word' id='word_1_330' title='bbox 677 3321 774 3376; x_wconf 84' lang='lat' dir='ltr'><strong>est</strong></span> <span class='ocrx_word' id='word_1_331' title='bbox 798 3314 876 3374; x_wconf 92' lang='lat' dir='ltr'><strong>ad</strong></span> <span class='ocrx_word' id='word_1_332' title='bbox 908 3321 969 3374; x_wconf 85' lang='lat' dir='ltr'><strong>te</strong></span> <span class='ocrx_word' id='word_1_333' title='bbox 996 3313 1256 3383; x_wconf 89' lang='lat' dir='ltr'><strong>missus,</strong></span> <span class='ocrx_word' id='word_1_334' title='bbox 1293 3328 1476 3387; x_wconf 87' lang='lat' dir='ltr'><strong>quum</strong></span> <span class='ocrx_word' id='word_1_335' title='bbox 1501 3327 1712 3386; x_wconf 79' lang='lat' dir='ltr'><strong>regum</strong></span> <span class='ocrx_word' id='word_1_336' title='bbox 1743 3304 2092 3369; x_wconf 86' lang='lat' dir='ltr'><strong>amicissimi</strong></span> <span class='ocrx_word' id='word_1_337' title='bbox 2119 3311 2238 3365; x_wconf 86' lang='lat' dir='ltr'><strong>tum</strong></span> 
     </span>
     <span class='ocr_line' id='line_1_39' title="bbox 179 3389 2242 3475; baseline -0.007 -12"><span class='ocrx_word' id='word_1_338' title='bbox 179 3398 295 3463; x_wconf 69' lang='lat' dir='ltr'><strong>tibi</strong></span> <span class='ocrx_word' id='word_1_339' title='bbox 322 3396 520 3475; x_wconf 87' lang='lat' dir='ltr'><strong>etiam,</strong></span> <span class='ocrx_word' id='word_1_340' title='bbox 545 3405 614 3459; x_wconf 87' lang='lat' dir='ltr'><strong>ut</strong></span> <span class='ocrx_word' id='word_1_341' title='bbox 646 3413 849 3474; x_wconf 86' lang='lat' dir='ltr'><strong>spero,</strong></span> <span class='ocrx_word' id='word_1_342' title='bbox 879 3394 1135 3473; x_wconf 78' lang='lat' dir='ltr'><strong>probati.</strong></span> <span class='ocrx_word' id='word_1_343' title='bbox 1210 3391 1314 3457; x_wconf 83' lang='grc'><strong>42.</strong></span> <span class='ocrx_word' id='word_1_344' title='bbox 1343 3395 1610 3472; x_wconf 85' lang='lat' dir='ltr'><strong>Exquire</strong></span> <span class='ocrx_word' id='word_1_345' title='bbox 1641 3394 1719 3454; x_wconf 92' lang='lat' dir='ltr'><strong>de</strong></span> <span class='ocrx_word' id='word_1_346' title='bbox 1745 3389 2050 3454; x_wconf 81' lang='lat' dir='ltr'><strong>Blesamio</strong></span> <span class='ocrx_word' id='word_1_347' title='bbox 2099 3404 2242 3449; x_wconf 88' lang='lat' dir='ltr'><strong>num</strong></span> 
     </span>
    </p>
   </div>
   <div class='ocr_carea' id='block_1_3' title="bbox 2143 3669 2442 3757">
    <p class='ocr_par' dir='ltr' id='par_1_3' title="bbox 2143 3669 2442 3757">
     <span class='ocr_line' id='line_1_40' title="bbox 2143 3669 2442 3757; baseline 0 -2"><span class='ocrx_word' id='word_1_348' title='bbox 2143 3669 2442 3757; x_wconf 66' lang='lat'><strong>,-</strong></span> 
     </span>
    </p>
   </div>
  </div>
 </body>
</html>
