2459 3817
763 150 923 209 CAP.
956 158 1027 213 se
1042 182 1117 195 —-
1134 158 1222 213 es.
1269 156 1319 217 s.
1351 158 1422 213 92
1441 185 1508 194 —
1527 159 1615 213 99.
2091 143 2220 212 251.

142 315 273 359 nos
310 296 553 373 quidem
586 300 1037 371 contemnendi,
1084 298 1187 375 qui
1209 309 1518 363 auctorem
1555 300 1814 373 odimus,
1839 309 1978 363 acta
2008 302 2220 362 del'en-

142 382 373 443 dimuS.
460 381 761 441 XXXVIII
808 380 911 444 97.
954 382 1109 455 Quid
1159 398 1276 457 ego
1327 384 1406 443 de
1449 382 1898 444 commentariis
1946 382 2214 458 infinitiS,

148 464 304 537 quid
332 464 409 523 de
439 462 979 525 innumerabilibus
1009 464 1432 539 chirographis
1461 466 1722 540 loquar?
1753 482 2012 540 quorum
2037 466 2217 527 etiam

145 545 469 607 institores
516 554 689 618 sunt,
734 548 836 621 qui
872 563 947 607 ea
973 556 1284 623 tamquam
1307 548 1710 621 gladiatorum
1743 548 1986 609 libellos
2013 550 2218 623 palam

147 628 485 689 venditent.
513 629 729 701 Itaque
744 626 892 685 tanti
910 627 1118 687 acervi
1139 645 1522 690 nummorum
1539 631 1705 705 apud
1733 630 1915 693 istum
1945 638 2222 692 constru-

146 720 367 783 untur,
408 718 475 771 ut
514 710 634 771 iam
676 712 1129 785 expendantur,
1163 728 1290 773 non
1332 721 1720 773 numerentur
1755 714 2075 788 pecuniae.
2140 715 2222 774 At

35 802 37 879 g
144 808 339 869 quam
366 808 553 853 caeca
578 792 831 853 avaritia
860 802 981 856 est!
1022 794 1229 869 Nuper
1257 794 1382 853 fixa
1410 795 1614 854 tabula
1642 803 1755 867 est,
1789 812 1914 869 qua
1944 795 2220 857 civitates

35 884 37 929 ῑ
142 874 673 951 locupletissimae
698 876 1075 937 Cretensium
1104 875 1506 950 vectigalibus
1532 874 1881 951 liberantur,
1915 879 2219 957 statuitur-

34 956 38 979 ¹
150 976 307 1034 que,
350 976 430 1019 ne
477 964 621 1034 post
657 958 739 1017 M.
778 959 1027 1019 Brutum
1068 975 1182 1034 pro
1230 962 1487 1021 consule
1545 958 1624 1017 sit
1664 958 1838 1021 Creta
1886 960 2220 1033 provincia.

144 1042 241 1101 Tu
270 1042 491 1102 mentis
522 1058 593 1101 es
624 1047 923 1114 compos?
961 1047 1027 1101 tu
1058 1057 1184 1100 non
1219 1040 1772 1115 constringendus?
1809 1043 1908 1101 An
1941 1040 2221 1101 Caesaris

140 1125 403 1185 decreto
439 1120 614 1184 Creta
656 1129 799 1197 post
826 1122 907 1181 Μ.
935 1121 1106 1183 Bruti
1136 1123 1463 1183 decessum
1493 1122 1692 1197 potuit
1718 1123 1989 1198 liberari,
2036 1140 2221 1199 quum

148 1208 334 1267 Creta
371 1204 517 1265 nihil
560 1206 639 1265 ad
675 1205 925 1265 Brutum
970 1204 1233 1265 Caesare
1273 1204 1416 1265 vivo
1468 1208 1842 1281 pertineret?
1907 1208 1990 1267 At
2039 1206 2221 1266 huius

34 1310 39 1375 2
151 1288 507 1350 venditione
548 1287 777 1348 decreti
804 1320 889 1333 —-
920 1303 997 1346 ne
1039 1286 1188 1346 nihil
1235 1295 1434 1348 actum
1478 1287 1703 1362 putetis
1731 1321 1816 1334 —-
1841 1289 2224 1363 provinciam

35 1392 39 1399 ’
151 1375 391 1431 cretam
427 1369 801 1445 perdidistis,
876 1368 1131 1431 Omnino
1176 1386 1354 1431 nemo
1393 1370 1571 1432 ullius
1597 1370 1688 1431 rei
1719 1369 1830 1431 fuit
1858 1380 2096 1446 emptor
2123 1370 2223 1431 cui

146 1454 415 1515 defuerit
453 1453 552 1513 hic
590 1452 895 1513 venditor.
980 1451 1083 1515 98.
1126 1452 1203 1513 Et
1245 1454 1326 1514 de
1375 1452 1692 1515 exsulibus
1743 1456 1972 1529 legem,
2041 1469 2222 1529 quam

150 1536 374 1609 fixisti,
420 1536 651 1597 Caesar
680 1535 853 1596 tulit?
913 1533 1147 1599 Nullius
1194 1536 1467 1598 insector
1505 1536 1934 1598 calamitatem:
1990 1544 2219 1597 tantum

35 1640 38 1651 ’
151 1634 415 1691 queror,
463 1618 723 1692 primum
751 1634 962 1679 eorum
989 1619 1221 1680 reditus
1256 1618 1638 1693 inquinatOS,
1683 1634 1942 1693 quorum
1973 1635 2220 1679 causam

34 1696 38 1733 ³
151 1702 379 1759 Caesar
420 1700 775 1759 dissimilem
816 1701 1126 1761 iudicarit:
1172 1700 1396 1760 deinde
1426 1701 1636 1760 nescio
1669 1716 1778 1760 cur
1812 1716 1938 1760 non
1957 1700 2219 1775 ,reliquis

151 1782 319 1842 idem
343 1780 595 1841 tribuas.
654 1782 869 1856 Neque
898 1782 1058 1841 enim
1089 1784 1228 1856 plus
1265 1798 1448 1855 quam
1479 1790 1602 1841 tres
1633 1792 1738 1842 aut
1765 1790 2050 1856 quattuor
2083 1784 2218 1843 reli-

34 1862 38 1901 *
152 1864 261 1941 qui
292 1871 453 1926 sunt.
512 1862 626 1937 Qui
656 1863 834 1923 simili
862 1865 923 1925 in
963 1864 1300 1927 calamitate
1331 1873 1501 1937 sunt,
1534 1880 1641 1923 cur
1670 1871 1774 1925 tua
1801 1864 2216 1925 misericordia

35 1944 37 1981 ³
150 1967 277 2011 non
318 1948 497 2010 simili
540 1948 863 2007 fruuntur?
906 1963 1015 2007 cur
1056 1964 1169 2007 eos
1210 1946 1401 2007 habes
1443 1948 1504 2005 in
1534 1948 1670 2006 loco
1709 1946 1948 2021 patrui?
1989 1948 2066 2007 de
2097 1962 2220 2021 quo

152 2034 343 2103 ferre,
405 2046 593 2105 quum
650 2030 729 2089 de
772 2029 1027 2105 reliquis
1066 2032 1293 2103 ferreS,
1351 2028 1627 2090 noluisti:
1696 2044 1877 2102 quem
1920 2029 2100 2089 etiam
2143 2029 2223 2089 ad

150 2128 477 2173 censuram
499 2113 827 2188 petendam
850 2111 1157 2189 impulisti,
1188 2128 1450 2187 eamque
1463 2111 1813 2186 petitionem
1831 2112 2217 2186 comparasti,

160 2210 319 2268 quae
348 2202 411 2256 et
436 2196 599 2256 risus
632 2193 942 2257 hominum
978 2206 1039 2257 et
1056 2199 1362 2269 querellas
1382 2201 1675 2255 moveret.
1740 2193 1840 2253 99.
1875 2194 1994 2255 Cur
2020 2204 2222 2255 autem

152 2293 231 2336 ea
276 2276 518 2339 comitia
559 2295 681 2338 non
723 2277 1033 2340 habuISti?
1076 2295 1158 2340 an
1204 2277 1348 2353 quia
1374 2278 1652 2339 tribunus
1682 2277 1876 2351 plebis
1911 2276 2221 2338 sinistrum

154 2360 382 2419 fulmen
427 2359 782 2421 nuntiabat?
849 2359 1041 2434 Quum
1082 2369 1187 2422 tua
1229 2360 1376 2435 quid
1423 2361 1702 2430 interest,
1743 2362 1906 2419 nulla
1945 2360 2224 2435 auspicia

157 2449 328 2503 sunt:
372 2459 558 2515 quum
597 2452 866 2517 tuorum,
909 2452 1033 2505 tum
1074 2444 1151 2503 fis
1190 2442 1538 2518 religiosus.
1611 2442 1808 2515 Quid?
1846 2444 2126 2504 eumdem
2159 2442 2222 2502 in

154 2524 591 2600 septemviram
624 2542 829 2586 nonne
858 2524 1227 2587 destituisti?
1256 2524 1580 2587 intervenit
1606 2524 1786 2599 enim,
1821 2525 1918 2587 cui
1937 2524 2222 2590 metuisti.

154 2609 373 2679 credo,
416 2626 493 2668 ne
532 2611 707 2669 salvo
751 2606 953 2684 capite
995 2624 1221 2685 negare
1264 2626 1389 2671 non
1429 2624 1676 2685 posses.
1745 2607 2035 2667 Omnibus
2082 2624 2220 2667 eum

159 2692 537 2753 contumeliis
580 2694 879 2764 onerasti,
922 2708 1101 2767 quem
1147 2692 1333 2765 patris
1377 2692 1546 2765 loco,
1593 2690 1648 2751 si
1693 2690 1816 2750 ulla
1845 2691 1994 2749 inte
2021 2686 2220 2762 pietas

156 2781 358 2847 esset,
404 2776 607 2836 colere
635 2774 928 2835 debebas.
992 2774 1203 2833 Filiam
1231 2776 1398 2847 eius,
1429 2787 1705 2835 sororem
1738 2782 1931 2843 tuam,
1963 2769 2216 2844 eiecisti,

154 2853 275 2916 alia
305 2855 664 2916 condicione
696 2854 973 2931 quaesita
1001 2864 1062 2916 et
1092 2863 1232 2915 ante
1261 2862 1609 2931 prospecta.
1653 2855 1786 2913 Non
1814 2862 1910 2914 est
1932 2852 2103 2913 satis,
2130 2886 2220 2907 .--

156 2937 367 3000 Probri
418 2938 781 2999 insimulasti
822 2937 1282 3013 pudicissimam
1328 2936 1630 2997 feminam.
1721 2934 1878 3010 Quid
1917 2944 2012 2998 est
2053 2934 2222 3010 quod

157 3021 301 3082 addi
329 3021 571 3096 possit?
613 3029 933 3083 contentus
965 3036 1040 3081 eo
1074 3036 1197 3082 non
1229 3020 1414 3082 fuisti.
1455 3018 1975 3095 Frequentissimo
2005 3028 2221 3081 senatu

156 3104 447 3166 Kalendis
474 3105 771 3166 Ianuariis
800 3104 1055 3167 sedente
1089 3110 1304 3179 palmo
1349 3103 1506 3163 hanc
1535 3102 1640 3164 tibi
1686 3118 1830 3163 esse
1861 3117 1998 3163 cum
2039 3102 2217 3161 Dola-

162 3187 315 3245 bella
364 3204 615 3249 causam
665 3185 791 3248 odii
840 3185 1043 3251 dicere
1086 3202 1276 3250 ausus
1319 3203 1419 3261 eS,
1473 3186 1641 3261 quod
1681 3185 1758 3247 ab
1802 3201 1876 3246 eo
1918 3182 2116 3244 sorori
2160 3191 2220 3243 et

162 3269 330 3329 uxori
374 3278 513 3331 tuae
555 3279 829 3347 stuprum
876 3270 1141 3331 oblatum
1184 3284 1328 3331 esse
1357 3267 1790 3343 comperisses.
1863 3265 2008 3341 Quis
2038 3266 2220 3325 inter-

162 3349 379 3425 pretari
414 3359 647 3429 potest,
693 3351 1207 3429 impudentiorne,
1257 3350 1361 3427 qui
1387 3351 1448 3412 in
1479 3359 1725 3425 senatu,
1757 3366 1834 3409 an
1863 3346 2211 3427 improbior,
