2459 3817
814 171 982 234 cAP.
1010 179 1240 235 9--12.
1285 177 1334 238 S·
1363 178 1432 234 2⁷
1455 177 1626 233 ·-34.
2190 168 2258 231 1]

182 328 467 394 accuset,
514 339 697 396 quam
728 321 924 383 videri
963 320 1416 384 coniuratorum
1459 335 1722 396 poenam
1757 326 2136 394 mortemque
2169 320 2256 380 lu·

181 421 355 480 gere.
415 404 590 478 Quod
622 423 809 481 quum
836 405 891 466 is
924 405 1200 466 tribunus
1243 403 1441 480 plebis
1475 403 1646 475 facit,
1692 401 1798 476 qui
1831 419 1990 463 unus
2021 402 2260 463 videtur

181 505 269 548 ex
306 487 423 548 illis
452 489 533 547 ad
566 489 867 564 lugendos
908 487 1262 550 coniuratos
1301 485 1582 559 relictuS,
1626 485 1848 546 nemini
1884 485 2098 546 mirum
2134 493 2257 546 ests

183 569 439 630 difficile
465 579 563 631 est
590 572 749 632 enim
780 579 1011 645 tacere,
1043 587 1227 646 quum
1258 571 1502 633 doleas:
1551 577 1641 642 te,
1675 567 1730 629 si
1761 567 1910 644 quid
1938 569 2092 630 facis
2124 568 2258 630 eius

187 652 372 726 modi,
404 668 527 712 non
548 656 733 715 modo
758 657 935 716 talem
960 656 1438 727 adolescentem,
1471 651 1667 714 sedin
1697 667 1774 712 ea
1803 669 2011 727 causa,
2042 651 2103 712 in
2137 666 2260 726 qua

184 745 247 796 te
288 735 591 796 vindicem
620 737 1055 798 coniurationis
1096 737 1254 798 velis
1305 751 1477 808 esse,
1528 735 1923 796 vehementer
1971 735 2258 796 admiror.

186 817 288 880 32.
336 819 462 878 Sed
490 821 877 895 reprehendo
908 831 1107 882 tamen
1144 819 1296 880 ill-ud
1327 817 1620 890 maxime,
1665 820 1832 892 quod
1861 817 1980 879 isto
2004 813 2256 893 ingenio

180 911 247 962 et
275 902 598 976 prudentia
639 903 953 978 praeditus
988 919 1244 964 causam
1283 901 1373 962 rei
1413 900 1698 976 publicae
1729 917 1853 961 non
1892 909 2095 972 teneS,
2155 898 2257 974 qui

186 984 477 1045 arbitrere
508 987 671 1060 pleb-i
700 989 1013 1046 Romanae
1040 1001 1143 1046 res
1178 1001 1288 1045 eas
1320 1001 1444 1044 non
1474 983 1752 1059 probari,
1801 999 1958 1058 quas
1987 999 2084 1043 me
2112 999 2257 1042 con-

183 1069 319 1126 sule
349 1083 565 1128 omnes
589 1068 739 1130 'boni
769 1085 883 1142 pro
911 1071 1107 1128 salute
1130 1065 1436 1127 communi
1457 1073 1801 1141 gesserunt.
1856 1067 1958 1125 XI.
1983 1066 2258 1140 Ecquem

184 1157 253 1208 ta
280 1150 495 1209 horum
513 1195 528 1221 ‚
576 1149 683 1225 qui
709 1151 965 1222 adsunt,
1000 1149 1228 1224 quibus
1259 1158 1318 1210 te
1347 1158 1559 1210 contra
1586 1147 1860 1223 ipsorum
1887 1150 2258 1209 voluntatem

187 1231 569 1304 venditabas,
607 1239 711 1292 aut
739 1240 859 1292 tam
888 1233 1250 1293 sceleratum
1279 1232 1495 1292 statuis
1530 1230 1744 1305 fuisse,
1777 1239 1846 1293 ut
1872 1232 2028 1292 haec
2057 1232 2260 1292 omnia

188 1312 391 1388 perire
422 1313 713 1388 volu-erit,
746 1323 851 1376 aut
879 1324 1000 1376 tam
1029 1313 1348 1386 miserum,
1391 1323 1458 1376 ut
1487 1322 1548 1376 et
1582 1331 1652 1376 se
1679 1316 1880 1390 perire
1915 1323 2171 1390 cuperet
2197 1321 2260 1375 et

186 1393 335 1455 nihil
365 1396 618 1458 haberet
636 1399 810 1472 quod
842 1401 1076 1458 sal-vum
1107 1415 1252 1460 esse
1280 1399 1503 1459 vellet?
1544 1399 1643 1458 An
1676 1413 1822 1459 vero
1853 1397 2258 1460 clarissimum

186 1479 383 1538 virum
410 1480 655 1553 generis
680 1481 865 1542 vestri
893 1498 971 1542 ac
994 1480 1256 1543 nominis
1285 1497 1465 1542 nemo
1487 1482 1899 1557 reprehendit,
1932 1483 2036 1558 qui
2069 1483 2256 1543 lilium

183 1579 361 1622 suum
392 1563 517 1624 vit-a
547 1564 824 1639 privavit,
856 1574 925 1626 ut
970 1567 1031 1628 in
1081 1573 1326 1627 ceteros
1357 1566 1625 1626 firmaret
1653 1565 2004 1642 imperium:
2033 1573 2100 1626 tu
2127 1579 2256 1624 rem

184 1644 489 1719 publicam
530 1648 964 1722 mprehendis,
1016 1663 1175 1724 quae
1219 1645 1599 1709 domesticos
1637 1645 1884 1721 hosteS,
1938 1663 2018 1707 ne
2057 1647 2134 1706 ab
2177 1645 2256 1706 iis

184 1729 323 1802 ipsa
351 1739 690 1802 necaretur,
720 1731 1004 1791 necavit?
1046 1730 1147 1791 33.
1178 1731 1392 1804 Itaque
1423 1730 1685 1800 attende,
1717 1731 2040 1801 Torquate,
2073 1744 2254 1803 quam

183 1827 301 1884 ego
346 1811 652 1886 defugiam
694 1811 1112 1873 auctoritatem
1150 1813 1512 1872 consulatus
1551 1809 1692 1870 mei.
1777 1809 2042 1870 Maxima
2078 1825 2253 1885 voce,

184 1904 250 1954 ut
278 1909 496 1954 omnes
526 1894 820 1954 exaudire
862 1894 1130 1969 possint,
1174 1893 1314 1954 dico
1359 1907 1729 1968 semperque
1763 1891 1990 1952 dicam:
2041 1893 2256 1954 adeste

184 1991 403 2038 omnes
424 1975 663 2049 animis,
692 1974 795 2049 qui
810 1975 1042 2037 adestis
1058 1977 1229 2052 [corp
1237 1975 1488 2054 oribus],
1509 1991 1767 2050 quorum
1784 1991 1899 2049 ego
1915 1974 2257 2056 frequentia

179 2074 407 2133 magno
449 2073 639 2133 opere
680 2060 904 2119 laetor=
952 2057 1163 2132 eri-gite
1198 2067 1432 2119 mentes
1461 2073 1770 2134 auresque
1798 2066 2036 2119 vestras
2068 2067 2128 2120 et
2157 2073 2255 2120 me

184 2143 263 2202 de
295 2140 621 2202 invidiosis
652 2143 871 2215 rebuS,
914 2150 981 2203 ut
1019 2141 1123 2202 ille
1164 2150 1366 2216 putat,
1404 2141 1708 2203 dicentem
1737 2141 2058 2203 attendite!
2122 2141 2252 2217 Ego

185 2225 446 2296 consul,
476 2241 663 2298 quum
704 2223 1012 2286 exercitus
1045 2225 1418 2300 perditorum
1451 2223 1674 2286 civium
1707 2224 2088 2286 clandestino
2119 2241 2253 2286 sce·

182 2309 311 2368 lere
349 2307 656 2368 conflatus
690 2306 1178 2369 crudelissimum
1210 2317 1272 2369 et
1303 2308 1822 2370 luctuosissimum
1860 2308 2109 2368 exitium
2144 2324 2251 2383 pa·

183 2390 333 2451 triae
373 2401 822 2465 comparasset,
869 2407 1053 2467 quum
1094 2393 1175 2452 ad
1216 2408 1506 2452 occasum
1548 2390 1976 2468 interitumque
2017 2391 2107 2452 rei
2142 2407 2252 2466 pu-

180 2473 381 2534 blic-ae
409 2473 661 2534 Catilina
688 2475 747 2534 in
780 2477 1032 2546 castris,
1076 2474 1138 2534 in
1168 2473 1266 2535 his
1307 2482 1510 2536 autem
1544 2475 1786 2551 templis
1817 2491 1890 2536 ac
1919 2473 2096 2535 tectis
2128 2475 2252 2534 dux

180 2557 472 2618 Lentulus
506 2564 676 2618 esset
715 2559 1111 2630 constitutus,
1164 2556 1322 2618 meis
1363 2559 1667 2631 consiliiS,
1720 2557 1874 2619 meis
1916 2556 2249 2630 laboribus,

182 2638 301 2699 mei
332 2640 548 2716 capitis
579 2640 899 2716 periculis,
930 2640 1063 2702 sine
1092 2642 1377 2714 tumultu,
1413 2641 1548 2701 sine
1595 2641 1849 2712 dilectu,
1883 2638 2017 2701 sine
2047 2638 2250 2713 armiS‚

183 2722 319 2782 sine
358 2723 660 2796 exercitu,
712 2725 985 2798 quinque
1016 2723 1366 2798 hominibus
1399 2723 1862 2799 comprehensis
1891 2731 2076 2798 atque
2107 2739 2247 2783 con-

182 2803 369 2866 fessis
397 2804 755 2866 incensione
778 2809 1007 2877 urbem‚
1037 2805 1440 2867 internicione
1470 2808 1658 2879 cives,
1693 2803 1977 2866 vastitate
2001 2806 2249 2878 Italiam,

180 2885 425 2948 interitu
464 2905 593 2949 rem
636 2888 943 2962 publicam
986 2888 1268 2949 liberavi=
1319 2903 1434 2962 ego
1477 2888 1662 2949 vitam
1699 2887 1967 2949 omnium
2007 2887 2249 2962 civium,

180 2977 405 3030 statum
435 2971 603 3032 orbis
643 2979 871 3044 terrae,
922 2971 1133 3031 urbem
1175 2970 1336 3030 hanc
1377 2970 1676 3046 denique,
1731 2972 1942 3032 sedem
1985 2971 2251 3032 omnium

185 3059 489 3127 nostrum,
524 3069 727 3114 arcem
757 3069 968 3129 regum
1001 3069 1075 3114 ac
1105 3053 1415 3114 nationum
1451 3063 1826 3130 exterarum,
1871 3057 2072 3115 lumen
2104 3070 2243 3129 gen-

180 3135 363 3209 tium,
408 3136 786 3198 domicilium
836 3135 1075 3212 imperii
1118 3135 1390 3212 quinque
1436 3136 1750 3199 hominum
1802 3137 2128 3197 amentium
2177 3149 2251 3195 ac

178 3217 560 3294 perditorum
602 3235 807 3295 poena
850 3219 1101 3280 redemi.
1182 3218 1287 3282 34.
1328 3220 1426 3280 An
1459 3239 1556 3282 me
1585 3218 1944 3282 existImasti
1977 3219 2131 3278 haec
2160 3216 2245 3278 in-

178 3299 442 3363 iuratum
464 3302 529 3363 in
553 3302 779 3364 iudicio
802 3319 923 3364 non
948 3319 1092 3364 esse
1116 3302 1434 3374 dicturum,
1469 3321 1626 3380 quae
1649 3302 1879 3364 iuratus
1906 3301 1968 3359 in
1989 3298 2251 3361 maxima

180 3383 469 3446 contione
505 3384 851 3446 dixissem?
929 3385 1058 3445 XII.
1101 3387 1307 3462 Atque
1338 3385 1518 3446 etiam
1547 3386 1694 3446 illud
1729 3385 1979 3455 addam,
2026 3399 2104 3443 ne
2147 3399 2250 3459 qui
2295 3398 2304 3402 ·
