2459 3817
779 211 1226 273 cAP.45—47.
1258 216 1309 278 s.
1346 220 1673 274 130—137.
2166 205 2245 271 37

209 362 308 425 lati
333 361 585 436 argenti,
616 360 764 439 quid
791 361 1097 435 stragulae
1128 360 1352 433 vestis,
1386 360 1535 435 quid
1566 361 1861 436 pictarum
1890 362 2245 437 tabularum,

207 444 349 521 quid
403 442 746 519 signorum,
796 442 942 519 quid
989 442 1309 502 marmoris
1360 444 1524 517 apud
1575 442 1741 504 illum
1789 444 2015 519 putatis
2067 453 2251 507 esse?

205 530 451 588 Tantum
481 525 746 599 scilicet,
777 534 1067 600 quantum
1101 541 1136 585 e
1163 526 1369 585 multis
1404 525 1868 601 splendidisque
1908 526 2151 589 familiis
2185 530 2249 589 in

207 611 374 673 turba
416 616 478 669 et
515 606 750 683 rapinis
796 607 1149 669 coacervari
1189 624 1313 667 una
1353 609 1411 667 in
1442 609 1625 668 domo
1652 607 1868 683 potuit.
1934 608 2245 671 Familiam

212 709 348 753 vero
381 699 668 766 quantam
701 699 763 750 et
791 706 972 765 quam
1005 689 1192 749 variis
1227 706 1364 750 curn
1393 690 1666 751 artificiis
1699 691 1921 751 habeat
1950 692 2098 766 quid
2131 709 2246 768 ego

201 775 439 838 dicam?
496 769 634 834 134.
694 772 865 833 Mitto
897 772 1084 832 hasce
1116 780 1279 833 artes
1310 775 1623 847 vulgareS,
1658 790 1927 847 coquos,
1957 774 2245 850 pistores,

208 856 570 918 lecticariosa
605 854 788 915 animi
820 863 881 915 et
907 853 1142 916 aurium
1170 870 1359 915 causa
1387 863 1476 916 tot
1502 856 1780 916 homines
1807 855 2020 930 habet,
2049 865 2115 918 ut
2144 874 2246 917 co·

206 939 426 1001 tidiano
457 946 640 999 cantu
671 953 892 998 vocum
927 945 987 997 et
1014 953 1339 998 nervorum
1380 946 1440 998 et
1482 937 1759 997 tibiarum
1807 938 2249 1014 nocturnisque

207 1018 497 1082 conviviis
525 1026 652 1080 tota
679 1018 960 1080 vicinitas
990 1028 1297 1096 personet.
1363 1021 1428 1078 In
1454 1020 1567 1079 hac
1599 1020 1752 1094 vita,
1785 1019 2051 1093 iudiceS,
2088 1039 2247 1096 quos

203 1111 474 1177 sumptus
506 1100 878 1176 cotidianoS,
910 1118 1064 1177 quas
1087 1102 1423 1162 effusiones
1452 1102 1586 1163 fieri
1615 1102 1882 1177 putatis?
1912 1118 2070 1176 quae
2100 1121 2246 1164 vero

201 1185 520 1246 convivia?
551 1184 828 1257 honesta,
857 1184 1060 1256 credo,
1094 1184 1154 1242 in
1183 1184 1317 1244 eius
1346 1186 1511 1244 modi
1538 1186 1739 1257 dom0,
1774 1184 1827 1245 si
1851 1186 2070 1246 domus
2094 1186 2248 1245 haec

204 1267 482 1328 habenda
517 1274 614 1327 est
641 1265 846 1341 potius
881 1282 1064 1341 quam
1105 1266 1353 1327 officina
1386 1266 1693 1341 nequitiae
1740 1276 1801 1326 et
1828 1267 2248 1329 deversorium

199 1348 561 1423 flagitiorum
603 1347 887 1408 omnium.
956 1346 1095 1409 135.
1165 1349 1309 1423 Ipse
1342 1363 1487 1407 vero
1532 1350 2041 1423 quemadmodum
2084 1365 2239 1410 com·

199 1431 398 1507 posito
446 1439 505 1491 et
561 1428 844 1492 delibuto
882 1431 1100 1505 capillo
1150 1429 1384 1505 passim
1440 1446 1552 1505 per
1606 1432 1800 1492 forum
1856 1432 2065 1492 volitet
2112 1448 2249 1492 cum

198 1530 416 1589 magna
459 1520 704 1574 caterva
744 1520 1084 1588 togatorum
1132 1512 1385 1585 videtiS‚
1434 1511 1701 1585 iudices,
1732 1510 1819 1586 [et
1846 1530 1979 1574 una
2000 1516 2252 1587 videtis]

195 1606 261 1657 ut
292 1611 504 1656 omnes
534 1594 863 1671 despiciat,
893 1604 961 1657 ut
988 1595 1292 1656 hominem
1324 1612 1473 1671 prae
1504 1612 1573 1656 se
1606 1596 1903 1657 neminem
1942 1604 2138 1671 putet,
2185 1605 2250 1657 ut

195 1694 265 1739 se
295 1681 494 1739 solum
527 1679 802 1750 beatum,
839 1680 1038 1739 solum
1065 1686 1377 1753 potentem
1402 1686 1591 1752 putet.
1649 1677 1815 1752 Quae
1847 1695 1992 1739 vero
2024 1680 2251 1739 efficiat

194 1770 255 1822 et
287 1778 446 1835 quae
476 1769 757 1833 conetur,
789 1762 842 1821 si
869 1760 1052 1822 velim
1081 1777 1585 1832 commemorare,
1614 1776 1852 1833 vereor,
1885 1759 2139 1831 iudiceS,
2169 1777 2247 1822 ne

196 1843 336 1918 quis
367 1842 700 1917 imperitior
733 1844 1035 1905 existimet
1063 1861 1158 1904 me
1189 1858 1438 1903 causam
1458 1840 1786 1903 nobilitatis
1810 1841 2247 1915 victoriamque

193 1926 474 1987 voluisse
515 1927 777 1987 laedere.
858 1926 1121 1987 Tametsi
1171 1942 1310 1986 meo
1370 1924 1500 1984 iure
1550 1940 1831 1999 possum,
1883 1922 1937 1983 si
1994 1924 2140 2007 quid
2186 1924 2246 1983 in

193 2008 310 2068 hac
341 2016 512 2083 parte
541 2007 686 2067 mihi
716 2025 837 2069 non
869 2011 1106 2085 placeat
1132 2006 1499 2082 vituperare.
1568 2006 1700 2066 Non
1737 2005 1896 2066 enim
1926 2022 2149 2067 vereor
2170 2023 2247 2067 ne

193 2089 338 2165 quis
367 2092 629 2150 alienum
658 2107 754 2151 me
783 2091 1046 2151 animum
1073 2090 1365 2150 habuisse
1398 2106 1437 2149 a
1465 2105 1653 2150 causa
1680 2088 2008 2149 nobilitatis
2039 2088 2241 2149 existi-

193 2179 335 2231 met.
397 2172 630 2232 XLV11.
677 2171 815 2234 136.
865 2173 1077 2235 Sciunt
1103 2172 1174 2248 ii,
1207 2173 1312 2247 qui
1342 2188 1437 2232 me
1466 2180 1716 2245 norunt,
1759 2188 1854 2231 me
1885 2188 1997 2247 pro
2030 2171 2132 2231 illa
2162 2180 2250 2231 te-

194 2255 299 2314 nui
331 2253 690 2330 infirmaque
726 2263 920 2330 parte,
975 2264 1190 2330 postea
1233 2272 1414 2331 quam
1458 2256 1519 2314 id
1571 2256 1736 2328 quod
1781 2253 2041 2313 maxime
2080 2254 2247 2314 volui

191 2336 327 2397 fieri
369 2353 491 2397 non
532 2336 729 2411 potuit
757 2346 820 2398 ut
853 2345 1348 2413 componeretur,
1390 2338 1453 2396 id
1481 2336 1741 2396 maxime
1772 2336 2151 2407 defendisse,
2181 2343 2249 2397 ut

189 2418 232 2478 ii
266 2418 611 2491 vincerent,
663 2420 768 2494 qui
800 2420 1089 2481 vicerunt.
1161 2420 1308 2493 Quis
1338 2419 1497 2479 enim
1529 2428 1687 2492 erat,
1729 2418 1834 2493 qui
1862 2434 1984 2477 non
2016 2418 2248 2477 videret

189 2500 586 2561 humilitatem
621 2518 756 2561 cum
807 2503 1094 2577 dignitate
1128 2504 1205 2562 de
1258 2502 1649 2576 amplitudine
1679 2500 2093 2561 contendere?
2123 2516 2245 2574 quo

190 2584 252 2642 in
292 2584 622 2643 certamine
650 2584 871 2659 perditi
900 2584 1050 2645 civis
1080 2593 1210 2646 erat
1244 2602 1365 2645 non
1388 2600 1457 2644 se
1486 2584 1567 2643 ad
1590 2600 1699 2643 eos
1723 2583 1989 2657 iungere,
2025 2582 2245 2657 quibus

189 2664 604 2725 incolumibus
634 2674 696 2726 et
721 2666 886 2727 domi
916 2666 1176 2741 dignitas
1205 2676 1266 2727 et
1307 2666 1455 2727 soris
1496 2664 1827 2725 auctoritas
1868 2664 2245 2725 retineretur.

187 2748 364 2820 Quae
395 2747 668 2821 perfecta
695 2765 837 2809 esse
872 2758 933 2809 et
965 2766 1142 2809 suum
1173 2748 1396 2822 cuique
1423 2748 1719 2808 honorem
1750 2757 1810 2808 et
1830 2749 2086 2822 gradum
2108 2748 2246 2807 red-

183 2831 388 2891 ditum
417 2830 688 2903 gaudem
722 2829 986 2904 iudiceS‚
1025 2832 1532 2903 vehementerque
1561 2831 1780 2901 laetor,
1811 2845 2010 2903 eaque
2045 2828 2247 2890 omnia

183 2913 450 2973 deorum
479 2913 818 2985 voluntate,
857 2914 1058 2973 studio
1090 2912 1301 2988 populi
1326 2913 1611 2982 Romani,
1652 2910 1909 2973 consilio
1956 2922 2017 2971 et
2056 2912 2244 2987 impe-

180 2994 280 3055 rio
313 2992 694 3055 etrelicitate
727 2996 793 3053 L.
837 2995 1039 3055 Sullae
1085 3004 1259 3070 gesta
1279 3012 1442 3055 -esse
1486 2993 1772 3073 intelligo.
1852 2989 1993 3053 137.
2070 2996 2245 3069 Quod

180 3076 686 3137 animadversum
715 3085 810 3137 est
839 3076 899 3137 in
942 3094 1081 3151 eoS‚
1127 3077 1231 3152 qui
1278 3086 1488 3137 contra
1532 3076 1694 3137 omni
1735 3075 1967 3137 ratione
2014 3094 2244 3153 pugna-

180 3166 360 3230 runt,
379 3174 518 3237 'non
550 3158 748 3220 debeo
777 3160 1257 3233 reprehendere:
1292 3160 1457 3233 quod
1490 3157 1633 3219 viris
1665 3158 1950 3229 fortibUS,
1985 3174 2243 3234 quorum

180 3256 386 3315 opera
415 3240 636 3300 eximia
679 3241 740 3300 in
768 3243 954 3301 rebus
983 3242 1267 3317 gerendis
1302 3240 1555 3315 exstitit,
1598 3242 1798 3302 honos
1846 3239 2085 3315 habitus
2132 3248 2245 3312 est,

178 3324 398 3383 laudo.
468 3322 634 3395 Quae
662 3331 729 3383 ut
758 3323 1002 3394 fierent,
1032 3323 1261 3385 idcirco
1292 3333 1626 3399 pugnatum
1648 3340 1789 3385 esse
1818 3320 2075 3381 arbitror
2120 3338 2239 3380 me·

177 3422 309 3481 que
349 3404 416 3463 in
469 3421 544 3466 eo
586 3404 788 3465 studio
828 3406 1086 3480 partium
1138 3407 1326 3467 fuisse
1382 3406 1695 3466 confiteor.
1784 3402 1886 3461 Sin
1935 3409 2135 3460 autem
2182 3402 2239 3459 id
