2459 3817
0 0 2459 44 ἡ

542 203 706 268 CAP.
736 213 1001 269 44-46.
1046 213 1098 272 s.
1128 213 1427 270 96—102.
1916 204 2035 272 101

0 361 279 434 mlieres,
310 376 442 422 rem
476 360 556 419 ad
584 357 977 432 magistratus
1012 372 1161 420 suos
1192 359 1490 419 deserunt.
1541 357 1832 420 Omnibus
1861 377 2032 422 acer·

4 463 123 518 um,
152 444 481 519 indignum,
514 443 863 502 luctuosum
886 441 1154 516 denique
1180 440 1522 502 videbatur.
1573 441 1714 506 100.
1746 444 1895 504 Tum
1916 443 2033 506 iste

0 535 275 589 ermotus
315 526 421 586 illa
450 523 775 586 atrocitate
806 518 1063 598 negotii,
1127 533 1194 584 ut
1230 525 1309 584 ab
1343 540 1414 584 se
1445 525 1700 586 sceleris
1734 525 1896 588 illius
1929 543 2030 587 su-

0 610 161 687 picio
188 611 631 682 demoveretur,
660 608 765 668 dat
787 605 1020 683 hospiti
1050 624 1166 668 suo
1192 605 1434 670 cuidam
1465 607 1807 684 negotium,
1836 617 1903 670 ut
1923 609 2029 668 ali-

0 711 144 770 ‚uem
185 693 511 769 reperiret,
570 707 751 767 quem
798 689 950 750 illud
998 690 1225 751 fecisse
1269 689 1677 765 insimularet,
1732 693 2030 766 daretque

0 794 241 854 peram,
274 785 341 838 ut
370 777 425 838 is
455 792 531 836 eo
564 773 812 834 crimine
844 773 1262 846 damnaretur,
1298 789 1375 832 ne
1417 773 1554 848 ipse
1599 781 1770 836 esset
1809 777 1870 834 in
1917 775 2030 834 cri·

0 862 141 921 iine.
201 861 327 921 Res
357 876 483 920 non
513 857 1010 933 procrastinatur.
1061 857 1215 916 Nam
1257 873 1445 931 quum
1488 857 1605 918 iste
1637 857 1845 918 CatIna
1886 874 2028 932 pro-

0 953 155 1004 zctus
186 951 381 1017 esset,
420 940 584 1003 servi
614 940 934 1000 cuiusdam
963 955 1185 1001 nomen
1226 940 1512 1000 defertur.
1569 942 1632 1000 Is
1669 949 2028 1001 accusaturs

4 1028 83 1088 cti
114 1034 305 1087 testes
332 1025 395 1085 in
428 1041 569 1086 eum
595 1023 831 1084 dantur.
880 1025 1033 1084 Rem
1064 1030 1320 1084 cunctus
1345 1031 1596 1083 senatus
1621 1021 2031 1084 Catinensium

0 1111 197 1186 =gibus
226 1108 551 1169 iudicabat.
611 1105 980 1166 Sacerdotes
1008 1115 1340 1167 vocantur-e
1374 1123 1454 1166 ex
1481 1105 1558 1166 iis
1590 1105 1902 1180 quaeritur
1933 1121 2029 1166 se·

0 1198 129 1250 reto
153 1191 215 1249 in
240 1191 409 1250 curia
434 1188 582 1265 quid
596 1204 738 1249 esse
751 1191 975 1249 factum
998 1188 1450 1261 arbitrarentur,
1475 1205 1658 1264 quem
1679 1189 1761 1248 ad
1781 1188 2030 1248 modum

0 1274 205 1348 ignum
236 1280 404 1332 esset
431 1272 713 1331 ablatum.
758 1272 1161 1344 Respondent
1180 1271 1340 1343 illae,
1370 1271 1674 1346 praetoris
1696 1270 1758 1331 in
1783 1288 1858 1333 eo
1889 1272 2029 1331 loco

0 1373 183 1416 ervos
212 1371 355 1415 esse
386 1349 575 1414 visos.
637 1356 791 1424 Res,
827 1369 985 1428 quae
1017 1361 1184 1415 esset
1221 1353 1342 1413 iam
1375 1361 1555 1414 antea
1590 1369 1713 1414 non
1745 1355 2027 1427 obscura,

0 1439 347 1499 acerdotum
380 1437 729 1498 testimonio
758 1435 1093 1512 perspicua
1122 1453 1264 1498 esse
1295 1437 1518 1512 coepit.
1575 1438 1703 1498 Itur
1730 1437 1792 1497 in
1825 1436 2027 1498 consi-

1 1539 136 1582 umz
167 1537 385 1582 servus
417 1521 519 1580 ille
540 1520 838 1580 innocens
868 1520 1147 1580 omnibus
1171 1519 1488 1581 sententiis
1515 1521 1872 1593 absolvitur,
1904 1535 2026 1595 quo

0 1604 198 1665 icilius
244 1621 361 1664 vos
410 1605 573 1665 hunc
624 1603 906 1664 omnibus
948 1603 1267 1664 sententiis
1308 1605 1720 1665 condemnare
1752 1603 2024 1678 possitis,

0 1687 98 1748 01.
156 1686 310 1760 Quid
334 1687 494 1746 enim
526 1689 824 1762 postulas»,
848 1687 1123 1746 Verres?
1152 1685 1302 1760 quid
1331 1693 1593 1761 speras?
1623 1685 1770 1759 quid
1807 1701 2028 1759 exspe-

0 1776 128 1830 tas?
159 1787 341 1844 quern
363 1770 471 1829 tibi
493 1771 793 1829 autdeum
816 1777 921 1828 aut
940 1768 1248 1829 hominem
1277 1767 1504 1827 auxilio
1529 1769 1792 1828 futurum
1806 1773 2030 1841 putas?

0 1856 129 1912 :one
152 1861 217 1912 tu
245 1869 464 1924 servos
488 1853 570 1910 ad
592 1851 981 1925 spoliandum
1004 1852 1211 1909 fanum
1233 1849 1554 1909 immittere
1576 1866 1767 1908 ausus
1791 1865 1879 1921 eS,
1905 1866 2028 1923 quo

0 1937 187 1995 beros
216 1933 387 1992 adire
416 1949 495 1991 ne
530 1933 745 1991 orandi
788 1931 1034 2006 quidem
1082 1947 1272 1991 causa
1301 1933 1395 1992 fas
1425 1939 1598 1992 erat?
1649 1931 1813 1992 Iisne
1841 1933 2028 1992 rebus

0 2033 177 2076 ianus
212 2016 452 2074 adferre
481 2030 603 2073 non
633 2013 941 2086 dubitasti,
972 2029 1009 2072 a
1040 2013 1264 2088 quibus
1289 2014 1468 2074 etiam
1499 2015 1713 2077 oculos
1739 2013 2028 2076 cohibere

0 2116 20 2158 3
48 2097 408 2170 religionum
442 2096 577 2157 iura
606 2097 949 2170 cogebant?
996 2096 1262 2158 Tametsi
1310 2113 1388 2156 ne
1419 2097 1613 2159 oculis
1649 2097 1898 2173 quidem
1929 2113 2027 2157 ca·

2 2190 101 2241 tus
138 2181 201 2238 in
230 2180 387 2239 hanc
419 2180 693 2239 fraudem
721 2188 842 2239 tarn
872 2181 1233 2262 sceleratam
1274 2197 1348 2240 ac
1388 2188 1512 2241 tam
1539 2180 1832 2242 nefariam
1863 2178 2024 2244 deci·

0 2263 129 2325 isti=
164 2279 301 2322 nam
331 2261 395 2322 id
420 2262 779 2338 concupisti,
811 2263 977 2336 quod
1002 2279 1331 2337 numquam
1354 2263 1630 2324 videras:
1653 2264 1736 2338 id,
1757 2265 2024 2340 inquam,

0 2345 274 2419 damasti‚
310 2347 478 2420 quod
506 2354 685 2405 antea
716 2361 839 2406 non
867 2361 1224 2419 aspexeras.
1265 2347 1536 2408 Auribus
1571 2355 1638 2407 tu
1668 2355 1892 2408 tantam
1924 2365 2028 2408 eu-

0 2428 271 2492 -iditatem
296 2427 653 2502 concepisti,
681 2437 747 2488 ut
770 2443 905 2488 eam
934 2445 1055 2488 non
1084 2437 1303 2504 metus,
1327 2447 1450 2490 non
1471 2429 1706 2504 religio,
1729 2447 1854 2490 non
1880 2432 2026 2492 deo·

0 2528 95 2570 um
136 2511 265 2583 vis,
313 2527 436 2572 non
477 2510 789 2571 hominum
835 2511 1197 2572 existimatio
1242 2512 1598 2575 contineret.
1661 2511 1803 2574 102.
1833 2515 1917 2575 At
1947 2531 2026 2576 ex

2 2611 121 2654 ono
157 2594 308 2666 viro,
336 2593 541 2665 credo,
574 2593 857 2655 audieras
882 2601 943 2654 et
962 2594 1125 2655 bono
1154 2603 1424 2656 auctore.
1473 2595 1584 2668 Qui
1605 2594 1669 2655 id
1692 2607 1890 2672 potes,
1923 2597 2026 2673 qui

2 2692 37 2735 e
63 2693 142 2736 ex
164 2675 295 2736 viro
322 2675 568 2751 quidem
589 2676 801 2738 audire
824 2677 1097 2752 potueris
1114 2685 1143 2735 ’ἒ
1172 2679 1417 2738 Audisti
1437 2677 1618 2752 igitur
1643 2696 1722 2739 ex
1743 2681 2023 2740 muliere.-

0 2757 251 2834 ‚uoniam
278 2759 341 2818 id
374 2759 489 2818 viri
534 2775 648 2819 nec
682 2760 917 2821 vidisse
954 2776 1156 2835 neque
1188 2777 1379 2821 nosse
1412 2768 1710 2835 poterant.
1775 2763 2024 2835 Qualem

5 2857 143 2902 orro
174 2841 335 2901 illam
368 2842 651 2901 femInam
686 2843 881 2904 fuisse
907 2843 1152 2917 putatiS,
1182 2842 1466 2904 iudices?
1507 2861 1688 2918 quam
1718 2847 2020 2921 pudicam,

0 2940 120 2997 uae
151 2940 289 2984 cum
316 2925 511 2983 Verre
539 2926 933 2998 loqueretur?
973 2941 1155 2998 quam
1186 2925 1556 3000 religiosam,
1588 2944 1746 3000 quae
1773 2928 2024 2990 sacrarii

0 3005 268 3080 poliandi
292 3007 594 3068 rationem
626 3007 1019 3068 ostenderet?
1074 3010 1173 3068 An
1200 3006 1447 3069 minime
1478 3015 1573 3070 est
1599 3011 1832 3080 mirum,
1859 3022 2020 3081 quae

0 3105 139 3172 acra
170 3106 286 3165 per
312 3107 610 3151 summam
639 3090 1057 3150 castimoniam
1088 3090 1362 3152 virorum
1400 3092 1822 3152 acmulierum
1850 3089 2016 3160 fiant,

0 3173 175 3232 adem
210 3189 319 3241 per
344 3174 525 3234 istius
552 3181 833 3249 stuprum
860 3189 934 3234 ac
962 3173 1260 3250 flagitium
1290 3191 1434 3236 esse
1460 3175 1726 3236 violata?

116 3249 323 3306 XLVl.
354 3250 513 3321 Quid
542 3259 733 3325 ergo?
762 3252 877 3313 hoc
902 3258 1099 3316 solum
1132 3258 1439 3320 auditione
1470 3271 1760 3338 expetere
1792 3265 2012 3340 coepit,

0 3345 145 3388 uum
184 3331 247 3388 ld
288 3347 427 3406 ipse
470 3348 594 3392 non
623 3335 923 3421 vidisset?
970 3339 1158 3402 Immo
1191 3357 1336 3401 vero
1369 3343 1488 3402 alia
1521 3343 1884 3417 compluria=
1933 3363 2014 3408 ex

0 3409 181 3471 uibus
229 3412 449 3489 eligam
502 3417 927 3490 spoliationem
968 3421 1330 3484 nobilissimi
1378 3432 1560 3500 atque
1607 3427 2010 3504 antiquissimi
