2459 3817
298 0 2423 36 Μὴ

731 191 892 251 CAP.
923 198 1185 254 30—33.
1228 196 1280 257 S.
1309 199 1377 252 85
1398 225 1467 235 -
1485 195 1569 253 93.
2120 192 2207 259 25

151 344 382 403 Verum
435 358 548 417 ego
601 341 852 402 forsitan
902 350 1154 417 propter
1205 338 1642 402 multitudinem
1690 351 2078 417 patronorum
2138 342 2200 403 in

151 441 339 501 grege
371 426 760 485 adnumerer=
789 432 850 484 te
877 439 1082 498 pugna
1113 422 1449 483 Cannensis
1496 433 1916 486 accusatorem
1957 432 2052 485 sat
2090 424 2199 485 bo-

152 524 297 568 num
342 506 502 568 fecit.
595 507 820 567 Multos
845 521 1064 567 caesos
1099 522 1222 566 non
1252 506 1331 565 ad
1346 504 1785 563 Trasumenum
1812 509 2043 584 lacum,
2089 508 2202 567 sed

152 591 233 650 ad
268 588 591 649 Servilium
614 587 896 649 vidimus.
962 586 1082 648 90:
1111 589 1254 659 Quis
1279 590 1363 650 ibi
1384 605 1502 649 non
1529 596 1616 650 est
1649 594 1991 652 vulneratus
2023 589 2203 661 ferro

148 669 463 747 Phryqio?
526 672 660 731 Non
713 686 974 731 necesse
1019 680 1114 731 est
1156 687 1369 731 omnes
1414 688 1888 733 commemorare
1933 672 2201 745 CurtioS,

148 753 412 827 MariOS,
467 753 731 828 denique
773 756 810 821 †
867 754 1232 827 Mammeos,
1280 770 1439 829 quos
1480 752 1598 813 iam
1643 764 1813 816 aetas
1861 772 1899 814 a
1950 752 2203 828 proeliis

152 836 472 911 avocabat,
501 845 816 911 postremo
829 836 1130 897 Priamum
1156 835 1360 911 ipsum
1389 851 1617 911 senem,
1640 836 1985 909 Antistium,
2022 851 2202 911 quem

153 934 280 978 non
311 920 495 979 modo
530 926 730 992 aetaS,
767 920 880 979 sed
901 918 1077 980 etiam
1109 921 1279 994 leges
1302 934 1578 994 pugnare
1600 920 2017 993 prohibebant.
2077 918 2203 977 lam

151 1016 315 1076 quos
368 1016 546 1063 nemo
601 1009 856 1077 propter
913 999 1351 1077 ignobilitatem
1400 1002 1671 1063 nominat
1715 1000 1981 1062 sescenti
2032 1008 2201 1071 sunt,

151 1082 264 1159 qui
293 1080 450 1144 inter
489 1083 746 1143 sicarios
789 1092 850 1145 et
899 1085 978 1144 de
1017 1083 1333 1145 veneficiis
1376 1085 1776 1145 accusabant:
1824 1083 1929 1161 qui
1971 1098 2201 1153 omne&

149 1166 324 1241 quod
365 1167 445 1224 ad
484 1182 580 1225 me
625 1165 862 1241 attinet,
907 1168 1125 1227 vellem
1163 1165 1459 1227 viverent.
1522 1166 1679 1226 Nihil
1724 1165 1884 1227 enim
1928 1163 2069 1225 mali
2112 1170 2203 1223 est

147 1262 344 1309 canes
371 1246 454 1306 ibi
485 1265 664 1321 quam
688 1246 984 1322 plurimos
1010 1264 1184 1321 esse,
1213 1247 1319 1309 ubi
1347 1248 1626 1325 per-multi
1654 1248 2023 1309 observandi
2052 1247 2203 1307 mul-

146 1339 342 1404 taque
377 1329 680 1389 servanda
721 1337 877 1391 sunt.
939 1328 1040 1391 91.
1107 1332 1367 1403 Verum,
1398 1339 1464 1392 ut
1496 1332 1595 1405 fit,
1634 1333 1821 1391 multa
1860 1345 2051 1405 saepe
2096 1328 2205 1387 im·-

144 1410 554 1487 prudentibus
598 1411 1063 1488 impera-toribus
1102 1412 1198 1473 vis
1230 1414 1371 1473 belli
1406 1430 1477 1474 ac
1507 1414 1683 1475 turba
1720 1411 1981 1475 molitur.
2050 1412 2206 1471 Dum

145 1496 207 1555 is
239 1494 302 1553 in
331 1492 466 1553 aliis
496 1496 680 1556 rebus
711 1504 840 1557 erat
873 1503 1243 1571 occupatus,
1292 1493 1394 1571 qui
1433 1512 1731 1559 summam
1770 1510 1975 1556 rerum
2014 1490 2205 1557 admi·

143 1576 474 1651 nistrabat,
506 1586 676 1639 erant
702 1578 932 1638 interea
958 1578 1060 1653 qui
1097 1577 1226 1638 suis
1247 1578 1601 1643 vulneribus
1627 1579 2045 1647 mederentur;
2082 1574 2205 1651 qui,

145 1667 462 1734 tamquam
510 1658 564 1719 si
607 1660 810 1721 offusa
851 1660 941 1721 rei
982 1660 1266 1735 publicae
1310 1662 1676 1735 sempiterna
1716 1675 1840 1720 nox
1880 1666 2079 1730 esset,
2124 1657 2207 1719 ita

143 1742 408 1801 ruebant
447 1739 510 1800 in
538 1741 808 1804 tenebris
839 1742 1166 1816 omniaque
1199 1742 1557 1803 miscebant.
1622 1745 1679 1802 A
1726 1740 1948 1815 quibus
1988 1738 2199 1811 miror,

142 1840 225 1884 ne
259 1824 426 1897 quod
450 1822 813 1885 >iudiciorum
855 1832 1024 1885 esset
1061 1822 1415 1897 vestigium,
1456 1840 1580 1885 non
1624 1821 1917 1883 subsellia
1958 1836 2208 1895 quoque

143 1922 294 1969 esse
324 1906 674 1968 combusta:
723 1922 864 1965 nam
902 1914 965 1965 et
1001 1913 1396 1965 accusatores
1436 1912 1497 1965 et
1540 1904 1775 1966 iudices
1816 1904 2205 1964 sustulerunt.

139 1992 282 2050 Hoc
333 1987 640 2048 commodi
674 1996 800 2059 est,
855 1988 1020 2060 quod
1057 1987 1140 2046 ita
1167 1986 1477 2061 vixerunt,
1522 1994 1588 2047 ut
1619 1995 1807 2047 testes
1852 2002 2094 2061 omncS,
2152 1983 2205 2045 si

145 2076 487 2145 cuperent,
515 2068 858 2129 interficere
889 2086 1010 2131 non
1053 2077 1341 2143 possen'tz
1382 2086 1521 2129 nam
1561 2072 1704 2132 dum
1746 2070 2057 2131 hominum
2101 2085 2204 2143 ge-

142 2168 272 2214 nus
336 2150 475 2223 erit,
539 2150 643 2227 qui
689 2158 938 2213 accuset
987 2168 1096 2213 eos
1147 2168 1270 2212 non
1326 2152 1542 2214 deerit=
1611 2155 1753 2214 dum
1799 2151 2013 2213 civitas
2060 2150 2204 2224 erit,

141 2232 375 2297 iudicia
413 2234 577 2293 fient.
666 2234 925 2309 Verum,
983 2242 1050 2295 ut
1105 2234 1285 2309 coepi
1330 2234 1564 2309 dicere,
1618 2243 1678 2296 et
1721 2234 2011 2308 EruciuS,
2051 2234 2206 2293 haec

147 2320 204 2380 si
241 2316 494 2396 haberet
521 2316 583 2376 in
615 2332 834 2391 causa,
869 2334 1026 2393 quae
1049 2316 1549 2392 commemoravi,
1579 2325 1795 2394 posset
1824 2333 1898 2377 ea
1923 2314 2203 2390 quamvis

148 2399 260 2460 diu
303 2397 538 2472 dicere,
581 2407 642 2459 et
686 2414 836 2475 ege,
879 2399 1143 2473 iudiceS‚
1189 2416 1466 2475 possum.
1533 2399 1659 2461 Sed
1708 2398 1769 2459 in
1825 2398 2028 2458 animo
2080 2404 2204 2470 est,

150 2481 675 2557 quemadmodum
727 2490 868 2543 ante
909 2481 1066 2555 dixi,
1109 2481 1327 2546 leviter
1368 2482 1629 2544 transire
1669 2498 1744 2542 ac
1784 2479 2203 2542 tantummodo

144 2562 564 2639 perstringere
594 2582 776 2625 unam
821 2582 1126 2640 quamque
1163 2582 1324 2639 rem,
1348 2574 1435 2627 -ut
1477 2581 1691 2626 omnes
1732 2563 2064 2639 intelligant
2106 2578 2204 2621 me

143 2662 274 2707 non
303 2646 507 2706 studio
537 2662 860 2720 accusare,
893 2649 1004 2708 sed
1032 2648 1238 2710 officio
1271 2648 1621 2709 defendere.
1665 2647 1927 2707 XXXIII.
1957 2644 2059 2707 92.
2096 2644 2203 2703 Vi-

149 2730 272 2789 deo
324 2726 506 2801 igitur
548 2745 768 2791 causas
811 2746 952 2790 esse
1003 2733 1335 2805 permultas
1383 2746 1541 2806 quae
1581 2728 1761 2791 istum
1805 2728 2201 2805 impellerent.

147 2810 492 2871 Videamus
524 2828 686 2873 nunc
731 2828 968 2887 ecquae
997 2813 1253 2875 facultas
1280 2812 1657 2889 suscipiendi
1684 2810 1967 2873 maleficii
2004 2811 2200 2872 fuerit.

146 2891 266 2953 Ubi
301 2894 545 2954 occisus
575 2903 671 2954 est
701 2894 844 2955 Sex.
872 2894 1179 2956 Roscius?
1209 2898 1458 2957 Romae.
1488 2894 1647 2971 Quid
1667 2901 1753 2966 tu,
1778 2894 1846 2952 T.
1868 2891 2076 2963 Rosci,
2100 2892 2203 2951 nbi

149 2982 295 3037 tunc
322 2984 500 3037 eras?
539 2977 789 3037 Romae.
844 2980 1074 3038 Verum
1105 2977 1251 3051 quid
1275 2979 1353 3038 ad
1378 2986 1547 3039 rem?
1575 2976 1757 3038 etalii
1778 2976 1965 3038 multi.
2016 2976 2201 3049 Quasi

42 3074 44 3077 ’
147 3056 404 3118 nuncid
431 3067 648 3133 agatur
703 3060 840 3134 quis
893 3076 971 3119 ex
1007 3068 1170 3121 tanta
1210 3059 1588 3121 multitudine
1628 3057 1921 3121 occiderit
1964 3075 2037 3119 ac
2077 3074 2199 3117 non

147 3139 269 3199 hoc
301 3149 644 3215 quaeratur,
676 3158 834 3217 eum,
865 3141 970 3217 qui
989 3142 1221 3204 Romae
1254 3142 1334 3203 sit
1362 3144 1624 3216 occisus,
1654 3151 1851 3203 utrum
1880 3139 2009 3201 veri
2038 3137 2199 3199 simi-

149 3220 267 3281 lius
303 3220 381 3282 sit
407 3224 484 3282 ab
514 3238 588 3283 eo
621 3239 762 3284 esse
792 3224 1088 3297 occisum,
1121 3226 1222 3300 qui
1246 3225 1543 3286 adsiduus
1568 3241 1641 3285 eo
1667 3228 1939 3299 tempore
1968 3222 2199 3281 Romae

153 3302 358 3379 ruerit,
387 3320 463 3364 an
488 3306 564 3365 ab
594 3321 669 3367 eo
685 3351 701 3379 ,
727 3304 830 3381 qui
861 3305 1062 3368 multis
1093 3306 1269 3367 annis
1290 3308 1545 3368 Romam
1570 3306 1811 3367 omnino
1842 3320 1965 3364 non
1988 3316 2195 3362 acces-

150 3385 313 3447 serit.
385 3386 486 3447 93.
531 3389 694 3463 Age,
724 3404 884 3449 nunc
915 3396 1186 3451 caeteras
1216 3404 1467 3465 quoque
1496 3388 1813 3449 facultates
1846 3382 2193 3463 considere-
