2459 3817
204 109 325 174 196
608 115 707 175 DE
740 112 1051 174 IMPERIO
1085 113 1198 173 CN.
1230 112 1536 175 ΡΟΜΡΕΙΙ
1566 114 1870 175 ORATIO.

200 280 537 341 agnoscere
580 262 909 323 videamini
951 262 1055 340 qui
1088 263 1243 324 haec
1290 263 1566 327 fecerintz
1611 280 1726 341 ego
1767 273 1968 326 autem
2007 262 2245 327 nomino

199 345 529 406 nemiuem=
573 362 695 421 qua
724 362 792 405 re
826 344 1008 406 irasci
1036 344 1182 407 mihi
1209 364 1388 407 nemo
1421 346 1670 423 poterit,
1713 345 1832 409 nisi
1875 346 1980 423 qui
2007 356 2146 409 ante
2173 348 2247 409 de

198 446 269 489 se
305 427 560 489 voluerit
602 426 896 489 confiteri.
970 429 1181 504 Itaque
1222 436 1476 507 propter
1515 430 1675 489 hanc
1713 429 2022 493 avaritiam
2065 430 2246 507 impe—

196 519 461 572 ratorum
494 520 751 586 quantas
784 511 1187 585 calamitates»,
1223 528 1613 589 quocumque
1647 521 1894 573 ventum
1927 519 2042 587 est,
2061 512 2249 574 nostri

199 594 501 655 exercitus
550 594 747 654 ferant
787 590 927 670 quis
970 594 1250 668 ignorat?
1315 593 1417 657 38.
1461 596 1681 657 Itinera
1726 612 1884 670 quae
1913 610 2025 672 per
2063 594 2248 657 hosce

197 692 393 737 annos
435 674 495 735 in
526 676 696 736 Italia
729 693 842 754 per
880 692 1063 753 agros
1099 683 1284 753 atque
1326 678 1555 753 oppida
1589 676 1809 739 civium
1843 680 2247 741 Romanorum

166 757 389 821 nostri
440 757 840 834 imperatores
892 758 1145 821 fecerint
1187 760 1621 821 recordamini=
1677 768 1802 821 tum
1853 760 2089 822 facilius
2131 769 2245 821 sta-

198 840 376 904 tuetis
419 841 568 917 quid
597 843 765 919 apud
797 851 1038 904 exteras
1079 842 1361 905 nationes
1403 841 1534 904 fieri
1575 841 1952 905 existimetis.
2043 844 2247 905 Utrum

196 926 404 1002 plures
434 923 803 986 arbitramini
835 942 943 1002 per
966 926 1158 987 hosce
1186 942 1384 987 annos
1413 924 1666 990 militum
1695 934 2036 988 vestrorum
2068 926 2248 987 armis

196 1006 460 1069 hostium
490 1010 675 1070 urbes
705 1024 783 1069 an
824 1007 1096 1069 hibernis
1134 1010 1444 1071 sociorum
1473 1007 1750 1069 civitates
1792 1024 1934 1069 esse
1978 1010 2252 1070 deletas?

196 1092 407 1167 Neque
435 1089 596 1151 enim
630 1098 835 1167 potest
869 1090 1199 1152 exercitum
1230 1090 1283 1153 is
1319 1091 1630 1153 continere
1661 1092 2016 1167 imperator,
2050 1090 2153 1168 qui
2182 1108 2248 1152 se

196 1174 333 1251 ipse
358 1191 479 1235 non
502 1174 787 1247 continet,
820 1190 1023 1250 neque
1042 1190 1301 1235 severus
1324 1190 1466 1236 esse
1491 1174 1554 1235 in
1583 1175 1931 1249 iudicando,
1963 1176 2067 1251 qui
2097 1173 2249 1235 alios

195 1257 257 1317 in
288 1274 357 1317 se
391 1274 646 1319 severos
676 1274 818 1317 esse
849 1256 1083 1317 iudices
1117 1274 1239 1318 non
1271 1260 1420 1319 vult.
1486 1256 1586 1321 39.
1630 1256 1744 1317 Hic
1775 1258 2060 1318 miramur
2091 1258 2250 1318 hunc

196 1338 502 1401 hominem
553 1347 780 1399 tantum
823 1340 1125 1399 excellere
1210 1340 1457 1412 ceteriS‚
1511 1338 1686 1400 cuius
1737 1340 2010 1415 legiones
2056 1340 2145 1401 sic
2187 1340 2246 1399 in

195 1422 407 1483 Asiam
439 1423 851 1495 pervenerint,
884 1429 949 1481 ut
978 1438 1101 1483 non
1130 1425 1314 1483 modo
1349 1439 1563 1483 manus
1591 1425 1739 1484 tanti
1771 1423 2106 1497 exercitus,
2139 1424 2249 1483 sed

197 1520 273 1564 ne
303 1503 625 1579 vestigium
658 1503 905 1580 quidem
937 1502 1219 1580 cuiquam
1251 1513 1470 1580 pacato
1499 1506 1790 1567 nocuisse
1812 1504 2086 1567 dicatur?
2127 1506 2249 1577 Iam

196 1603 344 1648 vero
378 1604 558 1663 quem
589 1588 669 1647 ad
702 1586 946 1647 modum
978 1586 1197 1648 milites
1230 1587 1548 1650 hibernent
1580 1588 1804 1649 cotidie
1835 1604 2149 1650 sermones
2177 1606 2250 1649 ae

196 1671 429 1733 litterae
450 1672 863 1747 perferunturz
900 1687 1023 1731 non
1052 1672 1236 1731 modo
1266 1678 1334 1731 ut
1363 1678 1669 1747 sumptum
1703 1670 1884 1732 faciat
1917 1671 1976 1732 in
2005 1670 2251 1731 militem

197 1754 419 1816 nemini
441 1754 537 1815 vis
565 1756 852 1829 adfertur,
886 1755 997 1815 sed
1025 1770 1103 1814 ne
1131 1752 1398 1829 cupienti
1423 1754 1670 1831 quidem
1697 1755 1980 1829 cuiquam
2007 1753 2251 1829 permit-

196 1837 355 1899 titur.
426 1836 657 1899 Hiemis
687 1840 875 1909 enim,
924 1854 1045 1899 non
1078 1836 1367 1897 avaritiae
1397 1836 1740 1912 perfugium
1759 1837 2030 1899 maiores
2059 1836 2253 1899 nostri

197 1921 257 1980 in
288 1918 596 1980 sociorum
627 1928 811 1995 atque
841 1920 1171 1981 amicorum
1196 1919 1370 1981 tectis
1396 1936 1538 1981 esse
1559 1922 1899 1981 voluerunt.
1957 1920 2114 1979 XIV.
2148 1918 2251 1979 40.

196 2006 331 2077 Age
374 2018 519 2061 vero
605 2004 822 2062 ceteris
868 2001 931 2060 in
972 2004 1155 2063 rebus
1200 2002 1364 2078 quali
1405 2002 1484 2063 sit
1527 2001 1925 2078 temperantia
1971 2001 2251 2063 conside·

196 2092 343 2145 rate.
402 2084 580 2144 Unde
609 2083 771 2143 illam
798 2091 1021 2144 tantam
1054 2084 1416 2146 celeritatem
1442 2092 1502 2146 et
1529 2093 1651 2146 tam
1678 2084 2094 2146 incredibilem
2116 2100 2252 2145 cur-

200 2186 334 2229 sum
364 2166 674 2228 inventum
704 2166 973 2241 putatis?
1024 2168 1159 2227 Non
1190 2166 1348 2227 enim
1381 2168 1548 2228 illum
1583 2168 1806 2228 eximia
1831 2168 1927 2228 vis
1959 2168 2254 2242 remigum

197 2259 301 2312 aut
340 2268 441 2312 ars
486 2249 753 2311 inaudita
796 2250 1095 2325 quaedam
1130 2250 1508 2325 gubernandi
1549 2259 1654 2312 aut
1681 2249 1846 2312 venti
1885 2248 2074 2326 aliqui
2107 2248 2254 2311 novi

198 2344 319 2395 tam
353 2332 630 2395 celeriter
648 2332 711 2392 in
740 2332 979 2393 ultimas
1004 2340 1197 2393 terras
1229 2334 1622 2409 pertulerunt,
1654 2334 1768 2394 sed
1798 2350 1910 2395 eae
1938 2350 2062 2409 res»,
2094 2349 2256 2409 quae

198 2422 443 2477 eeteros
508 2413 801 2476 remorari
836 2414 1063 2489 solent,
1103 2432 1227 2476 non
1259 2418 1669 2478 retardarunt=
1720 2434 1844 2479 non
1881 2415 2136 2477 avaritia
2173 2416 2254 2474 ab

198 2498 466 2560 instituto
496 2515 681 2559 eursu
708 2498 790 2559 ad
822 2498 1107 2573 praedam
1138 2498 1403 2574 aliquam
1435 2500 1771 2573 devocavit,
1805 2517 1928 2561 non
1955 2498 2142 2566 libido
2173 2498 2258 2557 ad

201 2583 603 2658 voluptatem,
643 2599 766 2644 non
800 2580 1137 2642 amoenitas
1167 2583 1248 2641 ad
1280 2582 1774 2657 delectationem,
1817 2598 1940 2643 non
1968 2580 2257 2643 nobilitas

200 2666 368 2726 urbis
403 2664 484 2723 ad
512 2664 951 2741 cognitionem,
992 2682 1115 2725 non
1155 2664 1422 2741 denique
1453 2665 1642 2727 labor
1671 2665 1810 2741 ipse
1833 2666 1923 2726 ad
1955 2664 2258 2741 quietemz

200 2755 509 2823 postremo
541 2746 716 2825 signa
743 2757 803 2810 et
829 2748 1069 2809 tabulas
1140 2756 1466 2825 ceteraque
1496 2754 1851 2810 ornamenta
1883 2748 2263 2809 Graecorum

200 2830 596 2906 oppidorum,
641 2835 811 2908 quae·
878 2830 1063 2893 ceteri
1092 2832 1361 2893 tollenda
1406 2848 1548 2893 esse
1588 2830 1978 2905 arbitrantur,
2024 2848 2098 2890 ea
2136 2827 2264 2889 sibi

198 2913 299 2974 ille
329 2930 406 2974 ne
437 2913 693 2975 visenda
724 2913 970 2990 quidem
999 2914 1386 2977 existimavit.
1457 2914 1558 2978 41.
1598 2917 1811 2990 Itaque
1846 2930 2060 2976 omnes
2091 2928 2262 2973 nunc

199 2998 260 3057 in
317 2994 395 3057 iis
436 2995 589 3059 locis
624 2998 728 3057 Cn.
770 2996 1122 3073 Pompeium
1166 2998 1326 3059 sicut
1367 2996 1629 3074 aliquem
1664 3015 1787 3059 non
1829 3016 1910 3061 ex
1945 2998 2063 3058 hac
2101 2995 2264 3058 urbe

201 3080 485 3153 missum,
537 3081 650 3141 sed
693 3080 771 3153 de
818 3082 988 3141 caelo
1033 3080 1352 3157 delapsum
1394 3080 1729 3143 intuentur:
1779 3080 1944 3143 nunc
1987 3079 2266 3155 denique

201 3163 495 3241 incipiunt
517 3164 769 3226 credere
794 3161 986 3225 fuisse
1006 3160 1285 3225 homines
1309 3166 1616 3227 Romanos
1638 3166 1755 3225 hac
1778 3165 2087 3240 quondam
2109 3178 2264 3224 con-

201 3246 479 3322 tinentia,
533 3248 701 3324 quod
744 3245 861 3305 iam
912 3245 1258 3309 nationibus
1305 3250 1526 3309 exteris
1584 3246 1940 3309 incredibile
1978 3265 2051 3309 ac
2097 3248 2265 3308 falso

205 3331 534 3392 memoriae
562 3328 867 3408 proditum
895 3328 1244 3391 videbatur=
1279 3348 1440 3392 nunc
1475 3331 1712 3407 imperii
1741 3330 1930 3392 vestri
1964 3332 2266 3407 splendor
