2459 3817
655 502 742 584 M.
799 502 1140 586 'l'ULLll
1201 501 1719 585 CICERONIS

388 647 552 729 ΙΝ
675 647 743 739 ss·
871 646 1956 733 clnclhluu

915 790 1462 909 0RAT10,

553 942 798 1016 QUAE
854 940 1345 1003 DIVINATIO
1411 942 1810 1003 DICITUR.

282 1160 889 1218 ARGUMENTUM
969 1159 1344 1223 VETERIS
1424 1156 2075 1216 ENARRATORIS.

303 1264 391 1315 Cn.
441 1266 676 1331 Pompeio
731 1268 948 1333 primum
1002 1276 1051 1317 et
1105 1269 1172 1317 Μ.
1221 1267 1401 1317 Crasso
1449 1280 1581 1317 coss.
1632 1266 1689 1320 Ο.
1744 1268 1943 1327 Verres,
2001 1266 2201 1332 perfun-

153 1343 271 1385 ctus
309 1342 599 1397 quaestura,
647 1335 923 1400 legatione,
963 1342 1198 1401 praetura
1233 1337 1450 1395 urbana,
1499 1342 1642 1400 patre
1684 1332 1738 1384 G.
1774 1336 1819 1383 V
1821 1350 1927 1384 erre
1962 1338 2012 1385 et
2053 1348 2199 1399 prae-

151 1409 351 1453 textato
383 1401 485 1451 filio
512 1410 563 1451 et
593 1402 699 1452 fllia
721 1405 912 1468 nupta,
947 1418 1154 1455 uxorem
1189 1402 1406 1463 habens,
1444 1416 1599 1465 quum
1630 1403 1956 1453 successisset
1989 1402 2043 1452 in
2078 1402 2204 1453 Sici·

152 1472 227 1522 lia
263 1469 320 1521 C.
359 1470 618 1519 Sacerdoti
647 1473 867 1535 praetori
902 1486 1112 1535 eamque
1146 1487 1247 1521 non
1282 1472 1382 1521 sibi
1411 1471 1709 1522 succedente
1744 1471 1893 1521 Arrio
1927 1485 2019 1536 per
2052 1472 2203 1521 trien·

152 1540 300 1589 nium
335 1538 596 1597 tenuisset,
632 1546 783 1603 atque
814 1541 866 1589 in
894 1555 954 1591 ea
987 1540 1164 1591 fuisset
1198 1538 1483 1599 libidinose,
1519 1554 1670 1590 avare
1694 1539 2063 1602 crudeliterque
2094 1554 2202 1589 ver-

150 1614 324 1666 satus,
385 1607 683 1656 succedente
733 1608 935 1659 tandem
988 1610 1038 1658 in
1095 1607 1273 1659 eadem
1320 1609 1589 1673 provincia
1628 1608 1826 1659 Metello
1839 1644 1855 1667 ,
1901 1609 2195 1672 repetunda-

153 1690 267 1724 rum
315 1690 433 1723 reus
480 1674 542 1724 ab
579 1673 762 1725 Siculis
802 1676 1089 1741 postulatus
1131 1684 1235 1725 est.-
1285 1678 1372 1739 qui
1417 1690 1591 1727 omnes
1628 1686 1828 1740 praeter
1863 1674 2205 1741 Syracusanos

154 1752 205 1793 et
235 1744 560 1792 Mamertinos
593 1742 662 1791 Μ.
701 1742 948 1809 Tullium,
999 1744 1084 1793 illo
1115 1752 1342 1808 tempore
1373 1744 1633 1793 florentem
1670 1742 2045 1792 defensionibus
2081 1744 2206 1792 ami·

150 1825 331 1861 corum
347 1845 363 1870 ,
410 1810 476 1862 ad
510 1811 846 1861 accusandum
882 1812 1188 1861 descendere
1221 1809 1595 1874 compulerunt,
1632 1809 1734 1859 iam
1764 1809 1958 1874 pridem
1983 1809 2082 1860 illis
2119 1825 2207 1859 ne-

149 1878 465 1929 cessitudine
501 1878 790 1943 copulatum
804 1912 819 1936 ,
865 1878 1000 1939 quod
1036 1884 1274 1939 quaestor
1306 1878 1359 1925 in
1396 1876 1566 1927 Sicilia
1598 1876 1779 1926 fuisset
1823 1884 2053 1941 praetore
2088 1875 2206 1931 Sex.

146 1946 448 2007 Peducaeo,
487 1953 537 1994 et
572 1945 740 2007 quod,
776 1959 931 2007 quum
966 1944 1261 2004 decederet,
1294 1945 1346 1994 in
1380 1944 1466 1995 illa
1500 1945 1754 2005 cranone,
1790 1959 1941 2008 quam
1981 1946 2206 2012 Lilybaei

147 2014 352 2072 habuit,
389 2012 551 2062 multa
584 2012 648 2060 iis
679 2010 898 2075 benig-ne
929 2011 1258 2076 promisisset.
1329 2012 1559 2063 Accessit
1590 2012 1673 2063 his
1716 2028 1815 2063 non
1850 2014 2090 2080 ignobilis
2126 2014 2205 2065 fu·

145 2089 274 2132 tura
319 2080 436 2129 ideo
485 2080 550 2129 de
579 2078 738 2127 Verre
784 2079 1019 2143 victoria,
1069 2080 1186 2141 quia
1220 2095 1251 2129 a
1286 2078 1529 2146 Metellis,
1576 2080 1897 2147 Scipionibus
1944 2090 1994 2133 ct
2034 2083 2203 2134 multis

143 2149 276 2199 aliis
311 2146 562 2197 nobilibus
596 2146 720 2195 viris
747 2154 796 2196 et
823 2148 1096 2212 praecipue
1133 2148 1196 2198 ab
1211 2148 1475 2200 Hortensio
1503 2149 1615 2214 ipso
1652 2150 2019 2212 defenderetur,
2055 2150 2204 2201 facile

145 2228 200 2267 et
241 2214 468 2279 principe
511 2214 564 2264 in
611 2224 788 2264 senatu
829 2223 1036 2281 propter
1069 2216 1381 2268 nobilitatem
1430 2226 1480 2268 et
1514 2218 1566 2267 in
1603 2216 1713 2268 foro
1762 2218 1827 2268 ob
1872 2219 2205 2282 eloquentiam

148 2298 279 2349 rege
311 2296 576 2333 cansarum
612 2292 661 2333 et
696 2283 873 2334 codem
914 2283 1118 2335 consule
1155 2286 1419 2351 designato
1455 2300 1571 2337 cum
1610 2285 1667 2345 Q.
1690 2285 1889 2335 Metello
1926 2286 2081 2337 fratre
2098 2286 2203 2336 Me·

149 2352 386 2403 tellorum
399 2386 414 2411 ,
462 2352 666 2402 alterius
698 2354 945 2417 praetoris
981 2351 1163 2413 Siculi,
1209 2354 1417 2404 alterins
1451 2354 1697 2419 praetoris
1743 2354 1971 2419 urbani„
2008 2354 2098 2403 His
2134 2354 2203 2403 ita

69 2454 94 2481 ,
153 2419 442 2471 constitutis
475 2420 666 2469 exstitit
696 2419 754 2479 Q.
795 2419 1038 2471 Caecilius
1073 2420 1255 2487 Niger,
1292 2422 1443 2473 domo
1479 2420 1696 2480 Siculus,
1731 2430 1781 2471 et
1814 2428 2048 2484 quaestor
2080 2421 2205 2471 Ver-

152 2488 227 2538 ris
263 2494 312 2536 et
343 2487 597 2548 eiusdem,
625 2495 680 2537 ut
715 2488 826 2553 ipse
863 2488 1086 2546 dicebat,
1140 2486 1403 2549 inimicnS,
1448 2490 1535 2553 qui
1569 2502 1625 2539 se
1659 2490 1829 2554 potius
1863 2496 2204 2539 accusatorem

151 2554 479 2606 contenderet
515 2556 748 2606 constitui
782 2567 1038 2621 oportere,
1083 2556 1176 2607 has
1219 2557 1455 2608 adferens
1486 2571 1693 2607 causasz
1741 2572 1921 2617 unam,
1964 2556 2101 2621 quod
2142 2559 2206 2607 ab

152 2638 214 2673 eo
258 2622 426 2672 laesus
463 2631 510 2673 et
557 2624 620 2673 ob
655 2622 752 2673 hoc
797 2626 906 2673 inre
943 2625 1020 2674 illi
1060 2626 1128 2674 sit
1163 2626 1427 2685 inimicus,
1477 2640 1631 2689 quare
1678 2626 2045 2690 praevaricator
2094 2640 2208 2675 esse

152 2706 263 2772 non
293 2692 484 2756 possit;
521 2690 724 2773 alteram
743 2728 758 2751 ,
796 2694 960 2774 quod3
999 2709 1150 2775 quum
1186 2701 1423 2775 quaestor
1456 2695 1504 2743 ei
1539 2702 1645 2742 tum
1681 2692 1831 2773 fuerit
1850 2728 1865 2751 ,
1910 2694 2061 2745 ctiam
2098 2694 2207 2773 ipse

153 2774 224 2877 fi:
247 2759 1888 2894 ‘immam¹2303?”ztz‘plziiziissi‘sssssmqtzi32:¹3⁶
1906 2760 2207 2879 ,335132

157 2895 412 2960 capitibus
459 2896 756 2959 respondet:
809 2905 1148 2947 accusatorem
1178 2913 1291 2947 eum
1340 2912 1453 2947 esse
1498 2903 1745 2961 oportere,
1778 2898 1863 2959 qui
1900 2896 2085 2945 invitus
2122 2912 2205 2944 co·

156 2965 297 3029 gitur
329 2961 570 3027 religione
599 2963 784 3023 oflicii,
821 2974 1028 3029 rogatus
1064 2966 1128 3015 ab
1163 2966 1396 3015 omnibus
1430 2964 1646 3024 Siculis,
1682 2965 1770 3027 qui
1803 2979 1895 3029 pro
1921 2980 1973 3014 re
2008 2964 2208 3029 publica

157 3032 295 3096 agit,
331 3044 478 3093 quem
515 3031 685 3081 volunt
719 3032 806 3094 qui
841 3040 1094 3093 accusant,
1131 3048 1282 3095 quem
1318 3032 1492 3082 metuit
1526 3032 1613 3095 qul
1649 3039 1940 3092 accusatur,
1976 3033 2061 3095 qui
2099 3031 2209 3080 ido·

156 3111 287 3147 neus
333 3106 412 3147 est
447 3097 684 3149 facundia
726 3100 1130 3163 innocentisque,
1178 3100 1268 3163 qui
1318 3099 1415 3150 boe
1455 3098 1573 3151 facit
1616 3100 1897 3151 imitatione
1940 3100 2206 3149 maiorum.

156 3164 364 3283 ghisilo·
391 3166 724 3231 principalis:
780 3182 880 3218 nna
937 3168 1001 3219 de
1048 3182 1104 3217 se
1155 3170 1297 3233 ipso,
1353 3166 1513 3218 altera
1562 3168 1626 3219 de
1670 3168 1987 3219 contentione
2032 3166 2112 3213 sui
2161 3172 2209 3212 et

197 3248 310 3283 aeci
333 3248 386 3281 n.

291 3300 544 3352 Divinatio
580 3302 764 3353 dicitur
795 3302 922 3353 haec
955 3304 1140 3362 oratio,
1177 3306 1297 3367 quia
1328 3317 1428 3352 non
1454 3303 1518 3352 de
1552 3302 1685 3353 facto
1715 3301 1972 3365 quaeritur
1986 3326 2057 3337 -—
2086 3297 2211 3348 hacc

117 3395 127 3403 ·
157 3370 442 3420 coniectura
453 3396 536 3428 —‚
573 3371 664 3420 sed
701 3370 763 3419 de
797 3370 986 3430 futuro,
1033 3386 1161 3433 quae
1197 3378 1274 3420 est
1300 3370 1559 3433 divinatio,
1592 3377 1705 3419 uter
1752 3368 1932 3417 debeat
1957 3379 2205 3415 accusare-
