2459 3817
807 228 968 289 CAP.
998 236 1194 292 4-7.
1239 235 1290 297 ς.
1321 238 1583 292 16—24.
1962 296 1969 303 ,
2126 220 2214 283 49

157 380 388 439 Verum
423 392 546 436 non
576 384 794 437 tacent.
831 379 1051 437 Tamen
1105 375 1183 437 iis
1212 376 1591 438 invitissimis
1622 386 1682 439 te
1710 378 1981 439 offeres?
2012 387 2213 440 tamen

154 462 220 521 in
254 458 454 520 aliena
483 474 672 519 causa
701 460 997 534 loquere?
1024 468 1223 519 tamen
1254 476 1365 521 eos
1392 461 1709 534 defendes,
1746 461 1851 535 qui
1881 476 1951 519 se
1980 462 2057 519 ab
2086 474 2213 520 om·

156 542 341 603 nibus
373 542 654 601 desertos
693 540 898 615 potius
941 558 1123 615 quam
1167 542 1281 601 abs
1324 551 1381 602 te
1427 542 1721 603 defensos
1762 558 1907 603 esse
1946 544 2217 603 malunt?

158 634 365 687 tamen
409 620 490 683 iis
522 639 772 697 operam
815 632 974 683 tuam
1011 622 1407 697 pollicebere,
1440 624 1547 698 qui
1577 633 1636 685 te
1669 641 1871 699 neque
1906 626 2061 685 velle
2102 641 2215 685 sua

162 721 356 768 causa
383 720 528 777 nec,
565 704 620 765 si
647 705 894 780 cupiaS,
929 722 1121 780 posse
1158 705 1565 767 arbitrantur?
1628 708 1747 767 Cur
1786 724 1999 768 eorum
2040 724 2215 782 spem

158 790 443 863 exiguam
469 787 838 862 reliquarum
876 789 1281 861 fortunarum,
1316 804 1497 863 quam
1527 788 1753 849 habent
1779 788 1841 849 in
1869 789 2023 863 legis
2064 788 2214 868 etin

155 868 372 933 iudicii
403 868 727 931 severitate
763 869 1054 945 positam,
1087 869 1148 928 vi
1173 878 1547 946 extorquere
1574 871 1861 931 conaris?
1900 888 2011 932 cur
2039 880 2098 931 te
2124 868 2215 930 in-

157 951 438 1027 terponis
469 950 842 1011 invitissimis
889 952 999 1025 iis,
1031 952 1257 1027 quibus
1286 951 1550 1013 maxime
1579 954 1679 1012 lex
1709 955 2053 1014 consultum
2074 970 2216 1013 esse

157 1036 336 1096 vult?
381 1050 490 1095 cur
531 1034 608 1094 de
661 1034 881 1109 quibus
929 1034 990 1093 in
1031 1035 1351 1109 provincia
1396 1051 1519 1095 non
1565 1037 1793 1110 optime
1836 1052 1905 1094 es
1946 1033 2217 1107 merituS,

158 1134 275 1179 eos
311 1132 472 1176 nunc
499 1117 683 1191 plane
718 1115 974 1177 fortunis
1021 1116 1303 1177 omnibus
1336 1117 1580 1177 conaris
1625 1124 1942 1177 evertere?
1982 1133 2089 1177 eur
2142 1114 2217 1176 iis

160 1216 290 1260 non
317 1200 499 1271 modo
531 1199 943 1273 persequendi
971 1198 1122 1259 iuris
1154 1198 1281 1273 sui,
1324 1200 1437 1259 sed
1465 1198 1645 1260 etiam
1674 1200 2092 1273 deplorandae
2118 1213 2217 1257 ca·

159 1280 448 1341 lamitatis
477 1280 694 1341 adimis
723 1288 1130 1355 potestatem?
1187 1281 1290 1342 22.
1350 1282 1500 1341 Nam
1543 1289 1603 1341 te
1642 1289 1851 1343 actore
1892 1297 2072 1355 quem
2114 1296 2218 1341 eo·

158 1380 303 1425 rum
349 1362 691 1424 adfuturum
726 1371 932 1438 putaS,
983 1380 1140 1438 quos
1179 1360 1464 1437 intelligis
1498 1379 1621 1423 non
1658 1372 1726 1423 ut
1763 1379 1877 1437 per
1916 1371 1978 1424 te
2018 1360 2219 1437 alium,

164 1446 284 1508 sed
319 1453 380 1505 ut
409 1462 517 1519 per
558 1446 742 1507 alium
773 1445 1036 1521 aliquem
1070 1455 1129 1507 te
1158 1445 1361 1521 ipsum
1390 1444 1763 1507 ulciscantur
1788 1446 2112 1505 laborare?

259 1590 264 1592 ,
337 1528 466 1587 VII.
531 1531 612 1588 At
640 1528 800 1588 enim
833 1530 1027 1589 solum
1071 1528 1136 1589 id
1171 1537 1293 1601 est,
1342 1538 1409 1590 ut
1450 1544 1549 1589 me
1580 1527 1768 1589 Siculi
1810 1527 2071 1589 maxime
2114 1542 2219 1586 ve-

160 1612 304 1673 lint=
361 1612 614 1671 alterum
640 1610 819 1684 illud,
855 1613 1039 1671 credo
1057 1658 1072 1680 ‚
1101 1611 1433 1673 obscurum
1474 1618 1570 1671 est
1609 1628 1647 1669 a
1688 1628 1811 1685 quo
1841 1612 2070 1671 Verres
2110 1608 2219 1667 mi·

161 1695 328 1755 nime
363 1709 432 1753 se
460 1692 740 1754 accusari
767 1692 928 1754 velit.
993 1692 1224 1768 Ecquis
1254 1710 1543 1768 umquam
1572 1702 1695 1752 tam
1739 1693 1942 1766 palam
1988 1693 2067 1752 de
2112 1691 2219 1750 ho-

161 1792 318 1839 nore
331 1821 350 1851 ,
383 1783 505 1837 tam
537 1776 928 1839 vehementer
955 1777 1034 1835 de
1068 1776 1265 1835 salute
1300 1791 1412 1835 sua
1440 1772 1753 1833 contendit
1790 1789 1974 1845 quam
2004 1772 2105 1833 ille
2132 1780 2217 1831 at-

163 1879 292 1937 que
333 1859 494 1919 illius
533 1859 739 1931 amici,
783 1876 861 1919 ne
900 1859 1054 1919 haec
1093 1856 1240 1918 mihi
1280 1854 1502 1917 delatio
1550 1854 1765 1917 detur?
1820 1852 1975 1918 Sunt
2016 1855 2220 1926 multa,

162 1959 332 2019 quae
361 1942 590 2001 Verres
621 1941 682 2000 in
711 1958 808 1999 me
839 1956 980 1999 esse
1015 1940 1363 2010 arbitratur,
1396 1952 1555 2011 quae
1586 1934 1705 1997 scit
1740 1936 1803 1997 in
1828 1945 1915 2011 te,
1932 1927 2047 2015 [0.]
2076 1936 2220 1999 Cae·

161 2025 301 2097 cili,
361 2040 484 2083 non
535 2038 708 2081 esse=
761 2036 920 2093 quae
962 2020 1138 2080 cuius
1179 2019 1345 2081 modi
1383 2019 1445 2080 in
1484 2027 1745 2095 utroque
1790 2030 2063 2083 nostrum
2102 2020 2220 2083 sint

158 2106 380 2185 paullo
423 2110 566 2177 post
602 2103 1109 2163 commemorabo.
1183 2101 1283 2163 23.
1358 2103 1529 2163 Nunc
1582 2112 1809 2163 tantum
1866 2102 1932 2164 id
1990 2103 2187 2164 dicam
2205 2148 2220 2175 ,

157 2187 349 2265 quod
399 2184 618 2245 tacitus
668 2192 732 2245 tu
781 2182 926 2244 mihi
967 2184 1346 2246 adsentiare=
1400 2186 1627 2246 nullam
1674 2200 1802 2246 rem
1842 2186 1904 2245 in
1947 2203 2043 2247 me
2078 2201 2223 2247 esse

159 2284 361 2349 quam
391 2265 494 2327 ille
525 2276 894 2341 contemnat,
943 2268 1168 2328 nullam
1200 2267 1263 2327 in
1304 2275 1363 2328 te
1412 2284 1593 2343 quam
1633 2268 2043 2343 pertimescat.
2106 2269 2221 2327 lta·

159 2368 299 2430 que
327 2366 585 2425 magnus
615 2348 716 2411 ille
745 2351 1036 2411 defensor
1065 2354 1134 2411 et'
1151 2349 1387 2411 amicus
1416 2351 1549 2410 eius
1580 2350 1687 2411 tibi
1711 2350 2093 2425 suffragatur,
2124 2364 2223 2407 me

161 2441 526 2511 oppugnat,
561 2442 774 2507 aperte
806 2433 882 2493 ab
913 2432 1216 2493 iudicibus
1252 2432 1403 2507 petit
1427 2442 1493 2493 ut
1530 2441 1596 2491 tu
1622 2427 1786 2493 'tn-ihi
1828 2441 2222 2506 anteponere,

161 2527 232 2579 et
263 2514 347 2575 ait
376 2516 495 2576 hoc
531 2532 600 2577 se
627 2516 914 2587 honeste,
957 2515 1092 2575 sine
1132 2516 1255 2576 ulla
1301 2506 1531 2574 invidia
1562 2531 1643 2574 ac
1688 2514 1823 2575 sine
1866 2516 1991 2575 ulla
2032 2513 2223 2574 offen-

165 2600 354 2661 sione
385 2598 772 2659 contendere.
821 2598 954 2657 Non
986 2596 1176 2672 enim,
1205 2596 1417 2672 inquit,
1450 2596 1597 2657 illud
1626 2606 1788 2672 peto,
1828 2598 1995 2672 quod
2030 2597 2224 2668 soleo,

165 2696 367 2757 quum
387 2679 806 2742 vehementius
835 2679 1149 2754 contendi,
1177 2679 1531 2759 impetrare,
1576 2683 1719 2739 reus
1762 2687 1828 2739 ut
1852 2680 2225 2751 absolvatur,

165 2780 300 2843 nem
330 2771 504 2837 petua
538 2764 650 2823 sed
675 2770 743 2823 ut
770 2760 976 2837 potius
1009 2762 1087 2822 ab
1126 2763 1247 2823 hoc
1290 2778 1471 2837 quam
1513 2763 1590 2821 ab
1632 2762 1733 2821 illo
1770 2770 2119 2833 accusetur,
2164 2755 2225 2819 id

170 2853 342 2922 peto.
407 2846 499 2904 Da
530 2844 675 2904 mihi
702 2845 850 2904 hoca
883 2845 1183 2915 concede,
1231 2845 1399 2920 quod
1428 2844 1605 2903 facile
1644 2852 1768 2917 est,
1824 2846 1991 2919 quod
2038 2844 2223 2904 hone-

173 2937 374 2998 stum,
411 2927 579 3001 quod
609 2944 733 2986 non
763 2924 1164 2987 invidiosum=
1199 2927 1367 3001 quod
1400 2942 1585 3000 quum
1618 2924 1893 2999 dederis,
1936 2926 2068 2988 sine
2102 2926 2225 2986 ullo

169 3021 284 3071 tuo
315 3008 620 3084 periculo,
651 3009 783 3069 sine
809 3006 1054 3068 infamia
1077 3008 1226 3069 illud
1252 3007 1497 3068 dederis
1513 3054 1527 3081 ,
1552 3015 1619 3067 ut
1644 3008 1699 3068 is
1724 3009 2094 3083 absolvatur,
2124 3024 2227 3068 cu-

171 3096 277 3153 ius
311 3104 429 3166 ego
459 3108 648 3151 causa
678 3091 910 3151 laboro.
971 3090 1072 3153 24.
1125 3091 1201 3150 Et
1227 3088 1311 3149 ait
1338 3089 1527 3163 idem,
1558 3098 1624 3151 ut
1644 3088 1865 3166 aliquis
1892 3097 2091 3153 metus
2121 3089 2227 3149 ad-

171 3176 424 3235 iunctus
459 3173 538 3234 sit
567 3174 648 3232 ad
675 3172 924 3247 gratiam
941 3219 956 3247 ,
989 3181 1190 3249 certos
1221 3188 1365 3233 esse
1392 3171 1454 3231 in
1484 3171 1739 3235 consilio
1772 3175 1993 3247 quibus
2026 3180 2223 3232 osten-

175 3256 245 3317 <Ii
275 3256 531 3316 tabellas
562 3257 734 3316 velit=
764 3254 826 3315 id
856 3272 999 3316 esse
1027 3252 1347 3329 perfacile:
1390 3270 1511 3314 non
1546 3254 1709 3315 enim
1750 3254 2026 3329 singulos
2070 3254 2231 3311 ferre

179 3336 578 3412 sententiam,
627 3339 740 3399 sed
778 3336 1102 3399 universos
1142 3336 1544 3397 constituere:
1576 3345 1839 3399 ceratam
1867 3334 1973 3395 uni
2008 3334 2233 3407 cuique

179 3421 472 3479 tabellam
499 3418 629 3479 dari
657 3436 799 3554 cera
823 3418 1117 3494 legitima,
1159 3434 1285 3480 non
1314 3418 1415 3479 illa
1444 3416 1651 3478 infami
1695 3435 1789 3554 at‘:¹
1812 3416 2039 3475 nefaria
2124 3417 2216 3474 At-

322 3515 434 3559 crc.
468 3516 649 3561 orm-r.
727 3541 740 3556 .
