2459 3817
511 149 677 212 CAP.
722 159 991 213 53-56.
1032 156 1085 217 s.
1133 157 1465 213 139—145.
1883 151 2002 216 167

0 302 214 361 [fectus
242 298 393 360 illim
438 305 557 359 tum
588 316 702 374 pro
732 308 972 361 mortuo
1004 299 1282 362 sublatus
1330 299 1615 376 perbrevi
1647 309 1866 376 postea
1905 309 2001 361 est

0 392 228 444 ortuus.
293 383 417 443 Iste
448 390 647 444 antem
676 383 857 444 homo
891 383 1222 456 Venerius,
1267 383 1550 445 adfluens
1583 384 1746 444 omni
1789 386 1999 457 lepore

0 484 11 525 ι
40 474 390 538 venustate,
433 466 512 526 de
538 465 718 526 bonis
746 465 909 526 illius
936 465 999 524 in
1034 467 1191 527 aede
1217 467 1480 527 Veneris
1511 477 1863 541 mgenteum
1886 465 1997 526 Cu-

0 549 205 609 dinem
236 547 463 624 posuit.
528 547 631 608 Sic
664 548 843 608 etiam
874 549 1131 608 fortunis
1167 549 1482 611 hominum
1521 550 1883 612 abutebatur
1921 547 2003 607 ad

0 641 233 694 >cturna
263 639 409 692 vota
440 630 835 706 cupiditatum
866 648 1133 702 suarum.

98 756 223 816 LV.
292 751 433 816 143.
492 755 647 814 Nam
702 748 849 828 quid
888 771 1003 828 ego
1047 756 1125 814 de
1156 754 1414 816 caeteris
1446 755 1668 816 civium
1695 757 2002 816 Romano·

0 856 67 898 tm
94 836 416 912 suppliciis
448 837 791 918 singillatim
830 838 1035 912 potius
1067 853 1252 913 quam
1282 837 1614 913 generatim
1644 844 1828 912 atque
1869 837 2002 898 uni·

0 938 115 982 arse
156 924 417 995 loquar?
472 921 692 980 carcer
730 919 859 993 ille,
913 920 1018 994 qui
1046 929 1142 981 est
1186 937 1223 980 a
1271 919 1698 980 crudelissimo
1740 927 2002 996 tyranno

0 1004 232 1082 lonysio
263 1005 459 1063 sactus
476 1001 823 1080 SyracusiS,
857 1019 1016 1077 quae
1039 1000 1367 1064 lautumiae
1396 1009 1711 1074 vocantur,
1727 1002 1798 1060 in
1825 1001 2006 1061 istius

0 1087 194 1161 iperio
247 1084 619 1144 domicilium
674 1083 897 1144 civium
928 1086 1344 1146 Romanorum
1408 1084 1537 1144 fuit.
1610 1084 1692 1143 Ut
1741 1088 2004 1158 quisque

0 1169 113 1228 tius
164 1166 429 1226 animum
482 1174 587 1225 aut
632 1167 847 1226 oculos
900 1166 1270 1241 offenderat,
1322 1166 1384 1227 in
1441 1165 1762 1226 lautumias
1804 1167 2005 1227 statim

0 1247 399 1311 miiciebatur.
426 1247 748 1322 Indignum
775 1245 981 1320 [enim]
1002 1247 1123 1309 hoc
1147 1249 1328 1308 video
1357 1247 1554 1310 videri
1580 1247 1882 1323 omnibu3‚
1911 1247 2001 1309 iu·

3 1349 138 1404 ceS,
182 1338 243 1392 et
274 1331 340 1391 id
367 1331 487 1391 iam
516 1330 721 1406 priore
758 1331 1026 1404 actione,
1078 1348 1264 1407 quum
1302 1332 1457 1392 haec
1485 1339 1676 1392 testes
1711 1330 2003 1405 dicerent,

0 1413 223 1477 tellexi.
303 1414 573 1475 Retineri
615 1414 775 1474 enim
805 1412 1032 1489 putatis
1065 1423 1348 1489 oportere
1374 1414 1508 1474 iura
1536 1413 1830 1475 libertatis
1879 1431 2000 1475 non

0 1500 118 1559 odo
158 1497 288 1570 hic,
343 1497 450 1557 ubi
488 1496 713 1556 tribuni
753 1495 952 1572 plebis
983 1505 1152 1571 sunt,
1200 1497 1304 1557 ubi
1338 1497 1562 1558 caeteri
1589 1496 2005 1571 magistratus,

0 1582 37 1642 >i
74 1583 269 1641 forum
315 1582 563 1658 plenum
605 1579 995 1653 iudiciorum,
1050 1580 1153 1640 ubi
1196 1588 1447 1641 senatus
1487 1579 1850 1652 auctoritaS,
1897 1578 2003 1640 ubi

0 1663 302 1725 {istimatio
342 1663 549 1738 populi
575 1661 833 1723 Romani
858 1671 918 1722 et
946 1661 1305 1736 frequentia,
1341 1663 1454 1724 sed
1481 1662 1853 1735 ubicumque
1883 1671 2001 1720 ter·

0 1764 134 1806 rum
165 1755 227 1806 et
255 1745 523 1820 gentium
556 1744 849 1806 violatum
888 1744 985 1805 ius
1026 1745 1250 1807 civium
1276 1747 1692 1806 Romanorum
1713 1752 1829 1816 est,
1880 1752 2002 1803 sta·

2 1829 101 1891 itis
150 1829 215 1888 id
256 1828 563 1902 pertinere
591 1828 671 1887 ad
694 1842 1075 1888 communem
1110 1843 1361 1890 causam
1395 1826 1692 1888 libertatis
1711 1832 1783 1887 et
1810 1823 2003 1900 digni·

2 1910 97 1971 tis.
168 1908 309 1971 144.
373 1911 439 1969 In
470 1918 857 1971 externorum
884 1909 1197 1972 hominum
1224 1911 1641 1971 maleficorum
1677 1909 2004 1970 scelerato·

0 2007 214 2067 unque,
259 1993 319 2052 in
349 1993 729 2068 praedonum
774 1992 1162 2069 hostiumque
1192 1993 1508 2055 custodias
1538 2001 1603 2053 tu
1631 1999 1860 2053 tantum
1893 2008 2005 2054 nu-

3 2093 173 2136 erum
196 2074 417 2136 civium
438 2077 850 2136 Romanorum
878 2074 1189 2137 includere
1213 2093 1405 2138 ausus
1428 2081 1542 2136 es?
1582 2075 2004 2151 Numquamne

0 2159 47 2218 bi
78 2156 302 2230 iudicii,
346 2175 675 2234 numquam
709 2158 1040 2232 contionis,
1078 2176 1412 2235 numquam
1444 2157 1624 2218 huius
1653 2166 1854 2219 tantae
1887 2159 2002 2218 l're·

0 2241 253 2314 ientiae,
304 2257 462 2317 quae
508 2257 668 2302 nunc
708 2250 769 2301 te
808 2240 1008 2303 animo
1052 2241 1440 2318 iniquissimo
1480 2240 2004 2314 infestissimoque

5 2333 232 2398 tuetur,
286 2325 455 2386 venit
506 2323 567 2384 in
612 2332 915 2385 mentem?
964 2342 1299 2401 numquam
1339 2323 1446 2385 tibi
1490 2322 1707 2399 populi
1745 2318 2004 2382 Romani

0 2407 213 2468 »sentis
250 2408 545 2483 dignitaS‚
583 2423 915 2487 numquam
945 2407 1188 2482 species
1221 2407 1363 2482 ipsa
1389 2407 1646 2468 huiusce
1677 2402 2004 2466 multitudi-

0 2492 39 2550 ls
70 2489 129 2548 in
170 2490 366 2551 oculis
395 2490 726 2565 animoque
767 2499 1010 2550 versata
1049 2497 1187 2552 est?
1228 2506 1559 2565 numquam
1602 2497 1663 2550 te
1691 2487 1752 2548 in
1784 2487 2004 2548 horum

0 2580 343 2648 ›nspectum
369 2573 731 2644 rediturum,
782 2589 1111 2648 numquam
1150 2573 1212 2634 in
1256 2575 1452 2634 sorum
1494 2571 1710 2648 populi
1744 2571 2002 2632 Romani

0 2664 289 2730 inturum,
342 2672 671 2732 numquam
722 2655 837 2716 sub
878 2658 1078 2730 legum
1121 2665 1183 2717 et
1222 2654 1584 2716 iudiciorum
1641 2660 2003 2729 potestatem

0 2756 227 2799 tsurum
261 2755 403 2799 esse
433 2737 704 2799 duxisti?

0 2909 5 2915 .
107 2863 259 2922 LVl.
323 2859 463 2923 145.
520 2864 602 2922 At
655 2879 813 2937 quae
854 2870 983 2922 erat
1022 2861 1141 2922 ista
1185 2860 1375 2921 libido
1417 2860 1787 2922 crudelitatis
1829 2877 2006 2922 exer·

0 2945 221 3010 udae?
268 2961 430 3020 quae
473 2951 557 3006 tot
600 2947 901 3005 scelerum
942 2943 1478 3018 suscipiendorum
1523 2952 1754 3005 causa?
1809 2945 2002 3016 Nulla,

0 3027 207 3100 diceS,
256 3036 500 3102 praeter
525 3027 862 3102 praedandi
893 3043 1116 3088 novam
1149 3026 1646 3124 singularemque
1689 3026 2004 3087 rationem.

0 3127 91 3168 am
130 3119 198 3170 ut
235 3109 351 3184 illi,
398 3126 555 3185 quos
594 3126 633 3170 a
672 3108 873 3184 poetis
920 3109 1302 3186 accepimuS,
1345 3110 1450 3186 qui
1496 3109 1670 3170 sinus
1703 3109 2006 3184 quosdam

0 3192 269 3252 :usedisse
308 3191 641 3255 maritimos
680 3201 787 3254 aut
824 3191 1028 3268 aliqua
1069 3191 1488 3268 promontoria
1526 3201 1631 3254 aut
1677 3200 2006 3284 praerupta

0 3291 93 3334 ixa
138 3274 411 3336 tenuisse
439 3275 751 3348 dicuntur,
797 3281 864 3336 ut
893 3291 1037 3348 eoS‚
1075 3274 1181 3350 qui
1208 3282 1422 3335 essent
1451 3272 1697 3348 appulsi
1725 3271 2004 3346 navigiiS,

6 3357 281 3418 tel-licere
317 3365 606 3437 possent:
652 3357 743 3418 sic
786 3355 903 3418 iste
929 3357 993 3418 in
1026 3356 1226 3416 omnia
1261 3355 1452 3416 maria
1479 3353 1738 3414 infestus
1770 3369 1850 3414 ex
1879 3370 2007 3413 om·
