2459 3817
762 127 927 192 cal).
956 135 1215 193 19-21.
1250 133 1302 198 s.
1331 137 1590 196 ss—oo.
2084 197 2094 206 .
2134 135 2218 203 19

148 283 397 342 ceteros
462 278 540 339 ad
568 275 806 342 facinus
832 278 1099 356 impulit,
1144 279 1448 356 cupiditas
1473 280 1829 345 retinendae
1856 283 2206 358 possessio-

150 361 269 434 nis,
296 378 369 424 ea
398 361 574 423 Sittio
605 378 727 423 non
760 362 963 436 ruerit,
1007 363 1277 438 praediis
1319 364 1661 429 deminutis.
1746 363 1852 430 57.
1893 367 2020 430 lam
2057 382 2208 429 vero

148 443 301 508 illud
326 461 508 519 quam
535 444 910 520 incredibile,
942 463 1124 522 quam
1151 447 1484 512 absurdum
1501 495 1518 522 ,
1557 447 1666 524 qui
1692 449 1927 514 Romae
1957 449 2210 512 caedem

152 529 377 602 facere,
413 527 519 602 qui
546 529 704 590 hanc
738 530 948 590 urbem
975 528 1352 594 inflammare
1383 533 1561 595 vellet
1575 577 1591 604 ,
1633 549 1773 596 eum
1813 531 2207 597 familiarissi-

147 627 313 674 mum
354 627 533 674 suum
572 611 872 676 dimittere
912 614 989 676 ab
1030 629 1100 674 se
1140 622 1203 674 et
1243 615 1569 676 amandare
1601 615 1663 677 in
1693 616 1934 680 ultimas
1979 622 2206 676 terrast

148 703 347 756 utrum
381 710 503 770 quo
540 694 775 756 facilius
804 697 1035 759 Romae
1076 711 1179 770 ea,
1222 713 1380 772 quae
1411 699 1775 773 conabatur,
1811 699 2111 772 efficeret,
2153 697 2210 760 si

145 776 208 838 in
238 776 535 853 Hispania
578 779 879 841 turbatum
920 786 1130 840 esset?
1169 781 1253 842 At
1290 780 1444 842 haec
1484 778 1624 855 ipsa
1664 797 1776 858 per
1814 797 1884 842 se
1923 779 2058 843 eine
2083 781 2211 842 ulla

148 859 579 922 coniunctione
610 862 965 936 agebantur.
1034 864 1131 924 An
1158 860 1221 921 in
1250 861 1430 925 tantis
1461 863 1669 937 rebuS,
1705 872 1825 928 tam
1851 862 2031 925 novis
2061 879 2204 924 con·

145 941 328 1016 siliis,
370 951 493 1004 tam
520 943 918 1018 periculosis,
956 953 1077 1008 tam
1116 944 1476 1006 turbulentis
1521 944 1828 1007 hominem
1867 941 2208 1010 amantissi-

144 1041 306 1086 mum
336 1025 451 1100 sui,
478 1025 1038 1099 familiarissimum,
1082 1025 1643 1088 coniunctissimum
1673 1026 1916 1098 officiis,
1951 1041 2210 1090 consue-

146 1108 375 1180 tudine,
406 1125 543 1182 usu,
572 1108 991 1172 dimittendum
1020 1125 1165 1170 esse
1192 1108 1637 1173 arbitrabatur?
1686 1108 1836 1172 Veri
1863 1107 2058 1172 simile
2086 1123 2210 1169 non

147 1198 263 1264 est,
290 1197 373 1261 ut,
412 1206 592 1266 quem
618 1189 679 1250 in
712 1191 1004 1256 secundis
1032 1191 1238 1266 rebus,
1277 1205 1462 1267 quem·
1484 1191 1547 1255 in
1579 1192 1704 1253 otio
1733 1207 1980 1268 semper
2001 1205 2212 1255 secum

147 1271 483 1346 habuisset,
511 1273 673 1336 hune
700 1271 761 1332 in
790 1272 1069 1337 adver-sis
1100 1273 1250 1339 etin
1277 1291 1354 1336 eo
1383 1275 1659 1348 tumultu,
1684 1291 1866 1350 quem
1886 1273 2024 1350 ipse
2045 1290 2211 1339 com-

146 1356 430 1431 parabat,
474 1357 551 1420 ab
592 1372 665 1418 se
702 1354 1044 1420 dimitteret.
1130 1355 1235 1422 58.
1292 1358 1435 1432 Ipse
1486 1367 1688 1424 autem
1731 1357 1942 1424 Sittius
1969 1389 2053 1402 -
2083 1373 2210 1422 non

145 1439 307 1500 enim
335 1437 479 1500 mihi
509 1439 853 1504 deserenda
898 1449 994 1501 est
1034 1456 1223 1503 causa
1253 1440 1430 1502 amici
1461 1440 1684 1504 veteris
1717 1449 1903 1517 atque
1943 1438 2208 1516 hospitis

141 1555 229 1575 η-
248 1521 305 1588 is
325 1521 508 1582 homo
538 1531 637 1588 est
668 1531 773 1586 eut
799 1539 875 1584 ea
903 1523 1129 1587 familia
1154 1539 1228 1588 ac
1249 1523 1590 1600 disciplina,
1619 1532 1686 1585 ut
1714 1525 1834 1588 hoc
1869 1523 2035 1588 credi
2061 1539 2208 1599 pos-

143 1602 253 1679 sit,
294 1620 431 1670 eum
462 1605 688 1668 bellum
728 1608 961 1682 populo
990 1609 1268 1670 Romano
1297 1609 1501 1668 facere
1543 1607 1859 1675 voluisse?
1898 1616 1994 1678 ut,
2034 1605 2208 1668 cuius

142 1695 349 1763 pater,
408 1705 595 1764 quum
676 1690 861 1753 ceteri
904 1690 1238 1756 deficerent
1277 1689 1511 1753 finitimi
1550 1706 1625 1752 ac
1655 1689 1872 1760 vicini,
1918 1687 2210 1762 singulari

138 1768 445 1832 exstiterit
472 1769 533 1830 in
563 1786 693 1831 rem
724 1770 1027 1846 publicam
1060 1781 1330 1834 nostram
1361 1772 1566 1833 officio
1595 1779 1658 1836 et
1685 1772 1838 1842 fide,
1873 1769 1928 1830 is
1957 1770 2076 1834 sibi
2102 1785 2209 1830 ne·

138 1850 361 1912 sarium
400 1853 624 1918 bellum
666 1861 876 1914 contra
919 1852 1173 1928 patriam
1214 1853 1674 1928 suscipiendum
1709 1857 1990 1928 putaret?
2031 1850 2209 1913 cuius

140 1951 256 1996 aes
284 1933 546 1996 alienum
579 1933 855 1999 videmus
872 1979 889 2008 ‚
917 1935 1182 2008 iudiceS,
1210 1952 1338 1999 non
1367 1934 1650 2008 libidine,
1693 1935 1806 1999 sed
1835 1931 2058 2009 negotii
2099 1949 2207 2009 ge·

134 2016 317 2078 rendi
357 2017 561 2078 studio
602 2033 747 2078 esse
788 2025 1190 2081 contractuma
1242 2017 1346 2094 qui
1385 2017 1466 2084 ita
1496 2019 1728 2084 Rome
1769 2017 2007 2091 debuit,
2045 2026 2115 2082 ut
2145 2014 2207 2077 in

136 2097 479 2176 provinciis
502 2108 563 2162 et
588 2099 649 2161 in
676 2100 883 2175 regnis
906 2099 965 2162 ei
992 2101 1289 2163 maximae
1319 2100 1616 2177 pecuniae
1639 2102 2020 2174 deberentur,
2052 2117 2208 2177 quas

142 2199 334 2258 quum
364 2191 613 2257 peteret,
648 2199 771 2244 non
807 2182 1106 2245 commisit
1146 2192 1212 2246 ut
1259 2184 1356 2244 sui
1395 2193 1826 2260 procuratores
1871 2183 2207 2259 quidquam

140 2265 351 2329 oneris
379 2266 632 2331 absente
660 2283 731 2328 se
760 2268 1157 2334 sustinerent=
1193 2269 1402 2328 venire
1433 2285 1648 2332 omnes
1681 2285 1829 2334 suas
1854 2265 2207 2342 possessio-

138 2366 255 2410 nes
286 2356 348 2412 et
378 2348 740 2424 patrimonio
772 2367 845 2412 se
876 2350 1263 2412 ornatissimo
1297 2350 1548 2426 spoliari
1577 2351 1786 2418 maluit
1813 2366 1996 2426 quam
2021 2351 2206 2413 ullam

134 2447 372 2494 moram
408 2431 689 2508 cuiquam
726 2434 859 2502 fieri
900 2433 1270 2494 creditorum
1315 2451 1584 2500 suorum.
1671 2433 1774 2500 59.
1813 2435 1868 2494 A
1911 2449 2034 2508 quo
2073 2430 2206 2506 qui·

136 2517 279 2576 dem
308 2531 551 2589 genere,
585 2515 843 2593 iudices,
878 2533 995 2593 ego
1030 2533 1360 2591 numquam
1393 2516 1595 2591 timui,
1647 2533 1834 2592 quum
1863 2516 1923 2577 in
1965 2514 2068 2576 illa
2113 2515 2200 2574 rei

134 2598 425 2674 publicae
461 2606 823 2675 tempestate
861 2616 1159 2660 versarer.
1260 2600 1414 2661 Illud
1461 2609 1592 2662 erat
1639 2599 1956 2666 hominnm
2005 2614 2202 2673 genus

133 2681 425 2742 horribile
456 2689 517 2742 et
544 2684 1127 2758 pertimescendum,
1175 2682 1280 2759 qui
1321 2691 1488 2746 tanto
1529 2699 1740 2745 amore
1775 2699 1918 2746 suas
1947 2695 2204 2758 posses-

134 2762 350 2825 siones
392 2765 657 2839 amplexi
698 2767 1012 2838 tenebant,
1047 2774 1113 2827 ut
1138 2766 1217 2828 ab
1246 2765 1324 2826 iis
1355 2766 1628 2828 membra
1667 2764 1845 2830 citius
1889 2763 2094 2832 divelli
2129 2778 2204 2822 ac

133 2845 392 2906 distrahi
423 2863 615 2921 posse
643 2847 901 2911 diceres.
990 2846 1203 2909 Sittius
1244 2865 1576 2923 numquam
1617 2847 1736 2908 sibi
1777 2845 2206 2922 cognationem

134 2944 276 2990 cum
304 2929 573 3005 praediis
604 2947 747 2995 esse
776 2929 1143 2992 existimavit
1177 2930 1328 2992 suis.
1412 2932 1625 3005 ltaque
1655 2946 1726 2990 se
1755 2946 1876 2991 non
1907 2929 2093 2993 modo
2125 2944 2205 2990 ex

133 3012 479 3089 suspitione
522 3013 666 3076 tanti
696 3014 968 3087 sceleris,
992 3030 1201 3074 verum
1232 3013 1414 3075 etiam
1437 3030 1513 3074 ex
1546 3014 1708 3076 omni
1736 3011 2046 3079 homiuum
2073 3026 2202 3073 ser·

133 3112 315 3161 mone
344 3115 465 3158 non
496 3098 699 3172 armiS,
734 3098 845 3160 sed
876 3095 1240 3173 patrimonio
1270 3113 1384 3158 suo
1415 3095 1764 3159 vindicavit.

296 3181 452 3242 XXI.
471 3180 717 3244 60.1am
749 3195 895 3242 vero
926 3181 1090 3256 quod
1123 3179 1363 3254 obiecit,
1377 3178 1783 3254 Pompeianos
1811 3193 1956 3242 ease
1981 3174 2204 3242 aSulla

134 3259 455 3338 impulsor„
483 3273 551 3325 ut
576 3266 657 3326 ad
684 3262 863 3326 istam
886 3263 1368 3326 coniurationem
1407 3269 1591 3338 atque
1631 3263 1712 3324 ad
1740 3262 1862 3322 hoc
1903 3256 2201 3318 nefarium

135 3345 373 3408 facinus
398 3348 779 3421 accederent,
810 3347 875 3408 id
904 3346 1079 3408 cuius
1103 3346 1270 3407 modi
1301 3345 1378 3406 sit
1399 3345 1739 3485 intelligere}
1749 3359 1883 3460 ³{lon
1916 3356 2200 3416 possum.
